<?xml version="1.0" encoding="UTF-8"?>
<!DOCTYPE html PUBLIC "-//W3C//DTD XHTML 1.0 Transitional//EN"
    "http://www.w3.org/TR/xhtml1/DTD/xhtml1-transitional.dtd">
<html xmlns="http://www.w3.org/1999/xhtml" xml:lang="en" lang="en">
 <head>
  <title>
</title>
<meta http-equiv="Content-Type" content="text/html;charset=utf-8" />
  <meta name='ocr-system' content='tesseract 3.04.00' />
  <meta name='ocr-capabilities' content='ocr_page ocr_carea ocr_par ocr_line ocrx_word'/>
</head>
<body>
  <div class='ocr_page' id='page_1' title='image "./monumentareform00unkngoog_0525.png"; bbox 0 0 3425 5700; ppageno 0'>
   <div class='ocr_carea' id='block_1_1' title="bbox 649 541 896 597">
    <p class='ocr_par' dir='ltr' id='par_1_1' title="bbox 649 541 896 597">
     <span class='ocr_line' id='line_1_1' title="bbox 649 541 896 597; baseline -0.008 0"><span class='ocrx_word' id='word_1_1' title='bbox 649 541 896 597; x_wconf 48' lang='lat' dir='ltr'>enter&amp;</span> 
     </span>
    </p>
   </div>
   <div class='ocr_carea' id='block_1_2' title="bbox 131 687 1415 2038">
    <p class='ocr_par' dir='ltr' id='par_1_2' title="bbox 131 687 1415 1839">
     <span class='ocr_line' id='line_1_2' title="bbox 133 687 1412 770; baseline -0.001 -19"><span class='ocrx_word' id='word_1_2' title='bbox 133 688 322 751; x_wconf 87' lang='lat' dir='ltr'>clementia</span> <span class='ocrx_word' id='word_1_3' title='bbox 345 708 416 751; x_wconf 93' lang='lat' dir='ltr'>non</span> <span class='ocrx_word' id='word_1_4' title='bbox 441 696 576 750; x_wconf 90' lang='lat' dir='ltr'>tantum</span> <span class='ocrx_word' id='word_1_5' title='bbox 601 696 769 769; x_wconf 90' lang='lat' dir='ltr'>quantum</span> <span class='ocrx_word' id='word_1_6' title='bbox 795 688 919 750; x_wconf 82' lang='lat' dir='ltr'>debuit</span> <span class='ocrx_word' id='word_1_7' title='bbox 943 687 1116 769; x_wconf 84' lang='lat' dir='ltr'>prodesse</span> <span class='ocrx_word' id='word_1_8' title='bbox 1149 687 1185 750; x_wconf 89' lang='lat' dir='ltr'>in</span> <span class='ocrx_word' id='word_1_9' title='bbox 1211 696 1311 750; x_wconf 83' lang='lat' dir='ltr'>tanta</span> <span class='ocrx_word' id='word_1_10' title='bbox 1335 709 1412 770; x_wconf 89' lang='lat' dir='ltr'>per-</span> 
     </span>
     <span class='ocr_line' id='line_1_3' title="bbox 132 793 1414 876; baseline 0 -21"><span class='ocrx_word' id='word_1_11' title='bbox 132 794 337 857; x_wconf 84' lang='lat' dir='ltr'>turbatione</span> <span class='ocrx_word' id='word_1_12' title='bbox 360 803 560 876; x_wconf 90' lang='lat' dir='ltr'>temporum</span> <span class='ocrx_word' id='word_1_13' title='bbox 574 793 718 876; x_wconf 83' lang='lat' dir='ltr'>profuit,</span> <span class='ocrx_word' id='word_1_14' title='bbox 743 794 924 876; x_wconf 84' lang='lat' dir='ltr'><strong>suscipere</strong></span> <span class='ocrx_word' id='word_1_15' title='bbox 946 804 1066 876; x_wconf 86' lang='lat' dir='ltr'>partes</span> <span class='ocrx_word' id='word_1_16' title='bbox 1083 804 1119 856; x_wconf 89' lang='lat' dir='ltr'>et</span> <span class='ocrx_word' id='word_1_17' title='bbox 1134 794 1269 858; x_wconf 89' lang='lat' dir='ltr'>animos</span> <span class='ocrx_word' id='word_1_18' title='bbox 1292 793 1414 858; x_wconf 91' lang='lat' dir='ltr'>invicti</span> 
     </span>
     <span class='ocr_line' id='line_1_4' title="bbox 134 901 1413 985; baseline 0 -21"><span class='ocrx_word' id='word_1_19' title='bbox 134 901 298 964; x_wconf 81' lang='lat' dir='ltr'>Caesaris</span> <span class='ocrx_word' id='word_1_20' title='bbox 323 901 413 964; x_wconf 89' lang='lat' dir='ltr'>velis</span> <span class='ocrx_word' id='word_1_21' title='bbox 436 922 479 964; x_wconf 89' lang='lat' dir='ltr'>ac</span> <span class='ocrx_word' id='word_1_22' title='bbox 503 901 693 964; x_wconf 87' lang='lat' dir='ltr'>severitate</span> <span class='ocrx_word' id='word_1_23' title='bbox 718 910 754 963; x_wconf 91' lang='lat' dir='ltr'>et</span> <span class='ocrx_word' id='word_1_24' title='bbox 777 901 926 983; x_wconf 91' lang='lat' dir='ltr'>imperio</span> <span class='ocrx_word' id='word_1_25' title='bbox 951 901 1111 982; x_wconf 87' lang='lat' dir='ltr'>efficere,</span> <span class='ocrx_word' id='word_1_26' title='bbox 1136 913 1175 965; x_wconf 92' lang='lat' dir='ltr'>ut</span> <span class='ocrx_word' id='word_1_27' title='bbox 1197 903 1285 966; x_wconf 89' lang='lat' dir='ltr'>haec</span> <span class='ocrx_word' id='word_1_28' title='bbox 1309 902 1413 985; x_wconf 90' lang='lat' dir='ltr'>pesti-</span> 
     </span>
     <span class='ocr_line' id='line_1_5' title="bbox 132 1008 1412 1092; baseline 0.002 -22"><span class='ocrx_word' id='word_1_29' title='bbox 132 1008 210 1070; x_wconf 80' lang='lat' dir='ltr'>fera</span> <span class='ocrx_word' id='word_1_30' title='bbox 233 1029 382 1090; x_wconf 86' lang='lat' dir='ltr'>serpens</span> <span class='ocrx_word' id='word_1_31' title='bbox 406 1029 497 1090; x_wconf 92' lang='lat' dir='ltr'>quae</span> <span class='ocrx_word' id='word_1_32' title='bbox 522 1009 641 1071; x_wconf 89' lang='lat' dir='ltr'>omnia</span> <span class='ocrx_word' id='word_1_33' title='bbox 663 1010 749 1071; x_wconf 85' lang='lat' dir='ltr'>tabe</span> <span class='ocrx_word' id='word_1_34' title='bbox 773 1018 808 1072; x_wconf 90' lang='lat' dir='ltr'>et</span> <span class='ocrx_word' id='word_1_35' title='bbox 831 1028 971 1072; x_wconf 88' lang='lat' dir='ltr'>veneno</span> <span class='ocrx_word' id='word_1_36' title='bbox 988 1009 1179 1092; x_wconf 82' lang='lat' dir='ltr'>permiscet</span> <span class='ocrx_word' id='word_1_37' title='bbox 1202 1019 1309 1092; x_wconf 89' lang='lat' dir='ltr'>atque</span> <span class='ocrx_word' id='word_1_38' title='bbox 1334 1030 1412 1073; x_wconf 91' lang='lat' dir='ltr'>con·</span> 
     </span>
     <span class='ocr_line' id='line_1_6' title="bbox 131 1115 1413 1198; baseline 0.001 -20"><span class='ocrx_word' id='word_1_39' title='bbox 131 1118 253 1179; x_wconf 90' lang='lat' dir='ltr'>turbat</span> <span class='ocrx_word' id='word_1_40' title='bbox 283 1117 375 1178; x_wconf 86' lang='lat' dir='ltr'>iusta</span> <span class='ocrx_word' id='word_1_41' title='bbox 405 1116 714 1180; x_wconf 87' lang='lat' dir='ltr'>animadversione</span> <span class='ocrx_word' id='word_1_42' title='bbox 748 1115 834 1179; x_wconf 91' lang='lat' dir='ltr'>elisa</span> <span class='ocrx_word' id='word_1_43' title='bbox 867 1126 973 1198; x_wconf 88' lang='lat' dir='ltr'>atque</span> <span class='ocrx_word' id='word_1_44' title='bbox 999 1116 1191 1198; x_wconf 86' lang='lat' dir='ltr'>confracta,</span> <span class='ocrx_word' id='word_1_45' title='bbox 1222 1117 1413 1198; x_wconf 87' lang='lat' dir='ltr'>aliquando</span> 
     </span>
     <span class='ocr_line' id='line_1_7' title="bbox 132 1222 1415 1306; baseline 0 -21"><span class='ocrx_word' id='word_1_46' title='bbox 132 1243 212 1285; x_wconf 92' lang='lat' dir='ltr'>cum</span> <span class='ocrx_word' id='word_1_47' title='bbox 248 1222 475 1286; x_wconf 73' lang='lat' dir='ltr'>Germaniam</span> <span class='ocrx_word' id='word_1_48' title='bbox 507 1224 621 1306; x_wconf 89' lang='lat' dir='ltr'>ipsam</span> <span class='ocrx_word' id='word_1_49' title='bbox 657 1225 779 1286; x_wconf 92' lang='lat' dir='ltr'>sedem</span> <span class='ocrx_word' id='word_1_50' title='bbox 814 1225 860 1286; x_wconf 82' lang='lat' dir='ltr'>ad</span> <span class='ocrx_word' id='word_1_51' title='bbox 893 1222 1158 1287; x_wconf 82' lang='lat' dir='ltr'>fundamentum</span> <span class='ocrx_word' id='word_1_52' title='bbox 1192 1223 1329 1306; x_wconf 88' lang='lat' dir='ltr'>imperii</span> <span class='ocrx_word' id='word_1_53' title='bbox 1364 1222 1415 1286; x_wconf 89' lang='lat' dir='ltr'>tui</span> 
     </span>
     <span class='ocr_line' id='line_1_8' title="bbox 132 1329 1413 1412; baseline 0 -20"><span class='ocrx_word' id='word_1_54' title='bbox 132 1340 205 1392; x_wconf 94' lang='lat' dir='ltr'>tum</span> <span class='ocrx_word' id='word_1_55' title='bbox 237 1331 438 1392; x_wconf 88' lang='lat' dir='ltr'>universam</span> <span class='ocrx_word' id='word_1_56' title='bbox 473 1329 766 1393; x_wconf 77' lang='lat' dir='ltr'>christianitatem</span> <span class='ocrx_word' id='word_1_57' title='bbox 799 1330 947 1393; x_wconf 83' lang='lat' dir='ltr'>liberam</span> <span class='ocrx_word' id='word_1_58' title='bbox 977 1339 1212 1412; x_wconf 88' lang='lat' dir='ltr'>pacatamque</span> <span class='ocrx_word' id='word_1_59' title='bbox 1244 1329 1413 1393; x_wconf 87' lang='lat' dir='ltr'>dimittat:</span> 
     </span>
     <span class='ocr_line' id='line_1_9' title="bbox 132 1437 1414 1520; baseline 0.005 -27"><span class='ocrx_word' id='word_1_60' title='bbox 132 1437 310 1516; x_wconf 77' lang='lat' dir='ltr'>Quoniam</span> <span class='ocrx_word' id='word_1_61' title='bbox 334 1437 363 1499; x_wconf 88' lang='lat' dir='ltr'>si</span> <span class='ocrx_word' id='word_1_62' title='bbox 386 1437 442 1499; x_wconf 92' lang='lat' dir='ltr'>his</span> <span class='ocrx_word' id='word_1_63' title='bbox 466 1447 667 1520; x_wconf 87' lang='lat' dir='ltr'>opportune</span> <span class='ocrx_word' id='word_1_64' title='bbox 692 1457 762 1500; x_wconf 90' lang='lat' dir='ltr'>non</span> <span class='ocrx_word' id='word_1_65' title='bbox 784 1446 989 1500; x_wconf 88' lang='lat' dir='ltr'>occurratur</span> <span class='ocrx_word' id='word_1_66' title='bbox 1013 1437 1113 1500; x_wconf 87' lang='lat' dir='ltr'>malis</span> <span class='ocrx_word' id='word_1_67' title='bbox 1137 1438 1295 1520; x_wconf 90' lang='lat' dir='ltr'>graviter</span> <span class='ocrx_word' id='word_1_68' title='bbox 1319 1438 1414 1500; x_wconf 91' lang='lat' dir='ltr'>time·</span> 
     </span>
     <span class='ocr_line' id='line_1_10' title="bbox 134 1543 1414 1626; baseline -0.001 -20"><span class='ocrx_word' id='word_1_69' title='bbox 134 1563 223 1622; x_wconf 86' lang='lat' dir='ltr'>mus,</span> <span class='ocrx_word' id='word_1_70' title='bbox 248 1565 293 1607; x_wconf 88' lang='lat' dir='ltr'>ne</span> <span class='ocrx_word' id='word_1_71' title='bbox 318 1553 446 1607; x_wconf 87' lang='lat' dir='ltr'>cuncta</span> <span class='ocrx_word' id='word_1_72' title='bbox 469 1544 504 1606; x_wconf 92' lang='lat' dir='ltr'>in</span> <span class='ocrx_word' id='word_1_73' title='bbox 529 1565 635 1606; x_wconf 92' lang='lat' dir='ltr'>unam</span> <span class='ocrx_word' id='word_1_74' title='bbox 666 1547 919 1626; x_wconf 87' lang='lat' dir='ltr'>pertrahantur</span> <span class='ocrx_word' id='word_1_75' title='bbox 952 1544 1106 1624; x_wconf 88' lang='lat' dir='ltr'>ruinam,</span> <span class='ocrx_word' id='word_1_76' title='bbox 1140 1545 1229 1607; x_wconf 91' lang='lat' dir='ltr'>sicut</span> <span class='ocrx_word' id='word_1_77' title='bbox 1259 1547 1304 1606; x_wconf 90' lang='lat' dir='ltr'>ab</span> <span class='ocrx_word' id='word_1_78' title='bbox 1335 1543 1414 1625; x_wconf 88' lang='lat' dir='ltr'>ipso</span> 
     </span>
     <span class='ocr_line' id='line_1_11' title="bbox 136 1649 1414 1733; baseline -0.001 -21"><span class='ocrx_word' id='word_1_79' title='bbox 136 1651 350 1713; x_wconf 88' lang='lat' dir='ltr'>Baldassare</span> <span class='ocrx_word' id='word_1_80' title='bbox 374 1651 504 1713; x_wconf 90' lang='lat' dir='ltr'>nuncio</span> <span class='ocrx_word' id='word_1_81' title='bbox 529 1662 650 1714; x_wconf 84' lang='lat' dir='ltr'>nostro</span> <span class='ocrx_word' id='word_1_82' title='bbox 676 1649 857 1714; x_wconf 87' lang='lat' dir='ltr'>Serenitas</span> <span class='ocrx_word' id='word_1_83' title='bbox 882 1661 942 1714; x_wconf 91' lang='lat' dir='ltr'>tua</span> <span class='ocrx_word' id='word_1_84' title='bbox 970 1650 1121 1733; x_wconf 86' lang='lat' dir='ltr'>amplius</span> <span class='ocrx_word' id='word_1_85' title='bbox 1153 1650 1329 1732; x_wconf 85' lang='lat' dir='ltr'>intelliget</span> <span class='ocrx_word' id='word_1_86' title='bbox 1359 1650 1414 1711; x_wconf 93' lang='lat' dir='ltr'>cui</span> 
     </span>
     <span class='ocr_line' id='line_1_12' title="bbox 132 1758 1200 1839; baseline 0.002 -21"><span class='ocrx_word' id='word_1_87' title='bbox 132 1758 241 1820; x_wconf 84' lang='lat' dir='ltr'>tidem</span> <span class='ocrx_word' id='word_1_88' title='bbox 266 1769 301 1821; x_wconf 92' lang='lat' dir='ltr'>et</span> <span class='ocrx_word' id='word_1_89' title='bbox 325 1758 556 1821; x_wconf 88' lang='lat' dir='ltr'>attentionem</span> <span class='ocrx_word' id='word_1_90' title='bbox 580 1758 686 1820; x_wconf 90' lang='lat' dir='ltr'>animi</span> <span class='ocrx_word' id='word_1_91' title='bbox 709 1761 863 1838; x_wconf 89' lang='lat' dir='ltr'>prebere</span> <span class='ocrx_word' id='word_1_92' title='bbox 887 1778 959 1821; x_wconf 90' lang='lat' dir='ltr'>non</span> <span class='ocrx_word' id='word_1_93' title='bbox 983 1759 1200 1839; x_wconf 88' lang='lat' dir='ltr'>gravabitur.</span> 
     </span>
    </p>

    <p class='ocr_par' dir='ltr' id='par_1_3' title="bbox 132 1863 1414 2038">
     <span class='ocr_line' id='line_1_13' title="bbox 228 1863 1414 1947; baseline -0.002 -20"><span class='ocrx_word' id='word_1_94' title='bbox 228 1866 356 1928; x_wconf 89' lang='lat' dir='ltr'>Datum</span> <span class='ocrx_word' id='word_1_95' title='bbox 387 1867 528 1929; x_wconf 89' lang='lat' dir='ltr'>Romae</span> <span class='ocrx_word' id='word_1_96' title='bbox 561 1875 627 1929; x_wconf 82' lang='lat' dir='ltr'>etc.</span> <span class='ocrx_word' id='word_1_97' title='bbox 659 1865 715 1928; x_wconf 91' lang='lat' dir='ltr'>die</span> <span class='ocrx_word' id='word_1_98' title='bbox 749 1866 900 1947; x_wconf 87' lang='lat' dir='ltr'>septima</span> <span class='ocrx_word' id='word_1_99' title='bbox 932 1863 1027 1944; x_wconf 91' lang='lat' dir='ltr'>Junii</span> <span class='ocrx_word' id='word_1_100' title='bbox 1059 1863 1260 1928; x_wconf 87' lang='lat' dir='ltr'><strong>MDXXV.</strong></span> <span class='ocrx_word' id='word_1_101' title='bbox 1308 1864 1414 1926; x_wconf 91' lang='lat' dir='ltr'>Anno</span> 
     </span>
     <span class='ocr_line' id='line_1_14' title="bbox 132 1971 314 2038; baseline 0.016 -3"><span class='ocrx_word' id='word_1_102' title='bbox 132 1971 314 2038; x_wconf 84' lang='lat' dir='ltr'>Secundo.</span> 
     </span>
    </p>
   </div>
   <div class='ocr_carea' id='block_1_3' title="bbox 747 2435 811 2500">
    <p class='ocr_par' dir='ltr' id='par_1_4' title="bbox 747 2435 811 2500">
     <span class='ocr_line' id='line_1_15' title="bbox 747 2435 811 2500; baseline 0.016 -1"><span class='ocrx_word' id='word_1_103' title='bbox 747 2435 811 2500; x_wconf 80' lang='lat'>223</span> 
     </span>
    </p>
   </div>
   <div class='ocr_carea' id='block_1_4' title="bbox 569 2483 981 2653">
    <p class='ocr_par' dir='ltr' id='par_1_5' title="bbox 569 2483 981 2653">
     <span class='ocr_line' id='line_1_16' title="bbox 569 2483 981 2653; baseline 0.002 -22"><span class='ocrx_word' id='word_1_104' title='bbox 569 2551 781 2653; x_wconf 71' lang='lat' dir='ltr'>campagus</span> <span class='ocrx_word' id='word_1_105' title='bbox 809 2483 981 2632; x_wconf 68' lang='lat' dir='ltr'>sadum.</span> 
     </span>
    </p>
   </div>
   <div class='ocr_carea' id='block_1_5' title="bbox 542 2697 1005 2887">
    <p class='ocr_par' dir='ltr' id='par_1_6' title="bbox 542 2697 1005 2887">
     <span class='ocr_line' id='line_1_17' title="bbox 542 2697 1005 2768; baseline 0.009 -11"><span class='ocrx_word' id='word_1_106' title='bbox 542 2699 683 2768; x_wconf 63' lang='lat' dir='ltr'>(limidi.</span> <span class='ocrx_word' id='word_1_107' title='bbox 702 2698 828 2758; x_wconf 64' lang='lat' dir='ltr'>(ioman.</span> <span class='ocrx_word' id='word_1_108' title='bbox 846 2697 922 2756; x_wconf 76' lang='lat' dir='ltr'>un.</span> <span class='ocrx_word' id='word_1_109' title='bbox 939 2698 1005 2762; x_wconf 77' lang='lat'>20³.)</span> 
     </span>
     <span class='ocr_line' id='line_1_18' title="bbox 644 2816 912 2887; baseline 0.004 -19"><span class='ocrx_word' id='word_1_110' title='bbox 644 2816 697 2887; x_wconf 89' lang='lat'>(18.</span> <span class='ocrx_word' id='word_1_111' title='bbox 718 2819 801 2885; x_wconf 90' lang='lat' dir='ltr'>Junii.</span> <span class='ocrx_word' id='word_1_112' title='bbox 823 2817 912 2887; x_wconf 85' lang='lat'>1525.)</span> 
     </span>
    </p>
   </div>
   <div class='ocr_carea' id='block_1_6' title="bbox 141 2941 1428 4949">
    <p class='ocr_par' dir='ltr' id='par_1_7' title="bbox 141 2941 1428 4949">
     <span class='ocr_line' id='line_1_19' title="bbox 314 2941 1422 3006; baseline -0.003 -0.211"><span class='ocrx_word' id='word_1_113' title='bbox 314 2942 417 3006; x_wconf 89' lang='lat' dir='ltr'>Circa</span> <span class='ocrx_word' id='word_1_114' title='bbox 460 2942 484 3005; x_wconf 94' lang='lat' dir='ltr'>li</span> <span class='ocrx_word' id='word_1_115' title='bbox 521 2944 662 3006; x_wconf 90' lang='lat' dir='ltr'>tumulti</span> <span class='ocrx_word' id='word_1_116' title='bbox 700 2943 735 3005; x_wconf 93' lang='lat' dir='ltr'>di</span> <span class='ocrx_word' id='word_1_117' title='bbox 767 2942 959 3006; x_wconf 88' lang='lat' dir='ltr'>Germania</span> <span class='ocrx_word' id='word_1_118' title='bbox 992 2951 1027 3004; x_wconf 93' lang='lat' dir='ltr'>et</span> <span class='ocrx_word' id='word_1_119' title='bbox 1057 2942 1211 3005; x_wconf 83' lang='lat' dir='ltr'>maxime</span> <span class='ocrx_word' id='word_1_120' title='bbox 1243 2951 1367 3003; x_wconf 88' lang='lat' dir='ltr'>contra</span> <span class='ocrx_word' id='word_1_121' title='bbox 1396 2941 1422 3003; x_wconf 93' lang='lat' dir='ltr'>il</span> 
     </span>
     <span class='ocr_line' id='line_1_20' title="bbox 142 3048 1422 3132; baseline -0.003 -19"><span class='ocrx_word' id='word_1_122' title='bbox 142 3050 309 3132; x_wconf 90' lang='lat' dir='ltr'>Principe</span> <span class='ocrx_word' id='word_1_123' title='bbox 334 3049 376 3111; x_wconf 70' lang='lat' dir='ltr'>N.</span> <span class='ocrx_word' id='word_1_124' title='bbox 402 3048 437 3113; x_wconf 89' lang='lat' dir='ltr'>S.</span> <span class='ocrx_word' id='word_1_125' title='bbox 465 3061 501 3112; x_wconf 90' lang='lat' dir='ltr'>et</span> <span class='ocrx_word' id='word_1_126' title='bbox 524 3050 568 3113; x_wconf 89' lang='lat' dir='ltr'>V.</span> <span class='ocrx_word' id='word_1_127' title='bbox 594 3048 630 3113; x_wconf 91' lang='lat' dir='ltr'>S.</span> <span class='ocrx_word' id='word_1_128' title='bbox 655 3052 837 3114; x_wconf 85' lang='lat' dir='ltr'>haverano</span> <span class='ocrx_word' id='word_1_129' title='bbox 869 3051 929 3132; x_wconf 91' lang='lat' dir='ltr'>poi</span> <span class='ocrx_word' id='word_1_130' title='bbox 960 3051 1075 3114; x_wconf 90' lang='lat' dir='ltr'>inteso</span> <span class='ocrx_word' id='word_1_131' title='bbox 1105 3049 1128 3111; x_wconf 92' lang='lat' dir='ltr'>il</span> <span class='ocrx_word' id='word_1_132' title='bbox 1158 3048 1297 3131; x_wconf 89' lang='lat' dir='ltr'>seguito</span> <span class='ocrx_word' id='word_1_133' title='bbox 1330 3057 1422 3110; x_wconf 90' lang='lat' dir='ltr'>tutto</span> 
     </span>
     <span class='ocr_line' id='line_1_21' title="bbox 142 3154 1422 3239; baseline -0.002 -20"><span class='ocrx_word' id='word_1_134' title='bbox 142 3168 180 3220; x_wconf 89' lang='lat' dir='ltr'>et</span> <span class='ocrx_word' id='word_1_135' title='bbox 201 3159 238 3219; x_wconf 89' lang='lat' dir='ltr'>la</span> <span class='ocrx_word' id='word_1_136' title='bbox 260 3178 345 3220; x_wconf 85' lang='lat' dir='ltr'>cosa</span> <span class='ocrx_word' id='word_1_137' title='bbox 374 3177 463 3238; x_wconf 90' lang='lat' dir='ltr'>pare</span> <span class='ocrx_word' id='word_1_138' title='bbox 494 3158 561 3219; x_wconf 88' lang='lat' dir='ltr'>che</span> <span class='ocrx_word' id='word_1_139' title='bbox 595 3158 715 3239; x_wconf 90' lang='lat' dir='ltr'>penda</span> <span class='ocrx_word' id='word_1_140' title='bbox 747 3157 781 3219; x_wconf 93' lang='lat' dir='ltr'>in</span> <span class='ocrx_word' id='word_1_141' title='bbox 818 3157 853 3219; x_wconf 90' lang='lat' dir='ltr'>la</span> <span class='ocrx_word' id='word_1_142' title='bbox 888 3156 984 3219; x_wconf 85' lang='lat' dir='ltr'>dieta</span> <span class='ocrx_word' id='word_1_143' title='bbox 1021 3158 1086 3219; x_wconf 91' lang='lat' dir='ltr'>che</span> <span class='ocrx_word' id='word_1_144' title='bbox 1120 3157 1209 3219; x_wconf 90' lang='lat' dir='ltr'>hora</span> <span class='ocrx_word' id='word_1_145' title='bbox 1242 3156 1352 3218; x_wconf 89' lang='lat' dir='ltr'>fanno</span> <span class='ocrx_word' id='word_1_146' title='bbox 1387 3154 1422 3216; x_wconf 91' lang='lat' dir='ltr'>in</span> 
     </span>
     <span class='ocr_line' id='line_1_22' title="bbox 142 3262 1424 3347; baseline -0.004 -20"><span class='ocrx_word' id='word_1_147' title='bbox 142 3266 318 3347; x_wconf 90' lang='lat' dir='ltr'>Inspruck</span> <span class='ocrx_word' id='word_1_148' title='bbox 342 3272 379 3325; x_wconf 90' lang='lat' dir='ltr'>et</span> <span class='ocrx_word' id='word_1_149' title='bbox 402 3264 436 3326; x_wconf 92' lang='lat' dir='ltr'>io</span> <span class='ocrx_word' id='word_1_150' title='bbox 462 3264 586 3328; x_wconf 92' lang='lat' dir='ltr'>dubito</span> <span class='ocrx_word' id='word_1_151' title='bbox 611 3266 677 3327; x_wconf 89' lang='lat' dir='ltr'>che</span> <span class='ocrx_word' id='word_1_152' title='bbox 694 3264 714 3326; x_wconf 91' lang='lat' dir='ltr'>&#39;l</span> <span class='ocrx_word' id='word_1_153' title='bbox 740 3266 809 3326; x_wconf 88' lang='lat' dir='ltr'>mal</span> <span class='ocrx_word' id='word_1_154' title='bbox 833 3264 1006 3345; x_wconf 91' lang='lat' dir='ltr'>consiglio</span> <span class='ocrx_word' id='word_1_155' title='bbox 1032 3284 1101 3327; x_wconf 89' lang='lat' dir='ltr'>non</span> <span class='ocrx_word' id='word_1_156' title='bbox 1127 3262 1228 3345; x_wconf 90' lang='lat' dir='ltr'>operi</span> <span class='ocrx_word' id='word_1_157' title='bbox 1244 3271 1280 3324; x_wconf 92' lang='lat' dir='ltr'>et</span> <span class='ocrx_word' id='word_1_158' title='bbox 1296 3262 1424 3323; x_wconf 91' lang='lat' dir='ltr'>induca</span> 
     </span>
     <span class='ocr_line' id='line_1_23' title="bbox 142 3369 1425 3452; baseline -0.003 -19"><span class='ocrx_word' id='word_1_159' title='bbox 142 3370 182 3434; x_wconf 83' lang='lat' dir='ltr'>S.</span> <span class='ocrx_word' id='word_1_160' title='bbox 207 3369 299 3433; x_wconf 72' lang='lat' dir='ltr'>Ser‘²</span> <span class='ocrx_word' id='word_1_161' title='bbox 323 3392 345 3432; x_wconf 92' lang='lat' dir='ltr'>a</span> <span class='ocrx_word' id='word_1_162' title='bbox 369 3372 519 3452; x_wconf 89' lang='lat' dir='ltr'>qualche</span> <span class='ocrx_word' id='word_1_163' title='bbox 544 3391 628 3432; x_wconf 91' lang='lat' dir='ltr'>cosa</span> <span class='ocrx_word' id='word_1_164' title='bbox 653 3392 732 3434; x_wconf 93' lang='lat' dir='ltr'>men</span> <span class='ocrx_word' id='word_1_165' title='bbox 757 3371 877 3452; x_wconf 84' lang='lat' dir='ltr'>degna</span> <span class='ocrx_word' id='word_1_166' title='bbox 901 3370 936 3431; x_wconf 93' lang='lat' dir='ltr'>di</span> <span class='ocrx_word' id='word_1_167' title='bbox 961 3391 1019 3449; x_wconf 86' lang='lat' dir='ltr'>se,</span> <span class='ocrx_word' id='word_1_168' title='bbox 1049 3377 1085 3432; x_wconf 91' lang='lat' dir='ltr'>et</span> <span class='ocrx_word' id='word_1_169' title='bbox 1117 3369 1152 3431; x_wconf 95' lang='lat' dir='ltr'>in</span> <span class='ocrx_word' id='word_1_170' title='bbox 1182 3378 1273 3433; x_wconf 89' lang='lat' dir='ltr'>tutto</span> <span class='ocrx_word' id='word_1_171' title='bbox 1298 3388 1425 3431; x_wconf 89' lang='lat' dir='ltr'>aversa</span> 
     </span>
     <span class='ocr_line' id='line_1_24' title="bbox 143 3476 1426 3558; baseline -0.005 -17"><span class='ocrx_word' id='word_1_172' title='bbox 143 3490 181 3541; x_wconf 90' lang='lat' dir='ltr'>et</span> <span class='ocrx_word' id='word_1_173' title='bbox 206 3478 382 3541; x_wconf 91' lang='lat' dir='ltr'>contraria</span> <span class='ocrx_word' id='word_1_174' title='bbox 406 3478 477 3539; x_wconf 88' lang='lat' dir='ltr'>allo</span> <span class='ocrx_word' id='word_1_175' title='bbox 501 3477 618 3539; x_wconf 89' lang='lat' dir='ltr'>animo</span> <span class='ocrx_word' id='word_1_176' title='bbox 643 3497 706 3540; x_wconf 94' lang='lat' dir='ltr'>suo</span> <span class='ocrx_word' id='word_1_177' title='bbox 738 3481 874 3558; x_wconf 91' lang='lat' dir='ltr'>buono,</span> <span class='ocrx_word' id='word_1_178' title='bbox 905 3497 1005 3540; x_wconf 91' lang='lat' dir='ltr'>come</span> <span class='ocrx_word' id='word_1_179' title='bbox 1041 3477 1070 3539; x_wconf 90' lang='lat' dir='ltr'>si</span> <span class='ocrx_word' id='word_1_180' title='bbox 1103 3477 1194 3539; x_wconf 88' lang='lat' dir='ltr'>vede</span> <span class='ocrx_word' id='word_1_181' title='bbox 1229 3476 1265 3538; x_wconf 93' lang='lat' dir='ltr'>in</span> <span class='ocrx_word' id='word_1_182' title='bbox 1301 3483 1426 3557; x_wconf 91' lang='lat' dir='ltr'>questo</span> 
     </span>
     <span class='ocr_line' id='line_1_25' title="bbox 142 3582 1428 3666; baseline -0.003 -19"><span class='ocrx_word' id='word_1_183' title='bbox 142 3584 337 3666; x_wconf 88' lang='lat' dir='ltr'>principio,</span> <span class='ocrx_word' id='word_1_184' title='bbox 371 3593 406 3645; x_wconf 89' lang='lat' dir='ltr'>et</span> <span class='ocrx_word' id='word_1_185' title='bbox 435 3585 572 3647; x_wconf 62' lang='lat' dir='ltr'>bench&amp;</span> <span class='ocrx_word' id='word_1_186' title='bbox 601 3584 650 3646; x_wconf 91' lang='lat' dir='ltr'>lui</span> <span class='ocrx_word' id='word_1_187' title='bbox 680 3584 782 3665; x_wconf 90' lang='lat' dir='ltr'>pensi</span> <span class='ocrx_word' id='word_1_188' title='bbox 806 3582 842 3646; x_wconf 94' lang='lat' dir='ltr'>di</span> <span class='ocrx_word' id='word_1_189' title='bbox 866 3583 1041 3666; x_wconf 86' lang='lat' dir='ltr'>ingannar</span> <span class='ocrx_word' id='word_1_190' title='bbox 1065 3583 1173 3665; x_wconf 88' lang='lat' dir='ltr'>quelli</span> <span class='ocrx_word' id='word_1_191' title='bbox 1196 3582 1336 3663; x_wconf 85' lang='lat' dir='ltr'>villani,</span> <span class='ocrx_word' id='word_1_192' title='bbox 1361 3601 1428 3663; x_wconf 92' lang='lat' dir='ltr'>pur</span> 
     </span>
     <span class='ocr_line' id='line_1_26' title="bbox 145 3689 1425 3774; baseline -0.003 -20"><span class='ocrx_word' id='word_1_193' title='bbox 145 3690 217 3754; x_wconf 90' lang='lat' dir='ltr'>Dio</span> <span class='ocrx_word' id='word_1_194' title='bbox 239 3712 278 3753; x_wconf 90' lang='lat' dir='ltr'>sa</span> <span class='ocrx_word' id='word_1_195' title='bbox 300 3712 340 3754; x_wconf 92' lang='lat' dir='ltr'>se</span> <span class='ocrx_word' id='word_1_196' title='bbox 363 3691 392 3753; x_wconf 86' lang='lat' dir='ltr'>si</span> <span class='ocrx_word' id='word_1_197' title='bbox 417 3691 520 3772; x_wconf 74' lang='lat' dir='ltr'>potra</span> <span class='ocrx_word' id='word_1_198' title='bbox 544 3690 621 3755; x_wconf 86' lang='lat' dir='ltr'>fare</span> <span class='ocrx_word' id='word_1_199' title='bbox 645 3692 705 3774; x_wconf 92' lang='lat' dir='ltr'>poi</span> <span class='ocrx_word' id='word_1_200' title='bbox 730 3713 751 3754; x_wconf 93' lang='lat' dir='ltr'>a</span> <span class='ocrx_word' id='word_1_201' title='bbox 774 3700 894 3772; x_wconf 89' lang='lat' dir='ltr'>tempo</span> <span class='ocrx_word' id='word_1_202' title='bbox 920 3701 956 3754; x_wconf 92' lang='lat' dir='ltr'>et</span> <span class='ocrx_word' id='word_1_203' title='bbox 980 3691 1124 3753; x_wconf 90' lang='lat' dir='ltr'>comesi</span> <span class='ocrx_word' id='word_1_204' title='bbox 1148 3689 1425 3771; x_wconf 79' lang='lat' dir='ltr'>pensa‚.perche</span> 
     </span>
     <span class='ocr_line' id='line_1_27' title="bbox 143 3796 1427 3881; baseline -0.002 -21"><span class='ocrx_word' id='word_1_205' title='bbox 143 3803 184 3862; x_wconf 84' lang='lat' dir='ltr'>la</span> <span class='ocrx_word' id='word_1_206' title='bbox 198 3810 321 3861; x_wconf 88' lang='lat' dir='ltr'>natura</span> <span class='ocrx_word' id='word_1_207' title='bbox 334 3810 369 3861; x_wconf 90' lang='lat' dir='ltr'>et</span> <span class='ocrx_word' id='word_1_208' title='bbox 386 3797 590 3860; x_wconf 87' lang='lat' dir='ltr'>movimenti</span> <span class='ocrx_word' id='word_1_209' title='bbox 606 3798 664 3860; x_wconf 89' lang='lat' dir='ltr'>dei</span> <span class='ocrx_word' id='word_1_210' title='bbox 679 3799 803 3881; x_wconf 92' lang='lat' dir='ltr'>populi</span> <span class='ocrx_word' id='word_1_211' title='bbox 818 3820 888 3861; x_wconf 92' lang='lat' dir='ltr'>non</span> <span class='ocrx_word' id='word_1_212' title='bbox 908 3800 936 3859; x_wconf 91' lang='lat' dir='ltr'>si</span> <span class='ocrx_word' id='word_1_213' title='bbox 956 3796 1027 3879; x_wconf 74' lang='lat' dir='ltr'>(sic)</span> <span class='ocrx_word' id='word_1_214' title='bbox 1046 3797 1249 3860; x_wconf 88' lang='lat' dir='ltr'>facilmente</span> <span class='ocrx_word' id='word_1_215' title='bbox 1263 3797 1427 3875; x_wconf 85' lang='lat' dir='ltr'>regolare</span> 
     </span>
     <span class='ocr_line' id='line_1_28' title="bbox 144 3902 1426 3969; baseline -0.005 0"><span class='ocrx_word' id='word_1_216' title='bbox 144 3925 248 3969; x_wconf 91' lang='lat' dir='ltr'>come</span> <span class='ocrx_word' id='word_1_217' title='bbox 271 3904 556 3968; x_wconf 76' lang='lat' dir='ltr'>ottimamentee</span> <span class='ocrx_word' id='word_1_218' title='bbox 588 3905 813 3969; x_wconf 89' lang='lat' dir='ltr'>considerato</span> <span class='ocrx_word' id='word_1_219' title='bbox 845 3907 891 3967; x_wconf 91' lang='lat' dir='ltr'>da</span> <span class='ocrx_word' id='word_1_220' title='bbox 919 3905 959 3967; x_wconf 93' lang='lat' dir='ltr'>N.</span> <span class='ocrx_word' id='word_1_221' title='bbox 991 3904 1027 3967; x_wconf 88' lang='lat' dir='ltr'>S.</span> <span class='ocrx_word' id='word_1_222' title='bbox 1062 3904 1096 3965; x_wconf 92' lang='lat' dir='ltr'>in</span> <span class='ocrx_word' id='word_1_223' title='bbox 1128 3906 1162 3967; x_wconf 89' lang='lat' dir='ltr'>la</span> <span class='ocrx_word' id='word_1_224' title='bbox 1194 3902 1426 3965; x_wconf 88' lang='lat' dir='ltr'>instructione</span> 
     </span>
     <span class='ocr_line' id='line_1_29' title="bbox 143 4009 1426 4093; baseline -0.005 -17"><span class='ocrx_word' id='word_1_225' title='bbox 143 4014 312 4076; x_wconf 86' lang='lat' dir='ltr'>mandata</span> <span class='ocrx_word' id='word_1_226' title='bbox 341 4012 377 4074; x_wconf 90' lang='lat' dir='ltr'>in</span> <span class='ocrx_word' id='word_1_227' title='bbox 407 4012 596 4093; x_wconf 86' lang='lat' dir='ltr'>Hispagna</span> <span class='ocrx_word' id='word_1_228' title='bbox 627 4021 663 4075; x_wconf 90' lang='lat' dir='ltr'>et</span> <span class='ocrx_word' id='word_1_229' title='bbox 697 4033 795 4075; x_wconf 88' lang='lat' dir='ltr'>come</span> <span class='ocrx_word' id='word_1_230' title='bbox 826 4011 886 4093; x_wconf 79' lang='lat' dir='ltr'>piu</span> <span class='ocrx_word' id='word_1_231' title='bbox 919 4013 1015 4075; x_wconf 88' lang='lat' dir='ltr'>volte</span> <span class='ocrx_word' id='word_1_232' title='bbox 1046 4012 1092 4073; x_wconf 93' lang='lat' dir='ltr'>ho</span> <span class='ocrx_word' id='word_1_233' title='bbox 1134 4009 1274 4089; x_wconf 90' lang='lat' dir='ltr'>scritto,</span> <span class='ocrx_word' id='word_1_234' title='bbox 1308 4010 1426 4091; x_wconf 91' lang='lat' dir='ltr'>quella</span> 
     </span>
     <span class='ocr_line' id='line_1_30' title="bbox 143 4116 1426 4201; baseline -0.003 -20"><span class='ocrx_word' id='word_1_235' title='bbox 143 4119 207 4181; x_wconf 81' lang='lat' dir='ltr'>via</span> <span class='ocrx_word' id='word_1_236' title='bbox 228 4119 273 4181; x_wconf 90' lang='lat' dir='ltr'>mi</span> <span class='ocrx_word' id='word_1_237' title='bbox 298 4138 386 4201; x_wconf 90' lang='lat' dir='ltr'>pare</span> <span class='ocrx_word' id='word_1_238' title='bbox 410 4118 514 4181; x_wconf 90' lang='lat' dir='ltr'>unica</span> <span class='ocrx_word' id='word_1_239' title='bbox 538 4121 571 4182; x_wconf 94' lang='lat' dir='ltr'>al</span> <span class='ocrx_word' id='word_1_240' title='bbox 595 4120 797 4201; x_wconf 90' lang='lat' dir='ltr'>provedere</span> <span class='ocrx_word' id='word_1_241' title='bbox 822 4140 842 4180; x_wconf 88' lang='lat' dir='ltr'>a</span> <span class='ocrx_word' id='word_1_242' title='bbox 861 4122 993 4200; x_wconf 70' lang='lat' dir='ltr'>&#39;queste</span> <span class='ocrx_word' id='word_1_243' title='bbox 1015 4116 1244 4197; x_wconf 86' lang='lat' dir='ltr'>fluctuationi,</span> <span class='ocrx_word' id='word_1_244' title='bbox 1270 4126 1367 4178; x_wconf 81' lang='lat' dir='ltr'>etse</span> <span class='ocrx_word' id='word_1_245' title='bbox 1391 4118 1426 4177; x_wconf 91' lang='lat' dir='ltr'>la</span> 
     </span>
     <span class='ocr_line' id='line_1_31' title="bbox 142 4224 1426 4307; baseline -0.004 -19"><span class='ocrx_word' id='word_1_246' title='bbox 142 4226 300 4289; x_wconf 87' lang='lat' dir='ltr'>Cesarea</span> <span class='ocrx_word' id='word_1_247' title='bbox 324 4225 463 4288; x_wconf 79' lang='lat' dir='ltr'>Maesta</span> <span class='ocrx_word' id='word_1_248' title='bbox 486 4226 609 4307; x_wconf 76' lang='lat' dir='ltr'>vorra,</span> <span class='ocrx_word' id='word_1_249' title='bbox 635 4246 734 4289; x_wconf 91' lang='lat' dir='ltr'>come</span> <span class='ocrx_word' id='word_1_250' title='bbox 759 4226 887 4306; x_wconf 82' lang='lat' dir='ltr'>credo,</span> <span class='ocrx_word' id='word_1_251' title='bbox 915 4235 1006 4288; x_wconf 90' lang='lat' dir='ltr'>tutto</span> <span class='ocrx_word' id='word_1_252' title='bbox 1038 4233 1163 4306; x_wconf 92' lang='lat' dir='ltr'>questo</span> <span class='ocrx_word' id='word_1_253' title='bbox 1187 4224 1293 4287; x_wconf 81' lang='lat' dir='ltr'>iuoco</span> <span class='ocrx_word' id='word_1_254' title='bbox 1318 4242 1426 4285; x_wconf 88' lang='lat' dir='ltr'>ancor</span> 
     </span>
     <span class='ocr_line' id='line_1_32' title="bbox 143 4332 1424 4415; baseline -0.004 -19"><span class='ocrx_word' id='word_1_255' title='bbox 143 4335 215 4397; x_wconf 88' lang='lat' dir='ltr'>che</span> <span class='ocrx_word' id='word_1_256' title='bbox 237 4334 288 4396; x_wconf 89' lang='lat' dir='ltr'>sia</span> <span class='ocrx_word' id='word_1_257' title='bbox 311 4334 449 4415; x_wconf 87' lang='lat' dir='ltr'>grande</span> <span class='ocrx_word' id='word_1_258' title='bbox 473 4334 619 4414; x_wconf 72' lang='lat' dir='ltr'>passeri</span> <span class='ocrx_word' id='word_1_259' title='bbox 645 4347 679 4396; x_wconf 89' lang='lat' dir='ltr'>et</span> <span class='ocrx_word' id='word_1_260' title='bbox 703 4332 965 4413; x_wconf 84' lang='lat' dir='ltr'>extinguerassi</span> <span class='ocrx_word' id='word_1_261' title='bbox 990 4343 1121 4415; x_wconf 89' lang='lat' dir='ltr'>prest0,</span> <span class='ocrx_word' id='word_1_262' title='bbox 1147 4342 1181 4394; x_wconf 91' lang='lat' dir='ltr'>et</span> <span class='ocrx_word' id='word_1_263' title='bbox 1206 4352 1249 4395; x_wconf 91' lang='lat' dir='ltr'>ne</span> <span class='ocrx_word' id='word_1_264' title='bbox 1274 4332 1424 4393; x_wconf 91' lang='lat' dir='ltr'>havemo</span> 
     </span>
     <span class='ocr_line' id='line_1_33' title="bbox 143 4437 1424 4522; baseline -0.005 -19"><span class='ocrx_word' id='word_1_265' title='bbox 143 4441 311 4522; x_wconf 84' lang='lat' dir='ltr'>exempio</span> <span class='ocrx_word' id='word_1_266' title='bbox 335 4460 400 4521; x_wconf 94' lang='lat' dir='ltr'>per</span> <span class='ocrx_word' id='word_1_267' title='bbox 425 4441 542 4522; x_wconf 87' lang='lat' dir='ltr'>quello</span> <span class='ocrx_word' id='word_1_268' title='bbox 568 4441 634 4502; x_wconf 93' lang='lat' dir='ltr'>che</span> <span class='ocrx_word' id='word_1_269' title='bbox 657 4441 704 4502; x_wconf 90' lang='lat' dir='ltr'>ha</span> <span class='ocrx_word' id='word_1_270' title='bbox 727 4439 818 4501; x_wconf 89' lang='lat' dir='ltr'>fatto</span> <span class='ocrx_word' id='word_1_271' title='bbox 834 4441 858 4501; x_wconf 96' lang='lat' dir='ltr'>il</span> <span class='ocrx_word' id='word_1_272' title='bbox 875 4440 976 4502; x_wconf 88' lang='lat' dir='ltr'>Duca</span> <span class='ocrx_word' id='word_1_273' title='bbox 1001 4439 1036 4501; x_wconf 93' lang='lat' dir='ltr'>di</span> <span class='ocrx_word' id='word_1_274' title='bbox 1053 4439 1194 4501; x_wconf 90' lang='lat' dir='ltr'>Loreno</span> <span class='ocrx_word' id='word_1_275' title='bbox 1212 4448 1247 4500; x_wconf 92' lang='lat' dir='ltr'>et</span> <span class='ocrx_word' id='word_1_276' title='bbox 1270 4437 1295 4499; x_wconf 91' lang='lat' dir='ltr'>il</span> <span class='ocrx_word' id='word_1_277' title='bbox 1320 4445 1424 4499; x_wconf 89' lang='lat' dir='ltr'>conte</span> 
     </span>
     <span class='ocr_line' id='line_1_34' title="bbox 142 4541 1424 4629; baseline -0.006 -18"><span class='ocrx_word' id='word_1_278' title='bbox 142 4548 320 4629; x_wconf 88' lang='lat' dir='ltr'>Palatino,</span> <span class='ocrx_word' id='word_1_279' title='bbox 336 4548 380 4610; x_wconf 92' lang='lat' dir='ltr'>de</span> <span class='ocrx_word' id='word_1_280' title='bbox 396 4546 419 4609; x_wconf 93' lang='lat' dir='ltr'>li</span> <span class='ocrx_word' id='word_1_281' title='bbox 437 4547 543 4609; x_wconf 91' lang='lat' dir='ltr'>duchi</span> <span class='ocrx_word' id='word_1_282' title='bbox 559 4547 605 4609; x_wconf 92' lang='lat' dir='ltr'>de</span> <span class='ocrx_word' id='word_1_283' title='bbox 621 4547 776 4609; x_wconf 86' lang='lat' dir='ltr'>Baviera</span> <span class='ocrx_word' id='word_1_284' title='bbox 793 4555 828 4609; x_wconf 92' lang='lat' dir='ltr'>et</span> <span class='ocrx_word' id='word_1_285' title='bbox 849 4546 886 4608; x_wconf 91' lang='lat' dir='ltr'>di</span> <span class='ocrx_word' id='word_1_286' title='bbox 902 4545 1069 4628; x_wconf 84' lang='lat' dir='ltr'>Saxonia,</span> <span class='ocrx_word' id='word_1_287' title='bbox 1087 4547 1145 4609; x_wconf 92' lang='lat' dir='ltr'>del</span> <span class='ocrx_word' id='word_1_288' title='bbox 1160 4545 1262 4608; x_wconf 87' lang='lat' dir='ltr'>Duca</span> <span class='ocrx_word' id='word_1_289' title='bbox 1275 4541 1424 4624; x_wconf 87' lang='lat' dir='ltr'>Giorgio</span> 
     </span>
     <span class='ocr_line' id='line_1_35' title="bbox 143 4652 1425 4735; baseline -0.005 -18"><span class='ocrx_word' id='word_1_290' title='bbox 143 4666 184 4717; x_wconf 88' lang='lat' dir='ltr'>et</span> <span class='ocrx_word' id='word_1_291' title='bbox 211 4654 252 4716; x_wconf 94' lang='lat' dir='ltr'>de</span> <span class='ocrx_word' id='word_1_292' title='bbox 275 4657 310 4716; x_wconf 89' lang='lat' dir='ltr'>la</span> <span class='ocrx_word' id='word_1_293' title='bbox 333 4654 407 4734; x_wconf 89' lang='lat' dir='ltr'>liga</span> <span class='ocrx_word' id='word_1_294' title='bbox 432 4653 577 4717; x_wconf 87' lang='lat' dir='ltr'>suevica</span> <span class='ocrx_word' id='word_1_295' title='bbox 601 4664 635 4715; x_wconf 92' lang='lat' dir='ltr'>et</span> <span class='ocrx_word' id='word_1_296' title='bbox 660 4654 718 4716; x_wconf 92' lang='lat' dir='ltr'>del</span> <span class='ocrx_word' id='word_1_297' title='bbox 743 4654 923 4716; x_wconf 89' lang='lat' dir='ltr'>cardinale</span> <span class='ocrx_word' id='word_1_298' title='bbox 948 4652 1225 4735; x_wconf 88' lang='lat' dir='ltr'>Saltzpurgense</span> <span class='ocrx_word' id='word_1_299' title='bbox 1259 4653 1325 4714; x_wconf 91' lang='lat' dir='ltr'>che</span> <span class='ocrx_word' id='word_1_300' title='bbox 1358 4668 1425 4731; x_wconf 91' lang='lat' dir='ltr'>pur</span> 
     </span>
     <span class='ocr_line' id='line_1_36' title="bbox 141 4757 1425 4837; baseline -0.005 -12"><span class='ocrx_word' id='word_1_301' title='bbox 141 4762 175 4825; x_wconf 90' lang='lat' dir='ltr'>si</span> <span class='ocrx_word' id='word_1_302' title='bbox 203 4760 358 4825; x_wconf 84' lang='lat' dir='ltr'>diffende</span> <span class='ocrx_word' id='word_1_303' title='bbox 382 4771 419 4823; x_wconf 89' lang='lat' dir='ltr'>et</span> <span class='ocrx_word' id='word_1_304' title='bbox 441 4761 647 4823; x_wconf 88' lang='lat' dir='ltr'>aiutandolo</span> <span class='ocrx_word' id='word_1_305' title='bbox 672 4760 760 4823; x_wconf 90' lang='lat' dir='ltr'>com&#39;</span> <span class='ocrx_word' id='word_1_306' title='bbox 784 4760 818 4823; x_wconf 96' lang='lat' dir='ltr'>io</span> <span class='ocrx_word' id='word_1_307' title='bbox 842 4760 989 4823; x_wconf 91' lang='lat' dir='ltr'>intendo</span> <span class='ocrx_word' id='word_1_308' title='bbox 1019 4761 1043 4823; x_wconf 95' lang='lat' dir='ltr'>li</span> <span class='ocrx_word' id='word_1_309' title='bbox 1068 4759 1183 4824; x_wconf 92' lang='lat' dir='ltr'>Duchi</span> <span class='ocrx_word' id='word_1_310' title='bbox 1207 4758 1244 4820; x_wconf 96' lang='lat' dir='ltr'>di</span> <span class='ocrx_word' id='word_1_311' title='bbox 1259 4757 1425 4837; x_wconf 86' lang='lat' dir='ltr'>Baviera,</span> 
     </span>
     <span class='ocr_line' id='line_1_37' title="bbox 142 4863 1424 4949; baseline -0.005 -16"><span class='ocrx_word' id='word_1_312' title='bbox 142 4870 163 4933; x_wconf 81' lang='grc' dir='ltr'><em>ὲ</em></span> <span class='ocrx_word' id='word_1_313' title='bbox 191 4868 240 4929; x_wconf 87' lang='lat' dir='ltr'>da</span> <span class='ocrx_word' id='word_1_314' title='bbox 261 4869 407 4932; x_wconf 89' lang='lat' dir='ltr'>credere</span> <span class='ocrx_word' id='word_1_315' title='bbox 430 4870 497 4931; x_wconf 87' lang='lat' dir='ltr'>che</span> <span class='ocrx_word' id='word_1_316' title='bbox 520 4869 554 4930; x_wconf 89' lang='lat' dir='ltr'>le</span> <span class='ocrx_word' id='word_1_317' title='bbox 578 4887 661 4930; x_wconf 88' lang='lat' dir='ltr'>cose</span> <span class='ocrx_word' id='word_1_318' title='bbox 686 4886 748 4930; x_wconf 88' lang='lat' dir='ltr'>soe</span> <span class='ocrx_word' id='word_1_319' title='bbox 771 4887 811 4930; x_wconf 91' lang='lat' dir='ltr'>se</span> <span class='ocrx_word' id='word_1_320' title='bbox 843 4878 1107 4949; x_wconf 88' lang='lat' dir='ltr'>acqueteranno</span> <span class='ocrx_word' id='word_1_321' title='bbox 1138 4884 1238 4927; x_wconf 90' lang='lat' dir='ltr'>come</span> <span class='ocrx_word' id='word_1_322' title='bbox 1270 4863 1306 4925; x_wconf 92' lang='lat' dir='ltr'>di</span> <span class='ocrx_word' id='word_1_323' title='bbox 1333 4869 1424 4926; x_wconf 91' lang='lat' dir='ltr'>tutto</span> 
     </span>
    </p>
   </div>
   <div class='ocr_carea' id='block_1_7' title="bbox 170 4989 1281 5062">
    <p class='ocr_par' dir='ltr' id='par_1_8' title="bbox 170 4989 1281 5062">
     <span class='ocr_line' id='line_1_38' title="bbox 170 4989 1281 5062; baseline -0.002 -11"><span class='ocrx_word' id='word_1_324' title='bbox 170 5011 257 5062; x_wconf 70' lang='lat' dir='ltr'>natm,</span> <span class='ocrx_word' id='word_1_325' title='bbox 267 5013 410 5053; x_wconf 70' lang='lat' dir='ltr'>Documenta</span> <span class='ocrx_word' id='word_1_326' title='bbox 418 5012 556 5052; x_wconf 70' lang='lat' dir='ltr'>Lntherana.</span> <span class='ocrx_word' id='word_1_327' title='bbox 1247 4989 1281 5041; x_wconf 77' lang='lat'>31</span> 
     </span>
    </p>
   </div>
   <div class='ocr_carea' id='block_1_8' title="bbox 0 0 1720 5700">
    <p class='ocr_par' dir='ltr' id='par_1_9' title="bbox 0 0 1720 5700">
     <span class='ocr_line' id='line_1_39' title="bbox 0 0 1720 5700; baseline 0 0"><span class='ocrx_word' id='word_1_328' title='bbox 0 0 1720 5700; x_wconf 95' lang='lat' dir='ltr'> </span> 
     </span>
    </p>
   </div>
  </div>
 </body>
</html>
