3425 5700
821 549 1068 606 eslere*

306 695 436 757 Cesare
461 716 538 756 cum
563 696 654 756 altra
676 695 867 776 petitione,
899 700 964 759 che
989 718 1059 760 non
1083 700 1199 761 havea
1222 698 1311 761 fatto
1337 698 1370 761 el
1395 699 1429 760 di
1455 699 1576 777 avanti,

307 805 364 865 nel
395 804 499 882 quale
531 801 551 862 l’
572 802 688 863 havea
712 802 890 865 rechiesto
922 804 1140 886 inscriptis,
1177 807 1242 867 che
1273 805 1333 886 poi
1362 806 1426 867 che
1453 806 1578 867 Lutber

305 911 421 971 havea
445 908 742 970 obstinatamente
766 919 900 991 negato
931 910 987 973 far
1012 912 1047 974 la
1071 912 1313 990 revocatione,
1350 914 1424 976 Sua
1448 914 1578 975 Maesti

307 1018 421 1079 devea
451 1018 675 1078 remandarlo
706 1015 741 1077 vi
765 1017 855 1078 salvi
880 1020 1075 1080 conductus
1107 1028 1142 1080 et
1164 1022 1342 1101 proceder
1371 1020 1432 1101 poi
1463 1030 1580 1083 contra

307 1144 514 1205 personam,
550 1132 585 1184 et
616 1122 650 1184 in
675 1124 835 1204 presenti
867 1134 990 1187 contra
1015 1125 1142 1204 libros,
1179 1136 1214 1188 et
1242 1136 1367 1207 questo
1398 1128 1580 1190 recbiedea

307 1231 448 1293 nomine
480 1240 630 1311 quatuor
655 1232 864 1295 electorum:
896 1231 1031 1295 Verum
1063 1233 1122 1295 ille
1147 1233 1240 1295 idem
1272 1234 1382 1317 dopoi
1405 1234 1580 1315 publicata

308 1346 433 1418 questa
465 1338 627 1416 scedula,
657 1358 774 1400 venne
799 1358 820 1399 a
845 1338 993 1416 Cesare,
1024 1342 1175 1402 essendo
1200 1340 1260 1402 noi
1284 1342 1458 1421 presenti,
1496 1342 1580 1403 dove

308 1447 528 1527 expettando
552 1444 698 1506 insieme
723 1465 789 1507 con
814 1445 874 1507 noi
899 1446 979 1507 altri
1003 1447 1116 1509 hever
1139 1448 1330 1523 audientia,
1356 1448 1388 1510 ci
1413 1448 1507 1511 disse
1523 1451 1581 1510 che

309 1556 428 1615 buono
459 1555 613 1615 sarebbe
644 1554 776 1615 vedere
808 1554 853 1613 de
878 1552 1080 1634 interrogar
1103 1552 1258 1616 Martino
1290 1554 1452 1618 un’altra
1479 1558 1582 1635 volta,

309 1669 345 1723 et
370 1660 589 1722 examinarlo
623 1681 688 1741 per
712 1661 829 1723 alcuni
853 1659 996 1722 Dottori
1028 1660 1062 1722 in
1088 1661 1268 1742 presentia
1292 1662 1328 1723 di
1351 1661 1467 1724 alcuni
1494 1662 1583 1724 Prin·

309 1765 379 1847 cipi
403 1786 469 1847 per
493 1787 595 1828 nome
620 1766 655 1827 di
679 1777 770 1828 tutto
795 1768 828 1828 lo
853 1767 1025 1847 Imperi0,
1050 1776 1085 1829 et
1110 1769 1175 1829 che
1200 1780 1326 1849 questo
1351 1789 1413 1831 era
1437 1790 1543 1850 parsu
1566 1790 1585 1830 a

309 1875 390 1935 tutti
420 1875 443 1936 li
467 1874 635 1954 Elettori,
671 1875 766 1955 quod
789 1872 896 1935 facile
921 1875 1047 1955 cred0,
1084 1875 1214 1956 perche
1249 1873 1272 1936 li
1297 1874 1357 1936 doi
1381 1896 1402 1937 a
1426 1874 1486 1938 noi
1511 1897 1583 1943 con·

309 1981 408 2043 trarii
434 2001 502 2043 non
528 1981 739 2043 desiderano
764 2003 801 2043 se
826 2002 898 2043 non
923 1982 1089 2063 dilation,
1115 1992 1150 2043 et
1174 1982 1371 2061 turbation,
1401 1992 1437 2044 et
1461 1982 1485 2043 li
1511 1982 1584 2044 altri

310 2110 379 2150 non
405 2088 555 2151 faceano
579 2089 799 2169 resistentia,
834 2090 966 2170 perche
992 2091 1109 2170 quello
1135 2091 1199 2151 che
1234 2090 1251 2152 e
1277 2090 1312 2150 di
1336 2089 1396 2170 piu
1422 2088 1585 2153 auttorita

309 2216 374 2277 per
405 2215 517 2276 paura
551 2198 822 2258 condescendere
852 2217 874 2257 a
898 2204 1033 2276 questo.
1081 2195 1149 2257 Noi
1183 2196 1488 2277 respondessimo,
1526 2198 1585 2257 che

310 2322 375 2386 per
398 2303 496 2365 molti
522 2303 601 2383 capi
626 2304 662 2364 di
686 2302 834 2385 ragione
859 2312 985 2383 questo
1011 2323 1081 2365 non
1107 2323 1168 2365 era
1193 2304 1237 2365 da
1262 2302 1327 2385 far,
1352 2303 1431 2365 anci
1455 2304 1585 2384 pericu-

310 2409 500 2488 losissimo,
536 2410 726 2472 tuttavolta
750 2409 844 2471 disse
869 2411 934 2471 che
959 2410 1074 2471 havea
1098 2430 1208 2491 carga
1231 2410 1322 2473 dirlo
1347 2430 1368 2471 a
1392 2410 1520 2491 Cesar,
1554 2420 1587 2472 et

309 2535 469 2597 pregava
501 2518 567 2579 che
599 2516 657 2577 noi
688 2536 759 2577 non
783 2515 1024 2597 impedissimo
1059 2519 1106 2577 tal
1139 2515 1280 2596 effetto,
1316 2525 1352 2577 et
1381 2515 1455 2579 cosi
1488 2518 1586 2598 pario

311 2645 389 2685 cum
425 2624 555 2687 cesare
591 2623 694 2685 nobis
731 2623 957 2704 presentibus
992 2623 1080 2685 sorsi
1116 2623 1259 2703 meggia
1293 2624 1382 2685 hora
1417 2623 1588 2685 submissa

309 2741 427 2793 tamen
451 2751 541 2793 voce
550 2779 558 2809 ,
592 2752 649 2792 ma
673 2729 742 2791 Dio
765 2732 866 2793 volse
899 2732 964 2791 che
996 2741 1122 2811 questo
1147 2728 1381 2811 gentilissimo
1412 2729 1586 2811 Principe,

311 2848 347 2901 et
377 2837 643 2919 religiosissimo
668 2836 777 2900 Cesar
808 2837 833 2898 il
856 2838 939 2918 qual
964 2859 1104 2918 sempre
1136 2838 1212 2899 solo
1237 2837 1255 2899 e
1280 2846 1373 2900 stato
1405 2836 1440 2900 in
1465 2845 1589 2919 questa

310 2967 394 3009 cosa
414 2947 635 3024 inconcussO,
660 2945 684 3006 li
704 2965 862 3026 respose,
887 2946 952 3006 che
972 2945 1020 3006 lui
1041 2965 1111 3006 non
1128 2947 1337 3007 mutarebbe
1358 2964 1425 3025 pur
1448 2945 1503 3006 un'
1518 2943 1589 3006 iota

311 3055 406 3116 della
429 3073 492 3114 sua
517 3051 790 3130 deliberatione,
827 3062 864 3112 et
887 3052 952 3114 che
981 3072 1045 3134 per
1070 3052 1189 3114 niente
1213 3051 1399 3130 intendea,
1436 3055 1501 3114 che
1525 3071 1589 3134 per

311 3183 365 3240 se,
398 3181 418 3222 o
443 3159 560 3222 alcuni
592 3159 626 3219 di
651 3158 726 3220 suoi
751 3158 906 3220 Martino
938 3159 1034 3220 fusse
1058 3158 1119 3238 piu
1143 3157 1380 3239 interrogato;
1412 3159 1491 3220 anci
1523 3159 1587 3220 dis-

311 3268 387 3346 seli,
410 3269 476 3330 che
501 3267 524 3328 li
542 3266 698 3346 Principi
722 3266 921 3328 sarebbono
946 3268 1048 3344 bene,
1073 3266 1229 3328 secundo
1247 3267 1281 3327 la
1297 3286 1481 3346 promessa
1502 3267 1587 3345 lor0,

311 3375 545 3438 concordibus
569 3373 694 3436 animis
718 3374 874 3454 sequitar
899 3376 932 3434 la
956 3394 1018 3435 sua
1043 3373 1280 3436 conclusione.

401 3481 535 3562 Questo
571 3483 671 3543 voler
706 3481 739 3542 di
777 3481 850 3542 Sua
874 3479 1011 3543 Maesti
1047 3479 1084 3542 fu
1120 3491 1302 3562 reportato
1338 3480 1397 3542 alli
1433 3479 1588 3560 Principi

312 3589 472 3669 Elettori,
497 3610 567 3652 non
591 3609 696 3650 senza
720 3589 856 3668 grande
881 3587 1091 3650 admiration
1117 3589 1193 3650 loro
1219 3588 1254 3650 di
1277 3597 1376 3650 tanta
1392 3587 1591 3650 constantia
1680 3651 1681 3654 Ἴ

312 3708 349 3760 et
380 3696 497 3759 animo
522 3697 692 3767 Cesare0;
731 3717 786 3757 ma
810 3696 881 3758 tale
913 3694 950 3757 fu
975 3695 1179 3757 l’auttorita
1208 3706 1243 3758 et
1267 3695 1422 3757 versutia
1446 3696 1503 3758 del
1528 3693 1588 3756 Sa-

311 3825 417 3882 xone,
443 3805 508 3866 che
532 3803 553 3865 1'
568 3812 713 3866 ottenne
738 3803 823 3864 dalli
848 3802 940 3864 Stati
966 3823 1033 3864 una
1058 3801 1318 3882 supplicatione
1342 3804 1388 3864 ad
1413 3802 1590 3880 Cesarem,

312 3912 378 3972 che
413 3931 479 3991 per
513 3910 537 3971 il
573 3909 703 3989 meglio
741 3911 777 3969 di
812 3919 938 3989 questa
973 3929 1073 3987 cosa,
1113 3930 1223 3991 parea
1263 3911 1338 3971 loro
1374 3910 1404 3971 si
1440 3911 1591 3972 havesse

313 4017 369 4080 un’
383 4019 474 4079 altra
504 4016 588 4079 fiata
612 4018 658 4078 ad
682 4015 866 4078 examinar
890 4015 1024 4078 Luther
1056 4025 1090 4078 et
1116 4017 1320 4078 exhortarlo
1352 4017 1423 4078 alla
1446 4037 1590 4078 revoca-

312 4125 420 4189 tione.
466 4125 496 4186 Il
528 4125 593 4186 che
618 4145 656 4185 se
681 4145 751 4185 non
782 4123 937 4201 facesse,
973 4125 1133 4184 harebbe
1166 4143 1277 4185 causa·
1305 4122 1386 4184 tutti
1410 4121 1591 4204 persequi·

312 4234 414 4309 tarIO,
439 4239 475 4292 et
498 4229 553 4292 far
578 4238 669 4292 tutto
693 4231 849 4292 secundo
875 4231 909 4292 la
930 4229 1166 4292 deliberation
1187 4231 1270 4291 data
1289 4231 1334 4290 da
1351 4226 1425 4292 Sua
1441 4229 1590 4292 Maesta.
1680 4315 1681 4318 Ἴ

313 4340 422 4402 Cesar
445 4358 592 4418 respose
617 4339 693 4399 loro
717 4337 752 4398 in
776 4337 926 4418 scriptis,
951 4340 1017 4399 che
1039 4337 1087 4398 lui
1105 4358 1175 4400 non
1193 4339 1401 4400 mutarebbe
1416 4359 1463 4400 un
1478 4348 1592 4418 punto

314 4446 350 4506 di
380 4466 442 4507 sua
467 4445 661 4524 sententia,
697 4455 733 4505 et
758 4446 823 4506 che
847 4465 885 4506 se
910 4445 985 4506 loro
1011 4454 1195 4525 potessero
1227 4465 1247 4506 o
1272 4464 1459 4525 sapessero
1487 4444 1592 4506 indur

314 4553 467 4614 Martino
493 4556 538 4615 ad
563 4552 854 4632 resipiscentiam,
879 4550 928 4613 lui
952 4552 986 4612 lo
1012 4551 1245 4613 adiutarebbe
1270 4571 1444 4632 appresso
1460 4551 1593 4614 Nostro

314 4659 469 4740 Signore
501 4668 537 4721 et
567 4661 633 4721 che
657 4681 678 4721 a
702 4668 828 4739 questo
860 4659 885 4719 li
916 4660 1008 4720 dava
1038 4659 1187 4720 termine
1219 4658 1255 4720 di
1286 4667 1339 4724 tre
1363 4658 1498 4739 giorni,
1534 4677 1593 4720 ma
1680 4661 1681 4670 ’

314 4787 385 4829 non
409 4767 514 4828 volea
537 4767 602 4828 che
627 4767 670 4828 ne
695 4786 760 4847 per
783 4787 821 4827 se
846 4766 889 4827 ne
914 4785 979 4847 per
1003 4765 1119 4827 alcuni
1146 4765 1180 4826 di
1207 4764 1281 4826 suoi
1307 4765 1337 4825 si
1357 4763 1593 4828 intervenisse
1680 4777 1681 4796 ¹

314 4875 360 4938 ad
392 4874 441 4939 tal
465 4893 608 4948 exame;
644 4872 782 4935 interim
806 4893 845 4936 se
876 4871 1026 4935 faceano
1058 4882 1155 4935 tante
1179 4871 1355 4952 prattiche
1385 4881 1509 4936 contra
1530 4869 1594 4932 noi
