3425 5700
653 554 899 621 *desid-⁶

155 702 212 769 Dei
231 703 282 770 ira
309 704 500 771 immissum
537 717 610 790 est,
641 710 713 773 ulla
745 718 869 773 nostra
900 702 1122 793 negligentia
1149 704 1185 773 in
1219 713 1415 774 extremam

154 812 360 878 Christianae
382 816 436 879 rei
465 814 660 899 perniciem
691 826 887 880 excrescat.
942 816 1021 897 Qua
1052 818 1087 879 in
1120 837 1159 880 re
1190 818 1415 881 considerare

154 921 247 985 debet
277 922 448 1004 Majestas
481 923 558 986 Tua
587 921 820 986 immortalem
853 924 984 1004 Deum,
1016 924 1312 1005 quemadmodum
1345 926 1415 987 duo

151 1026 204 1091 illa
223 1049 353 1111 magna
386 1028 421 1092 in
447 1031 548 1093 coelo
580 1029 765 1093 luminaria
789 1029 1014 1093 dimetiendis
1043 1029 1168 1093 diebus
1192 1040 1229 1093 et
1252 1032 1415 1114 tempori·

153 1139 209 1214 hus
238 1135 430 1219 praefecit,
465 1138 517 1199 ita
551 1137 643 1200 etin
668 1137 771 1201 terris
795 1138 1031 1220 gubernando
1055 1136 1257 1201 Christiano
1280 1140 1415 1221 populo

152 1262 227 1323 prae
258 1244 412 1306 coeteris
436 1243 682 1325 Apostolicam
712 1253 748 1307 et
771 1243 983 1307 Caesaream
1007 1241 1217 1324 dignitatem
1246 1244 1417 1308 immensa

152 1368 206 1411 sua
225 1349 414 1432 prudentia
437 1350 682 1433 constituisse,
713 1348 829 1431 illam,
861 1360 900 1412 ut
913 1404 915 1408 .
930 1359 1066 1413 mentes
1098 1351 1278 1414 hominum
1301 1372 1415 1415 sacra·

153 1456 266 1519 mentis
287 1456 391 1538 fidei,
416 1457 536 1520 divino
561 1460 674 1539 cultu,
697 1456 873 1539 bonisque
897 1458 1056 1521 moribus
1078 1457 1288 1539 illustraret,
1311 1462 1416 1539 hanc,

153 1572 184 1623 ut
204 1582 289 1644 quos
319 1564 381 1626 illa
410 1563 659 1627 inobedientes
697 1573 732 1627 et
762 1562 956 1645 iniquitatis
982 1561 1075 1626 filios
1105 1571 1142 1627 et
1170 1565 1358 1648 presertim
1381 1565 1417 1630 in

151 1670 318 1733 haeretica
348 1671 430 1734 labe
455 1671 670 1753 obstinatos,
705 1678 830 1753 utpote
854 1669 1075 1752 perniciosas
1098 1670 1227 1753 stirpes
1247 1672 1417 1735 radicitus

152 1776 359 1841 excidendas
381 1777 584 1860 indicasset,
609 1778 844 1859 gravioribus,
870 1797 912 1840 ac
936 1776 1042 1839 etiam
1057 1778 1270 1859 capitalibus
1285 1780 1416 1861 suppli—

151 1882 205 1946 ciis
232 1894 424 1948 coerceret.
481 1884 525 1947 Et
561 1884 724 1966 profecto
758 1884 904 1965 siquis
927 1904 1000 1947 rem
1025 1904 1163 1947 ornnem
1196 1886 1287 1948 hanc
1319 1894 1417 1950 recte

38 2070 39 2077 ἵ
150 1992 358 2073 perpendat,
391 1986 516 2055 merito
550 1991 730 2055 videbitur
762 1989 974 2073 Apostolica
1004 1988 1118 2059 Sedes
1147 1992 1215 2054 hac
1246 1992 1283 2055 in
1313 2002 1417 2074 parte

151 2116 204 2159 suo
226 2118 373 2161 munere
396 2096 596 2180 perfuncta,
619 2098 649 2161 si
673 2098 815 2181 quidem
839 2097 933 2159 idern
958 2096 1032 2160 Leo
1056 2096 1226 2161 Pontifex
1249 2101 1295 2161 ab
1318 2099 1417 2163 initio

150 2204 257 2268 statim
280 2204 383 2268 huius
406 2205 497 2285 mali,
523 2206 705 2287 quamdiu
726 2206 761 2268 in
778 2205 940 2268 humanis
959 2205 1044 2285 egit,
1069 2206 1201 2268 nullum
1224 2207 1418 2271 remedium

152 2312 268 2394 omisit,
293 2313 389 2395 quod
413 2313 459 2375 ad
484 2313 677 2375 curandum
700 2312 793 2374 hunc
817 2314 979 2375 morbum
1003 2310 1122 2375 facere
1136 2311 1327 2377 videretur.
1372 2314 1419 2377 Et

38 2474 39 2501 ,
150 2438 224 2481 mox
248 2429 391 2483 secutus
415 2419 598 2483 Adrianus
615 2416 747 2482 Sextus
769 2420 862 2481 hanc
887 2420 934 2481 ob
958 2438 1100 2482 causam
1123 2419 1297 2484 Nuncium
1321 2421 1417 2503 Apo·

38 2510 39 2519 ξ
150 2526 302 2590 stolicum
327 2527 373 2589 ad
397 2525 583 2609 Principes
606 2526 830 2607 populosque
851 2522 1077 2605 Germaniae,
1102 2524 1176 2589 Nos
1198 2546 1285 2591 vero
1311 2527 1419 2591 etiarn

151 2630 316 2715 Legatum
339 2635 385 2696 de
410 2635 521 2696 latere
545 2632 712 2696 dilectum
740 2630 850 2696 filium
881 2641 1039 2695 nostrum
1071 2631 1296 2697 Cardinalem
1319 2634 1418 2699 Cam·

150 2740 301 2821 pegium,
330 2758 467 2802 summa
490 2738 686 2821 probitate,
711 2737 917 2820 prudentia,
945 2746 981 2800 et
1003 2738 1167 2802 doctrina
1191 2739 1314 2821 virum,
1338 2761 1418 2823 pro·

150 2844 235 2912 xime
257 2846 432 2912 misimus:
467 2846 496 2909 si
520 2867 591 2928 qua
613 2844 689 2910 fieri
714 2855 837 2929 posset
859 2855 899 2908 ut
923 2844 1080 2925 blandis,
1111 2845 1324 2930 mitibusque
1348 2869 1418 2912 me·

151 2953 358 3036 dicamentiS,
383 2974 474 3036 quae
499 2973 585 3018 oves
608 2955 675 3017 hac
699 2952 997 3036 perniciosissima
1012 2955 1095 3017 labe
1111 2963 1231 3018 essent
1252 2953 1419 3038 Iniectae,

151 3071 360 3125 sanarentur.
401 3057 476 3124 Sed
491 3081 597 3142 quum
611 3061 679 3122 hac
700 3059 760 3122 via
776 3079 880 3142 quam
905 3068 1092 3143 tantopere
1117 3061 1417 3145 desiderabamus,

150 3165 227 3230 nihil
249 3166 523 3250 profecerimus,
557 3165 730 3247 reliquum
756 3173 826 3247 est,
851 3175 889 3228 ut
912 3167 1008 3249 quod
1032 3166 1101 3231 iam
1125 3169 1172 3231 ad
1194 3169 1418 3251 Maiestatem

151 3271 252 3337 Tuam
274 3273 497 3356 potissimum
519 3272 690 3354 pertinet,
715 3272 896 3355 aliquanto
920 3273 1060 3336 acriora
1082 3275 1341 3339 medicamenta
1359 3278 1418 3339 ad·

150 3379 339 3446 bibeantur.
384 3379 492 3443 Inviti
514 3379 551 3442 id
576 3380 718 3462 quidem
742 3377 855 3465 (Deus
879 3379 958 3461 scit)
994 3380 1057 3468 sed
1087 3390 1126 3443 ut
1154 3381 1262 3464 periti
1291 3381 1419 3446 medici

152 3484 260 3552 facere
283 3490 418 3570 solent,
443 3489 649 3568 suademus,
680 3507 725 3550 ne
750 3486 779 3550 si
804 3486 934 3550 diutius
957 3488 1026 3550 hoc
1050 3486 1250 3552 carcinoma
1273 3509 1419 3573 serpere

151 3595 381 3676 permittatur,
404 3603 517 3658 totum
540 3593 717 3658 Dominici
742 3594 865 3676 gregis
888 3614 1017 3678 corpus
1042 3605 1313 3677 computrescat.
1359 3597 1420 3660 Ad

151 3699 211 3763 hoc
231 3712 265 3766 te
296 3711 370 3765 tam
390 3711 567 3782 sanctum,
601 3712 744 3783 tamque
771 3701 952 3765 laudabile
983 3701 1121 3765 facinus
1151 3703 1418 3786 agrediendum,

152 3825 216 3870 non
235 3811 340 3873 modo
364 3807 556 3890 Imperiale
580 3807 733 3872 officium
758 3828 882 3871 verum
906 3807 1013 3871 etiarn
1036 3809 1309 3874 Praecessorum
1342 3821 1420 3874 tuo·

151 3931 220 3978 rum
248 3914 624 3979 Christianissimorum
654 3913 912 3996 imperatorum
954 3917 1119 3996 exempla
1157 3936 1229 3979 non
1267 3915 1419 3980 invitare

153 4021 270 4105 solum,
304 4024 369 4086 sed
388 4031 435 4085 ⁴et
458 4020 606 4085 incitare
638 4023 787 4085 debent:
825 4021 856 4084 si
884 4021 1027 4103 quidem
1058 4022 1325 4105 Constantinus,
1358 4023 1418 4106 qui

152 4125 273 4205 primus
295 4127 521 4212 Imperialern
547 4126 678 4192 Sedem
702 4127 738 4190 in
763 4127 946 4192 Orientem
970 4129 1167 4210 transtulit,
1198 4141 1234 4194 et
1257 4131 1418 4194 Theodo-

154 4231 219 4297 sius
237 4233 449 4299 sanctissimi
472 4234 710 4317 Imperatores
734 4233 777 4326 in¹
795 4234 1019 4316 extirpandis
1042 4235 1166 4300 ariana
1173 4285 1182 4319 ,
1213 4249 1249 4300 et
1272 4237 1419 4300 nestori·

154 4357 216 4402 ana
227 4341 433 4406 haeresibus
447 4361 517 4405 non
533 4341 647 4404 minus
661 4340 780 4404 ferrea
795 4341 901 4424 virga
913 4340 1148 4406 Christianam
1163 4343 1418 4425 rempublicam

154 4441 321 4531 iuverunt,
355 4469 470 4532 quarnv
488 4449 523 4512 in
549 4447 713 4512 Consiliis
745 4451 791 4511 ob
822 4450 913 4511 hanc
937 4468 1080 4513 causam
1104 4451 1294 4514 autoritate
1318 4452 1419 4534 hujus

44 4576 52 4638 κ,
157 4551 373 4633 Apostolicae
408 4553 515 4620 Sedis
553 4553 784 4638 congregatis
816 4564 940 4618 contra
975 4556 1234 4620 haereticorum
1266 4556 1419 4640 impetus

45 4644 50 4673 ³
157 4653 283 4724 Sanctis
313 4661 475 4746 patribus
508 4679 572 4725 sua
602 4659 784 4743 presentia
816 4669 923 4724 antea
955 4661 1176 4728 adstiterant.
1227 4664 1349 4746 Atque
1381 4674 1420 4727 ut

45 4782 46 4810 l
157 4765 201 4824 ab
220 4764 456 4832 Orientalibus
479 4769 524 4830 ad
549 4767 716 4832 occiduos
740 4765 979 4848 Imperatores
1006 4768 1162 4833 familiae
1196 4779 1279 4834 tuae
1311 4773 1420 4853 longa

44 4863 50 4917 '2
157 4871 241 4934 serie
261 4877 465 4940 coniunctos
488 4875 693 4956 veniamus,
716 4872 865 4938 Carolus
896 4875 956 4939 ille
984 4897 1151 4959 magnus,
1183 4878 1283 4940 cuius
1313 4887 1352 4940 ut
1383 4879 1418 4941 in

184 4995 403 5050 Numerarem
411 5001 550 5042 nudemur.
1243 4984 1278 5038 22
