3425 5700
819 556 1066 617 ffllddffl

193 722 197 731 “
303 708 362 793 qui
386 731 449 792 per
473 710 509 772 la
532 706 617 771 cirta
640 728 682 771 ce
705 727 964 789 amazzassero,
988 710 1084 790 quod
1109 708 1206 772 Deus
1230 708 1280 771 ita
1302 708 1408 772 facile
1432 716 1581 789 avertat,

304 828 342 880 ut
371 816 575 881 facillimum
606 825 701 879 esset
729 814 843 896 perii
875 815 934 878 del
958 816 1060 877 Duca
1085 812 1247 898 Saxone,
1279 826 1315 879 et
1345 816 1424 880 altri
1453 814 1581 879 inimici

304 935 338 987 et
362 922 558 987 adversarii
582 923 648 985 che
673 942 760 984 sono
785 921 821 983 in
845 933 971 1004 questa
994 922 1101 985 dieta.

393 1031 502 1094 Cesar
527 1041 563 1092 et
587 1028 610 1091 li
635 1029 712 1091 suoi
736 1049 825 1091 sono
849 1030 973 1091 restati
999 1032 1108 1092 molto
1128 1029 1270 1093 attoniti
1295 1028 1329 1091 di
1347 1040 1474 1111 questa
1488 1048 1582 1107 cosa,

302 1137 331 1202 si
363 1160 426 1222 per
451 1140 486 1201 la
509 1136 686 1217 indignita
718 1145 754 1199 et
778 1136 952 1199 enormita
972 1136 1012 1199 di
1034 1157 1133 1215 essa,
1168 1157 1268 1201 come
1293 1156 1358 1219 per
1382 1157 1453 1199 non
1477 1156 1583 1219 saper

303 1266 403 1308 come
427 1244 604 1307 remediat
625 1244 756 1325 perche
770 1244 924 1307 essendo
948 1244 973 1305 il
988 1243 1098 1306 dever
1115 1245 1310 1307 andassero
1327 1254 1462 1308 armata
1478 1264 1583 1307 manu

302 1373 324 1414 a
347 1351 478 1433 pigliar
501 1360 628 1433 questo
650 1349 810 1428 ribald0,
844 1369 915 1413 non
941 1352 1060 1415 hanno
1085 1350 1128 1413 ne
1153 1360 1262 1431 gente
1292 1351 1336 1415 nd
1361 1350 1384 1413 il
1409 1351 1515 1413 modo
1539 1351 1583 1412 ne

300 1461 335 1521 et
357 1469 496 1541 temp0;
528 1460 615 1540 perd
645 1457 761 1520 statim
787 1477 966 1538 pensorno
998 1458 1180 1520 mandarci
1203 1456 1420 1521 Armestorff
1445 1457 1584 1539 grande

301 1567 415 1629 amico
446 1565 483 1626 di
505 1565 641 1627 Hutten
674 1575 710 1626 et
732 1564 880 1627 insieme
910 1565 936 1626 il
960 1563 1161 1639 confess0r;
1197 1586 1254 1628 ma
1284 1564 1422 1628 riferito
1456 1576 1584 1647 questo

301 1675 335 1736 al
360 1671 551 1754 Conseglio
576 1690 724 1734 cesaree
748 1669 783 1732 di
808 1670 1018 1753 Germania,
1051 1671 1089 1734 fu
1114 1672 1213 1735 detto
1237 1673 1303 1735 che
1328 1692 1389 1735 era
1414 1692 1484 1734 una
1507 1692 1583 1733 ver·

301 1798 423 1861 gogna
447 1776 628 1841 mandarci
659 1779 785 1841 alcuno
809 1777 1006 1842 mediatore
1038 1789 1074 1841 et
1104 1780 1170 1841 che
1193 1798 1265 1843 non
1290 1790 1368 1841 erat
1399 1798 1445 1840 ex
1469 1777 1584 1860 digni·

301 1896 375 1949 tate
400 1884 634 1967 imperatoris,
659 1886 772 1967 (come
796 1885 815 1948 ὲ
839 1885 864 1947 il
879 1886 988 1968 vero).
1029 1887 1334 1950 Domandassemo
1358 1886 1418 1949 noi
1442 1906 1480 1948 se
1506 1888 1585 1949 loro

302 2014 409 2056 erano
433 1993 468 2055 in
486 1992 610 2055 ordine
634 2011 699 2073 per
714 1991 896 2055 mandarci
921 2001 1029 2072 gente
1055 1993 1087 2054 d'
1101 2014 1208 2073 arme,
1233 2014 1333 2055 come
1348 1995 1585 2075 cegnavano?

303 2101 439 2164 Aihora
462 2109 623 2163 restorno
647 2098 734 2161 muti
758 2107 794 2161 et
817 2099 961 2161 tandem
986 2120 1056 2163 non
1081 2102 1242 2182 sapendo
1270 2110 1392 2163 trovar
1415 2103 1508 2163 altro
1534 2120 1584 2163 re·

302 2207 429 2285 medio,
453 2208 573 2269 hanno
590 2206 756 2268 mandato
781 2206 868 2289 oggi
884 2206 907 2270 il
923 2206 1106 2270 confessor
1131 2218 1168 2269 et
1184 2205 1399 2270 Armestorff
1412 2227 1433 2268 a
1448 2206 1586 2269 Ebero-

302 2318 395 2395 burg
418 2315 565 2377 castello
589 2313 625 2374 di
649 2312 849 2375 Francesco
875 2310 1068 2395 Sichingen
1093 2314 1186 2377 dove
1211 2313 1231 2375 ὲ
1255 2314 1390 2376 Hutten
1420 2314 1470 2395 (ut
1494 2312 1587 2376 alias

302 2420 449 2503 scripsi).
496 2419 587 2501 Quel
612 2419 751 2482 ribaldo
775 2419 800 2482 li
824 2422 991 2503 allegava
1014 2420 1133 2483 rasoni
1157 2421 1203 2483 de
1228 2422 1262 2483 la
1281 2418 1393 2483 Sacra
1408 2417 1588 2483 Scrittura

302 2533 368 2594 che
401 2533 611 2612 besognava
634 2527 790 2609 castigar
814 2527 839 2589 li
866 2527 979 2608 preti,
1012 2538 1047 2590 et
1078 2526 1295 2590 Armestorff
1325 2546 1395 2589 non
1419 2526 1443 2589 li
1471 2548 1588 2609 sapea

301 2639 536 2720 respondere;
570 2636 657 2718 perd
681 2637 728 2697 ha
751 2637 821 2696 ben
846 2636 968 2698 voluto
992 2654 1114 2697 meuar
1146 2637 1180 2697 el
1203 2634 1397 2699 confessor.
1445 2634 1507 2706 Ma
1532 2657 1585 2697 re-

302 2766 387 2808 vera
405 2741 620 2806 Armestorff
640 2744 687 2804 ha
710 2740 933 2803 commission
958 2740 994 2801 di
1019 2742 1239 2822 prometterli
1263 2742 1392 2805 salario
1413 2742 1469 2805 all'
1487 2764 1588 2805 anno

302 2854 337 2918 di
368 2858 475 2915 cccc¹⁰
501 2849 617 2913 fiorini
648 2849 681 2911 d’
696 2869 760 2912 oro
793 2848 858 2911 che
884 2847 905 2911 ’l
937 2846 980 2910 sii
1012 2848 1058 2911 ad
1090 2848 1257 2932 stipendii
1289 2849 1324 2912 di
1355 2848 1481 2932 Cesar,
1518 2872 1588 2934 per

301 2961 392 3024 farlo
417 2969 515 3023 tacer
538 2959 573 3021 in
598 2957 754 3020 futurum
779 2966 814 3018 et
839 2975 1009 3038 correger
1034 2957 1066 3018 el
1083 2958 1279 3039 proposito.
1319 2956 1591 3040 Oimprudenti
1690 3005 1691 3010 η

301 3071 368 3130 che
398 3087 486 3130 sono
518 3065 599 3127 stati
632 3075 763 3146 troppo
795 3083 816 3125 a
839 3062 1028 3125 advedersi
1061 3064 1096 3126 di
1127 3065 1191 3128 dar
1215 3065 1373 3129 remedio
1404 3087 1426 3130 a
1456 3079 1590 3150 questa

301 3195 401 3254 cosa,
439 3182 475 3235 et
504 3175 570 3235 che
594 3192 664 3234 non
689 3173 841 3234 voleano
871 3171 998 3232 creder
1030 3172 1172 3252 quando
1205 3173 1264 3235 noi
1295 3173 1480 3238 dicevamo
1506 3179 1590 3240 loro

302 3283 368 3344 che
399 3282 539 3342 davano
564 3290 694 3359 troppa
718 3275 887 3340 auttorita
910 3297 931 3338 a
955 3277 1070 3358 questi
1094 3279 1271 3342 Todeschi
1299 3290 1336 3343 et
1359 3283 1424 3345 che
1449 3302 1489 3344 se
1514 3292 1585 3346 tro·

301 3390 509 3451 varebbeno
533 3384 732 3468 aggabbati
757 3394 792 3447 et
813 3382 849 3446 in
874 3395 1000 3466 questa
1017 3405 1101 3468 cosa
1117 3386 1153 3448 di
1170 3385 1303 3465 Luther
1328 3398 1364 3451 et
1379 3389 1414 3450 in
1430 3391 1463 3452 le
1481 3392 1591 3474 altre,
1688 3473 1689 3487 ἢ

302 3497 371 3559 alle
394 3493 490 3576 quali
515 3493 539 3555 li
563 3491 746 3555 Cesariani
770 3510 970 3572 speravano
994 3491 1097 3554 indur
1121 3504 1247 3574 questa
1271 3495 1425 3559 natione.

391 3600 465 3663 Che
497 3599 651 3662 credeno
684 3599 750 3661 che
781 3599 899 3679 quello
931 3600 1086 3662 cervello
1118 3600 1153 3662 di
1178 3601 1375 3666 Huttensi
1405 3605 1521 3686 voglii
1555 3610 1591 3670 al
1687 3679 1688 3682 Ἴ

302 3716 469 3789 presente
488 3715 602 3768 mutar
622 3725 687 3787 per
701 3709 810 3767 cccc²⁰
824 3703 940 3767 fiorini
959 3705 1016 3767 all'
1030 3726 1135 3789 anno,
1160 3709 1193 3770 el
1213 3711 1294 3791 qual
1313 3730 1382 3773 non
1398 3711 1442 3773 nd
1457 3711 1592 3794 piglia·
1687 3689 1688 3696 i

301 3814 414 3876 rebbe
428 3811 530 3874 IVM.
570 3810 649 3891 Jam
670 3810 834 3893 concepit
850 3809 917 3872 sibi
937 3810 1213 3877 immutationem
1235 3816 1342 3879 totius
1357 3817 1593 3905 Germaniae,

301 3919 370 3983 iam
395 3919 585 3982 dominium
610 3918 644 3980 in
670 3920 814 3998 clerum,
838 3918 907 3981 iam
928 3918 1068 3982 inanem
1093 3922 1271 4002 quandam
1294 3926 1444 4006 gloriam
1462 3931 1595 4012 magni
1686 3907 1687 3914 ἵ

300 4025 436 4100 herois;
460 4035 495 4088 et
510 4025 645 4107 peggio
668 4025 686 4088 ὁ
706 4027 772 4092 che
788 4025 904 4106 questi
920 4025 1048 4107 prelati
1068 4048 1135 4108 per
1148 4030 1183 4091 la
1199 4029 1273 4093 vita
1295 4033 1372 4097 loro
1387 4036 1459 4098 tale
1477 4043 1594 4119 quale
1685 4107 1686 4110 ,

301 4136 336 4196 lo
360 4142 513 4214 temeno,
538 4153 609 4195 non
633 4152 737 4194 meno
761 4152 826 4214 per
850 4152 958 4195 causa
982 4132 1031 4196 dil
1054 4134 1136 4212 stilo
1161 4138 1226 4200 che
1251 4139 1345 4202 delle
1365 4161 1474 4223 armo,
1498 4157 1541 4209 et
1569 4148 1595 4211 li
1685 4127 1686 4133 ἵ

300 4238 571 4322 gentilhuomini
595 4237 671 4300 suoi
696 4238 861 4320 complici
884 4240 919 4301 lo
943 4240 1101 4302 adorano
1126 4253 1162 4306 et
1189 4244 1236 4306 ha
1261 4245 1390 4310 fautori
1414 4250 1483 4312 che
1500 4251 1527 4316 '1
1554 4255 1595 4318 sa

301 4346 379 4409 fare
403 4355 493 4408 tutte
518 4355 642 4427 queste
666 4365 760 4411 cose.

391 4452 510 4515 Primo
540 4451 566 4515 il
596 4452 687 4514 duca
718 4449 863 4542 Saxone
894 4454 1061 4536 elettore,
1096 4455 1119 4519 il
1156 4461 1239 4538 qual
1269 4464 1417 4526 absente
1448 4464 1595 4532 Cesare

300 4559 437 4623 restara
466 4561 693 4622 locotenente
724 4559 781 4621 del
805 4559 959 4640 Imperio
990 4559 1025 4622 in
1055 4571 1145 4626 tutta
1169 4563 1360 4633 Germania
1390 4570 1426 4634 di
1457 4571 1494 4635 la
1517 4578 1595 4641 ¹dal

299 4666 450 4740 Rheno;
486 4665 529 4728 El
553 4665 716 4728 Palatino
750 4667 899 4728 elettore
931 4651 1167 4734 locotenente¹
1188 4673 1233 4736 de
1264 4695 1335 4758 qua
1365 4677 1425 4741 dai
1449 4678 1595 4750 Rheno

300 4792 405 4837 verso
437 4775 472 4836 la
496 4771 631 4852 Gallia,
666 4793 737 4835 non
769 4773 793 4835 li
817 4771 898 4836 sara
932 4777 1127 4860 contrario,
1159 4783 1291 4861 perche
1324 4785 1423 4849 crido
1457 4803 1595 4856 contra
1682 4766 1683 4781 ἵ

299 4879 420 4944 Roma
443 4879 478 4943 in
503 4880 539 4942 ia
553 4878 661 4942 Dieta
685 4888 720 4942 et
743 4880 915 4962 muggiva
939 4883 1020 4962 quel
1044 4883 1171 4966 giorno
1192 4909 1292 4954 come
1309 4891 1347 4954 X
1370 4894 1449 4974 tori,
1474 4916 1594 4980 quum
