3425 5700
630 553 876 616 ΗΗΙΗΉ

148 700 335 772 Sanctissimi
374 703 517 784 Domini
561 707 673 770 nostri
714 717 750 770 et
787 702 892 768 Sedis
935 702 1167 787 Apostolicae
1207 700 1392 789 dignitate.

146 816 227 878 lutto
247 836 282 878 se
306 815 447 878 rimette
471 816 542 877 alla
565 814 755 897 prudentia
775 815 819 876 de
844 813 866 875 l’
883 834 954 876 uno
979 824 1014 876 et
1043 815 1088 876 de
1111 814 1133 876 l'
1155 815 1257 878 altre.
1304 815 1332 877 F
1335 826 1393 878 ate

145 922 190 1003 poi
209 921 480 1005 ringratiamenti
514 932 550 986 et
578 919 704 984 offerte
732 919 939 1003 particulari
970 922 1004 983 al
1032 920 1079 983 R.
1114 919 1341 1002 Confessore‚
1372 943 1394 985 a

145 1029 340 1111 llagontin0‚
365 1029 617 1111 orandeburg,
649 1038 684 1092 et
713 1029 857 1092 fratello
890 1037 927 1090 et
956 1027 982 1090 il
1012 1047 1167 1090 vescovo
1200 1031 1276 1091 loro
1301 1040 1336 1092 et
1359 1031 1393 1092 al

146 1137 202 1199 R¹⁰⁰
227 1137 366 1200 Treveri
401 1147 436 1230 et
464 1137 521 1200 all'
553 1135 701 1200 offitiale
729 1155 793 1198 suo
825 1155 847 1198 a
878 1134 934 1197 cui
969 1145 1113 1216 possete
1150 1136 1227 1198 dire
1262 1136 1393 1200 Nostro

147 1241 250 1324 Signor
270 1243 402 1307 tenersi
427 1240 474 1306 lui
499 1243 670 1324 obligato,
696 1251 731 1306 et
755 1243 814 1304 del
834 1250 1003 1324 presente
1028 1242 1112 1306 delli
1126 1243 1221 1305 mille
1235 1242 1351 1307 fiorini
1376 1245 1394 1307 ὲ

147 1361 217 1412 stato
238 1353 428 1414 solamente
453 1371 580 1433 perun
597 1371 721 1432 segne,
746 1370 802 1412 ma
818 1349 957 1431 piaccia
981 1369 1001 1410 a
1026 1349 1069 1413 N.
1094 1347 1130 1412 S.
1154 1350 1224 1412 Dio
1248 1353 1314 1412 che
1331 1372 1395 1434 per

148 1458 222 1519 detto
232 1457 272 1520 R.
282 1457 495 1521 Confessore
506 1459 686 1540 possiamo
701 1457 778 1520 fare
790 1477 835 1518 un
850 1456 887 1518 di
899 1458 1050 1538 qualche
1062 1458 1180 1539 degne
1195 1478 1394 1520 remunera-

147 1564 220 1626 tione
233 1575 264 1627 et
277 1567 391 1628 anche
406 1585 472 1647 per
484 1565 584 1628 detto
597 1563 762 1627 officiale.
782 1561 937 1644 ,Quanto
949 1584 970 1626 a
985 1562 1042 1625 vui
1054 1573 1150 1626 resta
1167 1565 1243 1645 che,
1260 1575 1396 1627 mentre

148 1673 173 1733 la
191 1691 260 1734 cosa
282 1672 299 1735 ὲ
323 1675 393 1735 ben
420 1672 580 1753 disposta
604 1670 794 1753 seguitiate
818 1669 891 1734 fiuo
915 1672 985 1732 alla
1003 1669 1219 1752 perfettione
1243 1671 1279 1733 di
1303 1681 1395 1734 tutto

148 1775 270 1841 lacendo
292 1779 357 1841 tuti
381 1779 406 1841 li
425 1779 522 1842 soliti
546 1777 654 1840 officii
679 1799 744 1861 per
768 1777 981 1860 extinguere
1011 1777 1048 1839 in
1080 1786 1172 1840 tutto
1205 1781 1237 1840 el
1267 1780 1394 1843 veleno

149 1895 174 1946 et
197 1886 376 1949 sradicarlo
411 1881 503 1949 delle
535 1885 643 1948 menti
675 1884 732 1948 dei
764 1886 888 1968 populi
920 1896 956 1947 et
988 1905 1009 1947 a
1046 1897 1173 1966 questo
1203 1887 1261 1948 vui
1291 1907 1395 1951 mess.

149 1991 336 2076 Hieronymo
360 1992 514 2056 maxime
538 1992 627 2056 siate
651 1991 798 2056 intente.

216 2100 367 2164 Havemo
403 2099 518 2163 inteso
552 2121 574 2163 a
606 2100 740 2181 longho
775 2099 821 2161 da
844 2119 946 2162 mess.
971 2099 1139 2182 Raphael
1172 2113 1294 2162 nostro
1328 2121 1394 2164 con

150 2219 253 2288 quanta
273 2207 355 2270 fede
381 2217 416 2269 et
441 2207 640 2270 constantia
664 2228 735 2270 non
754 2208 919 2269 obstante
940 2207 1020 2269 tutti
1037 2209 1066 2269 e'
1084 2207 1232 2289 pericoli
1256 2208 1291 2269 vi
1306 2208 1396 2271 siate

149 2315 262 2395 portati,
286 2316 351 2377 che
376 2315 412 2376 di
436 2323 528 2377 tutto
560 2311 611 2376 Su
643 2311 781 2377 Santitt
815 2315 862 2376 ha
892 2314 1094 2394 gratissima
1123 2315 1302 2377 memoria.
1349 2315 1396 2376 Vi

148 2421 168 2482 si
186 2424 298 2484 mando
323 2443 344 2484 a
368 2421 484 2502 questi
508 2420 544 2483 di
568 2422 603 2483 la
627 2422 783 2483 seconda
799 2422 897 2483 bolla
913 2429 1036 2483 contra
1056 2422 1211 2484 MartIno
1236 2442 1255 2482 e
1281 2422 1396 2484 alcuni

148 2529 261 2612 exempl
284 2529 317 2590 di
344 2550 391 2592 un
416 2528 507 2592 libro
532 2529 591 2590 del
615 2527 804 2590 Cardinale
835 2527 872 2589 di
897 2526 1010 2590 Sento
1040 2526 1143 2590 Sixto
1175 2529 1210 2590 in
1240 2539 1394 2612 stampa;

146 2637 213 2699 hora
234 2658 273 2700 ve
300 2657 345 2699 ne
378 2636 579 2698 mandiamo
611 2645 666 2697 tre
697 2635 777 2697 altri
809 2645 844 2697 et
874 2633 933 2696 dui
964 2636 997 2697 d'
1025 2656 1070 2698 un
1107 2638 1198 2698 altro
1229 2637 1320 2698 libro
1351 2637 1396 2698 de

145 2741 216 2806 frate
238 2742 442 2814 Ambrosio;
468 2741 707 2805 comunicatili
732 2745 788 2827 col
812 2742 930 2804 Padre
955 2741 1169 2805 Confessore
1202 2753 1238 2805 et
1269 2764 1335 2805 con
1361 2746 1396 2805 lo

142 2849 279 2914 officiale.
1379 2830 1382 2835 ¹

211 2960 261 3021 De
284 2958 502 3039 Inghilterra
525 2958 677 3020 havemo
701 2977 794 3020 nove
817 2957 960 3020 fresche
985 2977 1086 3019 corno
1112 2959 1194 3039 quel
1218 2958 1277 3019 Re
1301 2958 1319 3021 ὲ
1344 2979 1394 3021 ar-

137 3064 323 3128 dentissimo
348 3075 473 3127 contra
497 3074 623 3146 queste
648 3064 787 3127 heresie
811 3074 847 3125 et
872 3062 908 3126 fa
933 3084 1002 3126 non
1019 3066 1096 3126 solo
1112 3067 1282 3127 abrusare
1307 3075 1397 3127 tutte

135 3174 160 3235 le
181 3171 377 3254 malvaggie
403 3191 512 3254 opere
538 3173 582 3234 de
607 3171 777 3250 Martino,
810 3192 867 3233 ma
898 3173 1012 3233 anche
1042 3173 1108 3233 che
1131 3172 1212 3234 tutti
1237 3173 1261 3234 li
1285 3173 1396 3234 Theo-

131 3280 193 3363 logi
215 3291 250 3343 et
273 3278 363 3341 dotti
388 3279 447 3341 del
471 3277 605 3359 Regno
630 3278 793 3341 scrivano
819 3277 1001 3340 contradi
1027 3278 1086 3359 lui,
1111 3278 1269 3341 etmulti
1295 3278 1395 3341 affer·

129 3408 220 3450 mano
244 3388 309 3449 che
333 3386 358 3447 il
383 3386 442 3449 Re
467 3384 613 3468 proprio
638 3405 812 3467 compone
838 3395 964 3446 contra
988 3386 1021 3447 el
1052 3386 1162 3447 detto,
1210 3384 1397 3466 Seguitate

126 3495 176 3555 vui
208 3514 274 3557 con
307 3494 331 3555 il
355 3494 535 3556 medesmo
567 3494 695 3555 ardore
728 3493 860 3574 perche
900 3494 935 3553 la
969 3512 1052 3554 cosa
1085 3492 1120 3554 in
1145 3501 1271 3573 questa
1302 3495 1397 3555 bona

125 3602 349 3684 dispositione
379 3599 561 3684 perseveri
596 3610 631 3661 et
663 3599 692 3661 si
727 3600 889 3661 conduca
921 3599 978 3660 del
1010 3607 1101 3661 tutto
1135 3620 1156 3660 a
1188 3602 1283 3661 buon
1316 3598 1397 3663 fine.

124 3710 215 3773 Bene
239 3711 367 3772 valete.

205 3816 306 3881 Oltre
331 3816 367 3877 di
395 3823 520 3896 questo
552 3814 588 3876 vi
620 3814 819 3875 mandiamo
853 3823 906 3875 tre
937 3815 1038 3876 altre
1058 3813 1160 3896 copie
1194 3813 1229 3875 in
1259 3824 1398 3895 stampa

127 3921 157 3982 di
187 3942 233 3985 un
259 3924 349 3985 libro
382 3922 417 3984 di
452 3922 507 3984 fra
530 3922 708 3983 Thomaso
733 3920 894 4000 Raoino,
928 3930 963 3981 et
996 3922 1065 3981 due
1097 3921 1133 3982 di
1165 3940 1235 3982 una
1259 3920 1395 4000 oration

129 4027 159 4087 di
187 4050 318 4093 messer
346 4028 525 4093 Giovanni
559 4028 717 4090 Antonio
750 4026 936 4107 Modest0,
967 4047 1032 4108 per
1065 4026 1089 4088 il
1122 4038 1267 4108 pessato
1298 4029 1396 4089 here·

132 4131 202 4195 tico.
248 4136 492 4199 Distribuitele
524 4155 624 4197 corne
656 4145 691 4197 et
722 4154 742 4196 a
775 4133 831 4195 chi
855 4133 892 4195 vi
915 4154 1013 4215 pare.
1060 4133 1263 4196 Florentiae
1288 4132 1398 4195 XIIII

134 4234 208 4300 Maii
231 4242 409 4307 MDXXI.

1037 4371 1083 4418 uu
1101 4363 1203 4426 vertor
1220 4363 1326 4435 tntu,

997 4458 1363 4512 llice-Cancellarius,
