3425 5700
772 554 831 608 0<3
868 556 922 609 512
960 552 1019 605 &⁴³

261 694 362 775 cesis,
386 696 443 759 alii
469 696 553 781 luga
578 700 704 761 salvati
729 710 820 761 sunt.
866 700 1051 763 Venerant
1076 703 1121 763 ab
1144 699 1334 781 Herbipoli
1358 720 1444 761 2000
1466 720 1538 762 rus·

260 802 320 863 tici
346 803 380 864 in
407 804 574 867 auxilium
599 806 844 870 obsidentibus
869 807 1083 879 Nevenstat;
1118 817 1155 869 at
1176 807 1359 870 intellecto
1383 808 1542 869 adventu

262 908 477 971 Marchionis
513 912 735 976 obsidionem
778 916 979 993 solverunt,
1022 924 1149 977 euntes
1186 936 1258 977 una
1300 934 1366 996 per
1406 914 1544 995 oppida

261 1015 487 1097 Wintzheim,
511 1030 547 1080 et
572 1018 787 1102 Offenheim,
812 1021 1075 1085 descenderunt
1097 1024 1143 1083 ad
1167 1020 1402 1103 Herbipolim.
1447 1020 1541 1083 Mar-

262 1124 341 1185 chio
372 1124 469 1186 venit
497 1124 532 1187 in
564 1147 685 1189 eorum
716 1139 946 1209 conspectum
978 1150 1093 1212 prope
1123 1128 1359 1200 Wintzheim‚
1390 1138 1427 1190 et
1457 1129 1544 1209 quia

261 1250 408 1312 parvam
433 1251 573 1294 manum
597 1234 768 1313 habebat,
794 1246 830 1298 et
852 1235 989 1298 fossata
1011 1237 1164 1318 plurima
1186 1236 1258 1299 illic
1282 1245 1399 1315 erant,
1432 1234 1542 1297 intac-

262 1346 318 1399 tos
342 1338 493 1419 reliquit.
540 1340 580 1401 ln
605 1341 722 1405 reditu
744 1342 872 1405 iterum
902 1344 1006 1405 villas
1034 1344 1203 1422 incendit,
1228 1343 1380 1406 rusticos
1402 1343 1544 1424 iugulat

261 1446 417 1506 secunda
440 1444 551 1525 Junii;
578 1448 675 1509 venit
708 1448 742 1509 in
772 1448 1037 1512 Lenterszheim
1065 1452 1172 1513 tertia
1203 1450 1316 1529 Junii,
1356 1460 1392 1511 et
1422 1450 1541 1512 statim

262 1552 402 1633 accepit
432 1554 616 1635 oppidum,
651 1564 765 1617 turres
801 1568 837 1617 et
866 1566 989 1638 portas
1021 1557 1126 1619 deiici
1158 1558 1354 1637 mandavit,
1387 1556 1543 1638 sigillum

263 1659 368 1739 rupit,
391 1659 582 1743 privilegia
606 1662 769 1741 abstulit,
794 1664 949 1745 quinque
974 1664 1184 1744 decollavit,
1214 1685 1293 1727 cum
1318 1684 1439 1726 eorum
1464 1685 1542 1745 pre-

263 1765 421 1829 dicatore
446 1768 632 1847 sacerdoti,
658 1780 793 1852 septem
818 1772 981 1852 periuros
1005 1772 1138 1853 digitos
1162 1772 1338 1853 amputari
1361 1771 1458 1834 fecit.

352 1876 545 1955 Postquam
576 1886 679 1939 sexta
711 1877 822 1957 Junii,
856 1888 892 1940 et
922 1879 1153 1959 sequentibus
1184 1878 1296 1941 tribus
1319 1880 1446 1941 diebus
1469 1878 1545 1961 liga

264 2001 368 2045 omne
392 1984 580 2063 negocium
605 1984 791 2046 Herbiboli
816 1986 1024 2066 composuit,
1045 1986 1207 2067 pluribus
1221 1986 1445 2066 decapitatis,
1467 1988 1543 2067 plu·

265 2089 363 2150 ribus
387 2090 433 2151 ad
457 2089 578 2153 restim
601 2100 677 2152 toto
702 2092 817 2172 spatio
843 2093 939 2154 vitae
963 2094 1177 2174 portandum
1209 2092 1401 2171 damnatis,
1437 2092 1544 2174 pluri·

267 2200 331 2259 bus
359 2217 476 2260 annuo
508 2196 643 2261 floreno
678 2198 823 2280 periurii
859 2201 1056 2280 mulctatis,
1093 2210 1129 2262 et
1163 2202 1209 2263 de
1244 2201 1404 2281 qualibet
1438 2202 1545 2262 domo

266 2305 389 2366 decern
413 2302 507 2367 flors.
532 2305 667 2384 solutis,
693 2304 767 2387 liga
790 2308 835 2368 ad
851 2307 1091 2388 Bambergam
1108 2308 1294 2370 contendit
1309 2304 1367 2368 die
1387 2326 1425 2383 ¹4
1440 2305 1547 2384 Junii,

266 2420 302 2472 et
331 2410 471 2473 nemine
513 2412 701 2475 resistente
731 2433 815 2475 mox
845 2414 942 2494 cepit
975 2413 1169 2485 civitatem;
1201 2413 1416 2496 aufugerant
1447 2412 1548 2475 cives

266 2516 377 2579 ferme
401 2518 653 2599 quadringenti
685 2521 730 2580 ad
764 2519 1028 2601 Nerobergam,
1059 2520 1152 2583 misit
1180 2521 1254 2601 liga
1285 2522 1331 2582 ad
1364 2518 1548 2599 Senatum,

265 2645 311 2686 ne
335 2636 561 2706 receptarent
584 2628 704 2689 hostes
728 2627 833 2708 ligae,
845 2627 965 2689 iuxsta
977 2628 1161 2690 articulum
1174 2630 1280 2710 ligae,
1296 2628 1378 2690 ideo
1393 2625 1549 2690 Senatus

266 2732 514 2813 proclamavit,
549 2733 750 2815 quicunque
784 2754 853 2797 non
883 2743 1007 2815 posset
1038 2738 1083 2796 de
1115 2736 1192 2797 iure
1226 2735 1445 2817 respondere
1479 2735 1549 2816 ipsi

266 2839 373 2920 ligae,
396 2838 426 2902 is
441 2839 539 2904 Urbe
563 2861 607 2904 eo
621 2842 679 2904 die
692 2844 900 2915 excederet;
917 2842 1012 2904 unde
1025 2863 1148 2905 omnes
1160 2842 1446 2924 Bambergenses
1461 2862 1546 2903 mox

267 2947 380 3028 elapsi
404 2959 503 3020 sunt;
529 2949 722 3030 decapitati
746 2950 952 3029 duodecim,
986 2949 1081 3032 capti
1105 2949 1260 3029 plurimi,
1297 2950 1464 3010 Halbstat
1488 2969 1547 3010 ex·

268 3067 393 3134 ustum,
418 3055 551 3136 oppida
575 3059 761 3138 mulctata,
786 3069 821 3120 et
853 3058 1059 3138 Bamberga
1094 3057 1295 3136 quindecim
1326 3056 1434 3119 millia
1470 3053 1546 3120 flor.

268 3161 390 3236 solvit;
415 3161 558 3226 fuerunt
581 3165 720 3226 evocati
744 3165 894 3226 trecenti
919 3164 1119 3246 sexaginta,
1141 3184 1188 3226 ex
1212 3163 1340 3244 quibus
1365 3165 1435 3225 duo
1459 3164 1547 3225 dun·

269 3280 368 3330 taxat
393 3269 535 3332 fuerunt
558 3272 707 3344 inventi;
740 3269 885 3334 dimisso
908 3271 1088 3352 praesidio
1119 3271 1215 3351 apud
1246 3269 1480 3350 Episcopum,
1512 3279 1549 3331 et

269 3377 514 3440 commissione
546 3377 659 3458 sacta,
697 3379 771 3460 liga
809 3377 964 3440 excessit
995 3376 1209 3440 territorium
1240 3375 1413 3457 vigesima
1443 3376 1549 3438 tertia

268 3484 380 3564 Junii,
406 3494 442 3547 et
465 3485 628 3547 adiunxit
660 3484 817 3567 pedites,
851 3496 887 3547 et
911 3485 1048 3566 equites
1070 3484 1106 3547 in
1130 3483 1325 3546 subsidium
1347 3481 1549 3545 Marchioni

270 3591 427 3656 Casmiro
452 3593 802 3673 Brandenburgensi,
827 3603 864 3653 ut
888 3592 1022 3673 oppida
1045 3612 1109 3653 sua
1133 3590 1304 3670 recipere,
1333 3598 1369 3652 et
1397 3589 1550 3651 rusticos

270 3700 395 3781 punire
419 3699 545 3781 possit;
580 3699 673 3761 unde
708 3698 742 3761 in
775 3698 909 3780 oppido
941 3698 1090 3779 Kitzing
1123 3703 1162 3759 02
1189 3698 1333 3759 occulos
1357 3695 1465 3775 eruit,
1502 3715 1549 3758 ex

270 3806 396 3887 quibus
431 3805 632 3886 quindecim
658 3816 784 3887 postea
816 3826 897 3868 mox
921 3805 1048 3867 mortui
1072 3817 1168 3874 sunt;
1193 3804 1266 3885 liga
1281 3813 1398 3864 autern
1413 3801 1549 3864 exerci-
1581 3832 1585 3840 ·

269 3923 326 3976 tus
350 3935 414 3995 per
438 3913 579 3976 Rhetos
602 3913 729 3976 iterum
754 3913 799 3975 ad
824 3911 963 3975 Suevos
987 3925 1023 3974 et
1046 3910 1199 3992 Algoios
1223 3921 1402 3992 properat.

358 4020 466 4082 Ducis
490 4017 645 4082 Saxonis
668 4040 745 4082 curn
770 4019 988 4099 Lantgravio
1005 4018 1154 4083 Hassiae
1178 4020 1362 4079 obsessum
1386 4015 1549 4077 Molhau-

270 4148 331 4192 sen
358 4128 392 4190 vi
416 4137 670 4210 expugnarunt
685 4127 845 4208 pluribus
862 4125 1057 4203 trucidatis,
1080 4125 1224 4185 tandem
1240 4143 1315 4205 pax
1329 4123 1550 4204 proclamata

270 4249 344 4308 est;
369 4247 407 4300 et
428 4237 495 4298 hoc
520 4236 626 4296 modo
651 4233 809 4296 mulctati
832 4230 1018 4314 oppidani:
1048 4231 1167 4292 Primo
1202 4229 1391 4292 restituant
1407 4248 1548 4291 omnem

270 4347 420 4422 clerum,
452 4344 659 4416 monachos,
684 4353 719 4403 et
749 4341 921 4403 moniales
950 4340 1120 4419 expulsos
1159 4338 1204 4399 ad
1229 4335 1350 4417 priora
1382 4337 1481 4413 loca,
1514 4343 1551 4396 et

271 4451 408 4532 priores
431 4447 593 4512 redditus
618 4460 654 4510 ut
678 4448 771 4512 olim.
822 4457 865 4509 2⁰.
890 4466 1012 4509 omnes
1036 4465 1164 4507 census
1180 4454 1216 4506 et
1233 4443 1353 4506 debita
1368 4440 1549 4504 creditori·

271 4561 337 4620 bus
361 4560 501 4620 solvant
525 4566 562 4618 ut
587 4556 680 4618 olim.
705 4567 751 4633 3⁰.
777 4553 919 4617 diruant
942 4573 1065 4616 omnes
1088 4561 1214 4630 turres,
1237 4570 1368 4628 muros,
1392 4559 1428 4611 et
1442 4547 1550 4610 forta·

271 4665 356 4746 litia,
375 4676 410 4726 et
426 4683 604 4745 nunquam
622 4661 862 4725 reaedificent.
879 4671 925 4739 4⁰.
944 4659 1061 4722 omnia
1077 4679 1175 4721 arma
1192 4658 1385 4738 deponant,
1401 4667 1438 4718 et
1452 4656 1550 4718 nulla

272 4771 342 4836 alia
364 4771 559 4853 acquirant.
608 4781 653 4847 5⁰.
688 4768 856 4850 quicquid
892 4769 1025 4831 habent
1060 4768 1106 4828 de
1140 4764 1366 4839 Bombardis,
1397 4770 1551 4825 tormen·

271 4882 334 4962 tis,
370 4881 528 4961 pulvere,
563 4877 756 4956 frumento,
790 4876 825 4938 in
850 4873 1024 4939 communi
1050 4872 1188 4936 aerario
1220 4870 1415 4934 exhibeant
1448 4868 1550 4931 Prin-
