3425 5700
632 601 893 666 ο-1321191ἓ31,

133 743 198 806 suoi
207 743 453 827 temporeggia
465 765 532 827 per
542 747 693 828 qualche
706 747 833 829 giorno
846 768 911 829 per
924 751 1017 810 buon
1038 757 1197 830 respetto
1217 747 1253 810 di
1270 756 1394 828 queste

133 871 204 914 cose
221 851 255 914 di
266 851 416 933 Guerra,
436 860 473 915 et
489 853 524 915 io
539 855 658 933 credo,
674 855 739 917 che
757 876 794 918 se
811 857 888 918 loro
900 858 1074 919 havesero
1088 855 1149 937 piu
1168 854 1357 938 risguardo
1373 875 1396 916 a

136 957 194 1020 Dio
216 960 280 1021 che
303 962 337 1022 31
362 958 522 1023 discorso
546 960 596 1023 dil
619 963 761 1042 munde,
787 971 823 1024 et
845 963 1040 1025 lassassero
1069 960 1126 1024 fer
1157 981 1180 1022 a
1203 958 1313 1023 Cesar
1343 979 1395 1021 se-

133 1065 234 1128 cundo
257 1066 290 1128 el
314 1068 386 1129 bon
410 1085 474 1130 suo
498 1067 685 1149 proposito
709 1069 774 1132 che
799 1087 939 1150 sempre
956 1070 1003 1131 ha
1022 1068 1169 1148 havuto,
1191 1067 1302 1130 molto
1326 1087 1393 1129 me-

133 1171 196 1253 glio
217 1191 254 1236 se
276 1176 542 1255 portarebbeno
566 1176 600 1238 le
624 1195 707 1238 cose
741 1177 836 1239 della
860 1177 958 1239 Fede
989 1176 1025 1238 in
1056 1194 1164 1238 causa
1196 1174 1395 1252 lutherana,

133 1287 162 1341 et
181 1297 285 1342 ancor
307 1281 369 1362 piu
390 1285 726 1365 prosperarebbeno
750 1285 783 1347 le
807 1283 959 1346 facende
975 1283 1020 1345 de
1035 1280 1110 1345 Sua
1125 1281 1274 1344 Maeote.
1313 1279 1393 1342 Non

133 1397 270 1451 restamo
293 1385 383 1470 perd
406 1387 463 1450 far
485 1387 545 1451 noi
569 1389 649 1452 altri
674 1390 759 1473 ogni
782 1390 966 1468 instantia,
1001 1399 1037 1453 et
1060 1389 1097 1452 di
1118 1391 1230 1452 breve
1254 1387 1284 1450 si
1307 1387 1395 1450 dara

133 1495 237 1556 buona
259 1495 507 1576 expeditione,
540 1507 576 1560 et
606 1497 753 1561 insieme
778 1499 848 1562 alle
871 1515 956 1562 cose
979 1497 1015 1560 di
1038 1495 1231 1560 Hollandia
1253 1497 1289 1558 la
1312 1496 1395 1576 qual

136 1609 219 1664 certo
234 1603 252 1666 ἑ
276 1603 386 1666 molto
406 1602 542 1684 insetta,
568 1612 604 1666 et
627 1624 698 1668 non
722 1606 869 1669 attendo
885 1606 930 1668 ad
954 1607 1056 1685 altro,
1080 1623 1119 1668 se
1135 1623 1207 1667 non
1222 1603 1269 1665 ad
1283 1604 1395 1665 haver

133 1707 190 1770 nia
212 1708 451 1790 expeditione,
474 1728 540 1791 per
564 1713 780 1774 andarmene
804 1714 849 1792 la,
874 1713 958 1774 dato
983 1712 1049 1774 che
1072 1709 1107 1773 io
1122 1708 1245 1772 habbii
1270 1708 1394 1772 ordine

133 1813 235 1893 quiin
258 1815 442 1897 Bruxella,
466 1825 502 1880 et
526 1818 585 1880 nel
608 1837 717 1898 paese
742 1818 778 1880 di
803 1817 1011 1896 Harmonia,
1035 1819 1068 1880 le
1093 1816 1187 1898 quali
1210 1815 1299 1897 perd
1323 1835 1394 1877 non

132 1920 234 1983 hanno
256 1924 367 1985 molto
391 1923 437 1985 de
457 1923 611 2005 bisogno
634 1943 700 2006 per
724 1945 793 1988 non
819 1945 916 1988 esser
938 1923 1066 1988 infetti.
1112 1923 1155 1986 El
1169 1921 1304 2005 poggio
1328 1922 1393 1984 che

133 2025 161 2089 io
180 2030 265 2091 vedo
288 2029 324 2092 in
348 2029 465 2111 questi
487 2029 589 2113 paesi
613 2031 631 2093 ὲ
656 2031 693 2093 di
717 2033 834 2113 quello
860 2031 973 2094 amico
997 2030 1063 2093 che
1078 2030 1211 2092 Vostra
1227 2027 1395 2110 Signoria

133 2133 433 2200 Reverendissima
461 2138 508 2201 mi
538 2139 671 2218 scrive,
703 2141 769 2202 che
801 2137 834 2201 io
866 2138 962 2201 debii
991 2158 1059 2201 con
1090 2138 1175 2219 ogni
1206 2136 1396 2199 dextrezza

133 2241 206 2305 tirar
226 2245 295 2306 alla
319 2243 451 2307 diretta
473 2245 542 2310 via.
581 2244 611 2308 Il
628 2248 694 2308 che
719 2254 817 2308 certo
836 2265 976 2327 sempre
999 2243 1046 2307 mi
1070 2263 1134 2307 son
1151 2243 1288 2308 forzato
1305 2243 1393 2308 fare.

207 2349 242 2412 L’
267 2353 359 2414 altro
395 2351 413 2414 ὲ
444 2351 469 2414 11
500 2351 604 2414 Prior
641 2351 676 2414 di
707 2349 902 2434 Augustini
933 2352 967 2414 ln
1002 2353 1209 2431 Antwersa,
1243 2353 1276 2413 el
1310 2351 1394 2431 qual

136 2475 193 2518 non
214 2456 271 2538 gie
294 2457 330 2520 in
354 2457 507 2539 publicis
531 2459 753 2522 sermonibus
778 2460 828 2541 (ut
852 2455 964 2541 prius)
988 2459 1052 2521 sed
1077 2460 1168 2520 clam
1191 2459 1319 2520 multos
1343 2458 1390 2518 in·

132 2559 207 2645 licit,
237 2583 293 2626 ma
317 2575 444 2646 questo
468 2568 625 2628 secundo
659 2573 714 2628 est
737 2585 783 2628 ex
808 2585 851 2629 eo
876 2585 1010 2647 genere
1033 2565 1234 2628 Demonum
1257 2564 1324 2627 che
1347 2567 1395 2628 ha

135 2668 170 2730 de
189 2669 337 2753 bisogno
361 2671 397 2734 di
420 2673 560 2735 baston.
608 2673 701 2736 Pero
733 2672 779 2735 mi
810 2672 934 2736 dubito
958 2692 1014 2734 me
1038 2671 1118 2734 sare
1141 2673 1303 2752 besogno
1328 2673 1394 2733 che

136 2773 163 2837 io
199 2777 343 2859 procedi
387 2777 670 2862 rigorosamente
682 2828 691 2862 ,
740 2787 777 2843 et
818 2779 916 2843 forza
955 2778 1036 2842 sard
1078 2778 1201 2841 naschi
1244 2778 1395 2860 qualche

134 2886 262 2948 tumulto
303 2886 436 2968 perche
472 2888 518 2948 ho
553 2894 688 2949 tentato
736 2888 772 2949 13
811 2886 872 2949 via
905 2884 1055 2968 pacifica
1095 2906 1162 2968 per
1197 2886 1316 2968 megio
1359 2886 1394 2947 di
1489 2895 1491 2899 '

134 2990 234 3054 buone
255 3010 408 3074 persone
433 3002 468 3055 et
492 2993 624 3056 frustra
647 2994 868 3074 laboramus,
905 3003 941 3057 et
971 2994 1015 3057 de
1043 2994 1191 3057 lassarlo
1215 3013 1236 3055 a
1266 3002 1393 3074 questo

136 3097 223 3159 modo
242 3119 307 3180 per
321 3098 442 3162 niente
459 3102 656 3163 consultum
670 3099 822 3182 videtur,
845 3102 977 3183 perche
994 3102 1040 3164 de
1054 3103 1165 3163 breve
1180 3100 1393 3163 harressimo

138 3208 337 3270 renovellata
360 3216 488 3289 questa
511 3216 621 3289 setta,
646 3210 680 3271 la
704 3211 786 3290 qual
810 3207 846 3270 in
871 3208 986 3289 questi
1011 3206 1134 3290 luoghi
1157 3208 1245 3269 hora
1268 3226 1335 3289 per
1358 3209 1393 3270 la

139 3310 235 3387 gratia
257 3312 291 3375 di
314 3313 385 3377 Dio
417 3314 435 3377 ὲ
470 3314 570 3396 quasi
603 3315 661 3378 del
691 3323 783 3378 tutto
808 3314 962 3395 extinta,
996 3323 1032 3377 et
1064 3316 1217 3377 sarebbe
1249 3313 1392 3377 omnino

140 3415 305 3482 anichilata
329 3440 368 3483 se
392 3420 424 3483 si
445 3430 590 3502 potesse
614 3419 679 3484 dar
703 3422 828 3485 ordine
852 3423 923 3485 alle
955 3421 1024 3484 due
1054 3421 1283 3503 soprascritte
1314 3442 1392 3502 per·
1435 3436 1439 3442 ’

140 3538 224 3603 sone,
254 3529 287 3589 al
310 3529 377 3590 che
401 3536 499 3590 certo
523 3529 628 3591 usard
653 3527 738 3609 ogni
763 3528 950 3609 diligentia
964 3530 1091 3591 conlo
1115 3528 1236 3591 adiuto
1261 3528 1297 3591 di
1311 3528 1391 3609 Dio,

142 3628 188 3706 qui
208 3631 552 3697 Reverendissimam
577 3644 613 3697 et
636 3634 911 3698 Illustrissimam
925 3634 1211 3698 Dominationem
1226 3636 1393 3701 Vestram

142 3732 188 3797 diu
206 3736 336 3803 felicem
361 3750 491 3822 servet,
516 3742 616 3805 cuius
640 3762 763 3805 manus
786 3741 979 3805 humillime
1003 3742 1201 3806 deosculor.

650 3956 855 3967 mvvwwvwvm

715 4186 789 4251 123.

448 4302 657 4383 1113111131
685 4301 1057 4383 111113113113111.

539 4441 681 4506 (nudat.
700 4441 826 4501 demea
850 4440 881 4499 L
898 4440 966 4515 ut)

579 4548 633 4620 (15.
653 4552 815 4617 Septembris
837 4549 926 4617 1521.)

215 4666 280 4731 Ali
296 4667 331 4733 111
346 4668 482 4751 passati
497 4668 628 4751 partite
645 4669 689 4731 de
706 4669 736 4730 F
737 4669 863 4731 iandra
879 4689 944 4752 per
960 4667 1064 4731 Italia
1078 4668 1197 4749 quello
1214 4665 1306 4730 frate
1319 4666 1391 4746 Jos.

149 4764 312 4839 Borchardi
327 4777 372 4839 de
388 4775 616 4858 predicatori,
641 4776 675 4839 el
690 4777 783 4857 qual,
809 4796 910 4839 como
934 4776 1024 4838 altre
1048 4777 1144 4837 volte
1168 4772 1303 4856 scripsi,
1327 4793 1393 4855 per

149 4872 234 4941 havet
261 4883 442 4964 predicato
474 4892 598 4947 contra
626 4882 651 4945 li
680 4883 876 4945 Lutherani
907 4903 952 4947 ne
985 4884 1020 4944 lo
1051 4881 1214 4945 incendio
1246 4879 1282 4942 di
1315 4881 1392 4943 loro

168 4998 377 5055 Ethemeam-ra
385 5008 525 5049 uuum.
1200 4988 1233 5038 19
