3425 5700
654 580 882 637 filli&

126 727 321 790 Concilium
337 727 621 805 Constantiense,
646 749 715 808 quo
740 736 822 809 post
846 726 908 789 illa
932 734 1082 807 quatuor
1107 746 1236 807 magna
1252 725 1409 789 Concilia

126 838 258 897 nullum
282 834 349 897 fuit
373 855 527 917 unquam
551 835 727 898 salubrius
746 838 854 897 rebus
870 833 1089 897 Christianis.
1123 833 1201 914 Quo
1217 832 1409 897 Germania

125 941 203 1022 ipsa
234 942 419 1022 perpetuis
450 951 506 1005 est
536 945 719 1005 celebrata
749 942 960 1024 praeconiis.
1008 942 1066 1003 An
1091 950 1186 1003 totus
1211 940 1307 1002 orbis
1331 942 1409 1003 hac·

126 1059 229 1111 tenus
254 1050 387 1111 erravit
411 1060 446 1110 et
470 1051 566 1112 solus
583 1049 757 1111 Martinus
781 1051 874 1111 bene
898 1048 1029 1111 sensit?
1054 1069 1098 1110 an
1124 1048 1242 1129 potius
1266 1049 1334 1110 hoc
1351 1049 1409 1109 vel

127 1157 238 1218 solum
249 1156 389 1219 facinus
404 1168 632 1237 perpetrasse
645 1156 868 1219 demonstrat
878 1154 1069 1218 Martinum
1085 1175 1162 1217 esse
1179 1154 1272 1217 omni
1289 1157 1408 1217 haere·

126 1264 267 1325 siarcha
280 1262 490 1343 iniquiorem
508 1273 543 1326 et
558 1264 728 1345 peiorem.
763 1263 831 1343 Qui
849 1262 878 1325 si
897 1262 1105 1343 evangelice
1122 1262 1260 1325 viveret
1276 1264 1325 1344 (ut
1341 1261 1409 1323 iac-

128 1371 205 1433 titat
223 1380 259 1431 et
275 1370 462 1455 gloriatur)
476 1392 546 1433 non
562 1380 634 1433 tam
649 1370 756 1434 foede
773 1381 916 1452 tamque
932 1370 1158 1450 impudenter
1176 1370 1220 1431 de
1237 1367 1409 1451 proximis

128 1479 168 1541 de
188 1477 436 1556 Pontificibus,
461 1480 505 1542 de
522 1478 690 1542 Conciliis
711 1480 926 1559 loqueretur,
952 1496 1066 1557 neque
1084 1496 1189 1539 ausus
1206 1475 1333 1537 luisset
1350 1496 1409 1537 un-

128 1606 241 1665 quam,
256 1588 324 1647 hoc
338 1586 569 1648 comburendi
583 1587 728 1648 decreta
743 1586 909 1667 exemplo
923 1593 1058 1648 tantum
1071 1583 1107 1645 in
1120 1594 1196 1646 toto
1210 1586 1296 1647 orbe
1313 1602 1409 1645 scau·

129 1693 246 1755 dalum
259 1692 451 1772 concitare,
467 1702 502 1755 et
513 1694 653 1772 judaeis
670 1702 705 1755 et
718 1692 921 1755 infidelibus
936 1700 1091 1755 nostram
1104 1690 1210 1753 tidem
1224 1689 1410 1753 deridendi

128 1810 161 1861 et
175 1799 340 1880 fugiendi
356 1820 477 1862 ansam
496 1804 681 1881 praebere,
707 1800 735 1863 si
751 1800 852 1862 iuxta
872 1800 984 1883 ipsius
1008 1802 1178 1881 dogmata
1201 1796 1409 1879 percipiant,

128 1906 323 1969 Ecclesiam
339 1906 575 1970 Christianam
590 1928 657 1989 per
673 1916 726 1970 tot
744 1908 887 1970 saecula
904 1907 940 1969 in
959 1906 1117 1969 tenebris
1130 1926 1209 1970 esse
1221 1914 1409 1969 versatam.

216 2014 295 2092 Hic,
328 2034 434 2095 quum
459 2015 720 2078 Illustrissimus
743 2017 827 2077 Dux
854 2026 1022 2096 tanquam
1047 2014 1279 2077 rationabiles
1304 2020 1339 2073 et
1363 2012 1409 2073 iu·

130 2121 297 2183 stissimas
322 2122 468 2184 Lutheri
492 2131 618 2185 causas
646 2123 750 2185 nobis
775 2121 946 2185 Coloniae
978 2122 1184 2204 objiciebat,
1218 2122 1409 2183 Lutherum

130 2231 172 2290 ab
188 2210 300 2291 Echio
325 2238 361 2291 et
383 2229 461 2291 aliis
484 2229 556 2292 suis
581 2228 798 2293 adversariis
820 2228 930 2292 fuisse
946 2229 991 2292 ad
1008 2230 1096 2292 haec
1115 2228 1304 2292 scribenda
1329 2247 1409 2297 exa·

131 2317 324 2416 cerbatum,
338 2338 559 2418 respondere
577 2338 958 2419 oportet'praeclarum
975 2356 1053 2399 esse
1068 2334 1410 2417 huncEvangelicae

130 2441 223 2504 vitae
249 2452 476 2505 assertorem:
501 2444 542 2523 si⁷
566 2452 605 2505 ut
629 2444 674 2506 de
699 2443 914 2507 adversariis
939 2444 1010 2507 suis
1035 2443 1227 2506 vindictam
1252 2451 1410 2523 quaerat,

131 2548 234 2612 fidem
257 2548 473 2613 Catholicam
499 2553 731 2633 pessumdare
754 2552 897 2614 nitatur.

218 2657 370 2720 Dicebat
393 2658 499 2721 etiam
523 2658 634 2722 libros
649 2658 795 2721 Lutheri
813 2678 1036 2740 nequaquam
1055 2678 1133 2721 esse
1150 2656 1411 2721 comburendos

130 2762 208 2845 ipso
231 2785 301 2826 non
326 2766 447 2828 audito
471 2769 530 2829 vel
555 2765 857 2848 disputationibus
882 2766 1058 2829 convicto.

218 2872 526 2954 Respondendum
544 2895 622 2937 cum
640 2872 723 2936 divo
739 2873 960 2955 Hieronymo
978 2894 1046 2937 non
1064 2875 1314 2956 requirendam
1331 2892 1410 2935 esse

132 2979 207 3042 eius
235 2982 279 3042 ad
310 2984 599 3062 respondendum
629 2981 863 3063 presentiam,
896 2981 994 3044 cuius
1026 2981 1159 3062 scripta
1189 2980 1224 3042 in
1250 2979 1411 3042 manibus

132 3087 354 3158 haberemus:
381 3087 416 3150 in
441 3088 511 3152 illis
535 3088 628 3151 enim
651 3087 809 3152 rationes
833 3089 965 3151 multae
989 3088 1113 3151 melius
1146 3096 1182 3150 et
1212 3085 1411 3150 accuratius

133 3192 282 3275 scriptae
306 3205 399 3271 sunt,
423 3216 528 3276 quam
551 3195 666 3278 possit
691 3195 769 3277 quis
793 3195 876 3257 viva
900 3215 989 3258 voce
1013 3194 1160 3258 referre.

218 3302 357 3365 Deinde
383 3305 432 3384 (ut
455 3302 548 3366 idem
574 3301 676 3365 divus
691 3301 932 3385 Hieronymus
956 3302 1017 3383 ait)
1042 3322 1112 3364 non
1138 3321 1284 3364 necesse
1301 3302 1411 3363 habet

133 3408 289 3472 convinci
313 3411 409 3490 quod
433 3431 497 3472 sua
521 3410 638 3473 statim
663 3409 887 3491 professione
913 3418 967 3473 est
990 3409 1245 3491 blasphemum.

219 3515 307 3579 Nam
333 3517 429 3597 quod
458 3517 543 3579 dicit
568 3518 710 3580 omnino
734 3517 850 3599 ipsum
875 3516 984 3579 fuisse
1008 3515 1236 3596 audiendum,
1261 3515 1410 3597 primum

134 3641 340 3701 quaeramus
364 3643 482 3686 coram
508 3624 636 3706 quibus
657 3623 847 3706 judicibus!
879 3623 1114 3706 theologisne,
1140 3633 1200 3687 aut
1219 3623 1307 3705 juris
1331 3643 1411 3686 con-

135 3726 251 3789 sultis?
274 3730 406 3792 Eorum
431 3731 585 3793 omnium
606 3731 717 3794 libros
733 3741 770 3793 et
784 3731 931 3794 damnat
949 3739 984 3792 et
1000 3729 1126 3793 adurit.
1153 3730 1410 3811 Philosophos?

135 3833 266 3898 Horum
290 3824 493 3918 Principem
510 3839 739 3900 Aristotelem
765 3837 915 3901 bestiam
940 3837 1024 3899 dicit
1048 3858 1138 3918 esse,
1163 3836 1269 3900 etiam
1293 3836 1327 3899 in
1354 3857 1410 3898 na-

135 3942 302 4006 turalibus
325 3944 516 4008 indoctum.

223 4049 398 4132 Numquid
430 4064 661 4134 expectemus
692 4063 730 4114 ut
759 4055 804 4115 ab
829 4051 1017 4135 Episcopis
1039 4053 1126 4114 velit
1146 4053 1297 4134 judicari
1320 4051 1411 4114 Mar·

137 4153 249 4216 tinus?
274 4157 324 4220 At
347 4158 632 4240 suspectissimos
656 4179 718 4222 eos
741 4161 862 4240 babet,
888 4167 924 4221 ut
950 4180 1097 4240 quorum
1123 4159 1276 4221 omnium
1301 4159 1411 4241 digni-

137 4271 243 4324 tatem
266 4275 299 4326 et
322 4266 569 4328 auctoritatem
593 4286 739 4348 prorsus
763 4267 866 4329 tollit.
906 4267 995 4329 Nam
1014 4266 1190 4347 Pontifici,
1215 4266 1412 4348 Episcopis

138 4377 176 4428 et
209 4369 454 4435 Sacerdotibus
487 4373 622 4436 cunctis
656 4373 850 4455 quemlibet
883 4377 941 4436 vel
974 4373 1251 4436 sordidissimum
1286 4374 1412 4437 laicum

139 4479 316 4553 aequalem
341 4499 565 4561 quacumque
590 4480 802 4544 auctoritate
826 4481 926 4561 facit,
959 4491 995 4543 et
1019 4481 1055 4544 in
1079 4481 1287 4563 sanguinem
1321 4481 1412 4563 ipso-

139 4599 218 4640 rum
245 4588 391 4665 populos
422 4587 587 4650 concitat.
634 4587 714 4650 Non
746 4588 794 4650 sic
823 4597 942 4651 autem
968 4588 1070 4650 divus
1095 4588 1335 4670 Hieronymus
1360 4609 1411 4650 or-

139 4686 256 4750 dinem
283 4691 461 4756 Ecclesiae
495 4694 689 4757 confundit.
738 4693 806 4775 Qui
840 4704 965 4758 contra
995 4695 1220 4775 Jovinianum
1254 4695 1413 4758 scribens

139 4793 196 4854 sic
220 4802 367 4875 preclare
392 4801 455 4864 ait:
499 4800 537 4864 Si
562 4801 657 4864 tollis
683 4801 842 4864 ordInem
867 4801 1103 4881 tabernaculi,
1135 4804 1268 4884 templi,
1293 4803 1412 4867 Eccle·

139 4899 232 4980 siae,
253 4906 278 4966 si
300 4928 421 4970 omnes
445 4907 504 4990 qui
533 4930 555 4970 a
584 4909 721 4971 dextris
745 4918 845 4989 sunt,
877 4928 1007 4990 corpus
1032 4930 1137 4972 unum
1162 4923 1198 4974 et
1228 4914 1280 5000 (ut
1303 4915 1413 4999 vulgo
