3425 5700
807 547 1054 606 Μ’346οίἕώ

297 691 362 753 sub
386 691 478 755 idem
504 691 614 755 ferme
632 703 771 778 tempus
788 707 930 778 ceptum
953 707 1008 760 est
1021 697 1236 776 tumultuari,
1260 697 1452 763 resisteret.
1489 697 1572 761 Cum

295 808 412 862 autem
450 800 677 882 perspicuum
714 802 784 864 iam
823 804 887 882 sit,
930 824 1000 885 quo
1038 807 1188 867 tendant
1227 803 1334 867 animi
1371 806 1572 887 populareS,

293 927 441 988 nempe,
467 918 503 969 ut
528 908 674 975 deiectis
700 909 881 973 Ecclesiae
905 910 1134 992 proceribus,
1166 910 1366 974 libertatem
1395 912 1571 993 quandam

294 1011 360 1074 sibi
391 1012 426 1075 in
459 1015 588 1077 ceteris
620 1036 762 1097 quoque
802 1028 993 1100 usurpent,
1030 1038 1121 1100 quae
1159 1038 1225 1100 per
1247 1016 1327 1080 illos
1358 1018 1506 1100 adepta,
1540 1018 1573 1081 in

294 1109 436 1183 exteras
453 1121 613 1185 nationes
629 1123 674 1185 sit
697 1144 838 1206 quoque
861 1134 1114 1208 pervagatum,
1139 1125 1233 1188 unde
1258 1133 1294 1188 et
1318 1122 1473 1189 Sanctae
1497 1125 1573 1189 reli·

295 1226 393 1308 gioni
411 1237 446 1291 et
462 1228 564 1291 simul
576 1231 805 1312 Apostolicae
826 1231 992 1313 dignitati
1009 1252 1108 1295 suum
1126 1233 1258 1294 cultum
1274 1241 1310 1294 et
1326 1233 1498 1294 honorem
1515 1252 1572 1294 au·

296 1334 381 1396 ferri
416 1335 619 1418 continget,
654 1340 750 1418 quod
778 1338 862 1400 mihi
884 1338 1149 1402 acerbissimum
1174 1347 1282 1408 esset:
1319 1339 1459 1401 tametsi
1483 1339 1577 1403 vires

296 1452 439 1506 nostrae
457 1445 628 1507 hactenus
644 1445 855 1508 coniunctae
872 1447 925 1510 his
950 1445 1126 1509 intestinis
1150 1445 1250 1508 malis
1274 1465 1357 1528 non,
1370 1447 1415 1509 ad
1438 1457 1575 1509 senten-

295 1548 379 1612 tiam
413 1562 567 1615 nostram
592 1573 756 1633 nocuere,
789 1553 942 1616 maxime
972 1553 1068 1633 quod
1100 1553 1241 1634 pedites
1266 1551 1377 1616 nostri
1410 1554 1508 1614 velut
1541 1553 1576 1615 in

227 1663 231 1672 “
296 1655 412 1738 patria
436 1668 685 1740 cognataquae
707 1659 847 1722 viscera
871 1661 1106 1724 abhorrentes
1136 1659 1230 1723 ferre
1255 1679 1352 1722 arma
1383 1680 1498 1741 neque
1533 1681 1574 1724 eo

294 1762 423 1843 animo,
447 1784 562 1845 neque
587 1787 630 1828 ea
646 1764 717 1828 lide
734 1765 864 1848 quibus
880 1767 915 1829 in
934 1779 1119 1829 externum
1134 1769 1273 1830 hostem
1290 1766 1376 1829 ferri
1399 1769 1575 1847 solebant,

296 1871 359 1934 sed
372 1871 577 1953 frigidiores
597 1892 676 1936 esse
690 1872 756 1935 visi
772 1883 863 1952 sunt,
886 1876 976 1937 adeo
989 1874 1085 1954 quod
1101 1873 1137 1936 in
1160 1874 1321 1956 gerenda
1338 1873 1405 1935 hac
1426 1893 1465 1935 re
1481 1875 1577 1935 haud

296 1999 397 2041 secus
410 1990 516 2061 atque
529 1979 609 2061 ipsa
624 1982 791 2043 tumultus
805 1981 992 2043 multitudo
1009 1979 1222 2044 formidandi
1235 1990 1326 2044 sunt.
1345 1978 1418 2042 Sed
1431 1999 1511 2042 cum
1523 2001 1576 2043 ro·

296 2089 362 2148 bur
376 2085 525 2149 militare
538 2087 702 2169 supersit,
714 2089 810 2170 quod
823 2096 877 2152 est
888 2108 907 2150 e
919 2087 1115 2167 nobilitate,
1129 2109 1221 2169 quae
1233 2087 1352 2151 animo
1363 2087 1504 2168 integra
1525 2101 1578 2150 est

296 2194 423 2272 adhuc,
444 2206 480 2257 et
497 2195 553 2256 cui
567 2195 700 2276 optime
713 2193 843 2257 confidi
856 2193 971 2276 possit
982 2195 1081 2258 velut
1101 2195 1219 2257 laesae
1241 2214 1262 2256 a
1280 2193 1412 2256 rustica
1427 2193 1577 2256 multitu-

297 2299 391 2378 dine,
405 2302 616 2383 externique
631 2302 772 2384 pedites
788 2302 981 2385 praecipue
996 2301 1146 2366 Bohemi
1158 2300 1255 2364 facili
1267 2299 1413 2382 negotio
1429 2299 1578 2362 conduci

296 2409 443 2489 possint,
451 2418 490 2471 ut
498 2409 650 2472 militent
659 2417 785 2472 contra
792 2409 963 2471 factiosos
972 2419 1008 2470 et
1018 2409 1214 2490 sacrilegos
1222 2406 1383 2488 rusticos,
1397 2426 1486 2488 quos
1500 2408 1576 2469 hac-

297 2526 400 2578 tenus
431 2515 568 2578 felicior
601 2536 786 2579 successus
817 2515 934 2578 erexit
966 2513 1002 2578 in
1037 2534 1138 2596 spem
1170 2515 1288 2577 omnia
1318 2514 1364 2577 ad
1394 2513 1576 2576 arbitrium

298 2643 397 2685 suum
421 2623 673 2705 consequendi,
698 2623 727 2686 si
752 2623 857 2686 modo
882 2622 1034 2704 pecunia
1049 2631 1144 2686 esset
1162 2621 1276 2702 nobie,
1302 2621 1428 2703 quibus
1442 2621 1577 2684 animus

299 2740 352 2792 est
377 2740 572 2793 extremam
596 2751 731 2811 ponere
766 2750 908 2793 manum
938 2741 1063 2792 contra
1096 2729 1239 2810 impiam
1272 2741 1306 2792 et
1339 2727 1577 2792 facinorosam

298 2839 389 2900 hanc
427 2837 702 2918 multitudinem,
742 2837 856 2901 accito
889 2837 923 2900 in
952 2858 1098 2919 operam
1132 2846 1281 2899 externo
1315 2835 1435 2900 milite.
1489 2835 1579 2898 Nam

299 2946 503 3009 diuturnum
529 2948 597 3009 hoc
618 2949 748 3009 malum
770 2957 807 3008 et
830 2946 1026 3026 derepente
1049 2954 1158 3025 atque
1180 2944 1373 3026 improviso
1397 2963 1578 3022 enascens,

298 3074 378 3115 sese
389 3052 500 3115 instar
509 3055 646 3134 hydrae
663 3054 755 3116 illius
771 3053 968 3132 fabulosae,
985 3051 1128 3133 saepius
1143 3050 1411 3132 conduplicans,
1427 3060 1463 3114 et
1481 3070 1577 3113 meas

299 3159 394 3221 uires
418 3170 454 3223 et
478 3160 681 3242 Principum
711 3169 817 3241 atque
848 3158 1026 3221 sociorum
1049 3177 1164 3219 rerum
1190 3156 1412 3239 publicarum
1437 3154 1581 3220 Sveviei

298 3264 456 3327 foederis
479 3286 624 3347 prorsus
648 3264 829 3345 exhausit,
863 3266 954 3328 adeo
989 3266 1082 3347 quod
1114 3264 1263 3345 quisque
1295 3266 1340 3327 ad
1365 3284 1470 3346 opem
1495 3264 1580 3326 alibi

300 3372 559 3454 implorandam
574 3373 643 3435 iam
659 3375 806 3435 adactus
822 3372 962 3434 existat.
1005 3372 1130 3453 Itaque
1154 3391 1233 3433 cum
1253 3370 1431 3434 Sanctitas
1451 3370 1583 3433 Vestra

300 3480 368 3543 iam
393 3479 598 3563 perspicere
622 3481 746 3562 possit,
770 3491 939 3563 quantum
965 3479 1145 3541 immineat
1168 3480 1339 3541 malorum
1355 3477 1493 3559 reliquo
1517 3498 1581 3541 suo

302 3587 462 3668 corpori,
498 3588 528 3650 si
551 3589 641 3651 haec
665 3587 761 3650 natio
786 3585 1001 3667 amplissima
1037 3585 1085 3647 sic
1121 3584 1373 3666 pessundetur,
1410 3586 1579 3665 cuiusque

302 3695 486 3777 Principes
509 3706 592 3778 post
615 3706 763 3759 exactos
787 3694 996 3777 Episcop05,
1020 3692 1298 3773 innovatumque
1321 3693 1464 3753 modum
1489 3691 1584 3754 circa

302 3822 423 3883 sacra,
456 3824 559 3885 quem
594 3804 787 3886 praecipue
819 3802 1011 3865 furibunda
1042 3802 1131 3863 haec
1163 3798 1351 3861 multitudo
1375 3798 1524 3881 requirit
1548 3808 1584 3861 et

304 3909 437 3991 exigit,
470 3930 549 3973 sese
574 3911 729 3973 deiicere
760 3918 951 3991 cogantur,
976 3908 1069 3991 quod
1095 3920 1210 3968 tamen
1237 3925 1306 3987 ego
1331 3915 1501 3986 quantum
1525 3906 1583 3967 ad·

303 4018 372 4078 huc
397 4029 560 4100 superest
588 4018 732 4098 virium,
768 4037 860 4100 quae
885 4026 966 4079 sunt
989 4014 1232 4090 tenuissimae,
1256 4013 1399 4094 quando
1423 4010 1584 4093 praestiti

305 4122 471 4205 quicquid
496 4127 667 4188 hactenus
691 4126 808 4207 potui,
833 4128 931 4188 velut
954 4122 1177 4185 orthodoxae
1201 4119 1285 4182 fidei
1309 4118 1585 4182 studiosissimus

304 4240 340 4293 et
375 4231 475 4295 istius
506 4232 714 4296 Pontificiae
753 4230 857 4294 Sedis
892 4241 999 4312 atque
1035 4228 1219 4313 dignitatis
1253 4224 1585 4289 observantissimus

305 4348 426 4419 presto
450 4360 526 4402 sum
550 4339 739 4422 impedire;
774 4358 889 4421 neque
913 4339 1063 4400 deerunt
1091 4334 1164 4398 scio
1189 4332 1374 4415 Principes
1397 4330 1584 4411 Bavariae,

305 4445 382 4525 pari
406 4446 522 4510 animo
547 4448 734 4529 studioque
758 4445 914 4528 amplexi
939 4463 1079 4524 semper
1102 4441 1272 4523 pristinae
1304 4438 1488 4521 religionis
1513 4440 1582 4501 cul-

307 4564 379 4614 tum
422 4563 458 4615 et
488 4555 772 4634 observantiam,
809 4564 916 4635 atque
944 4551 1060 4634 ipsum
1093 4548 1245 4629 denique
1278 4566 1407 4627 corpus
1440 4542 1584 4607 Svevici

306 4659 462 4723 foederis
487 4663 547 4724 ubi
571 4660 749 4725 Sanctitas
773 4662 904 4725 Vestra
928 4667 963 4722 et
987 4658 1161 4720 Proceres
1184 4664 1290 4737 atque
1311 4650 1496 4715 Ecclesiae
1513 4650 1573 4712 Ro

307 4787 434 4832 manae
462 4772 646 4832 columnae
670 4766 937 4832 Revendissimi
961 4765 1088 4827 Patres
1105 4761 1312 4826 Cardinales
1334 4758 1370 4823 in
1388 4756 1586 4821 huiusmodi

306 4875 572 4957 expeditionem
603 4876 888 4973 prosequendam
917 4870 1101 4953 suppetias
1135 4868 1170 4935 in
1199 4865 1359 4957 pecuniis
1392 4862 1585 4947 attulerint,
