3425 5700
130 716 183 777 sed
200 717 246 779 de
262 717 527 799 exstinguenda
543 717 653 780 Missa
669 717 810 781 omnino
823 727 1011 791 conantur;
1029 719 1125 799 quod
1140 718 1169 780 si
1183 717 1258 799 liga
1270 716 1401 780 Svevo·

129 840 195 885 rum
221 844 292 885 non
318 833 412 887 esset
436 833 552 887 actum
578 834 672 887 esset
696 826 740 889 de
764 825 964 908 Episcopis,
988 824 1222 903 monasteriis,
1237 824 1402 907 principi·

129 929 196 1009 bus,
221 938 328 1012 atque
353 931 445 993 adeo
461 932 505 994 de
522 940 598 995 tota
620 931 821 1007 nobilitate;
846 932 931 995 licet
954 951 1023 1013 ego
1047 952 1118 993 non
1135 930 1278 994 timeam
1301 931 1401 995 rusti·

129 1053 181 1097 cos
205 1056 320 1118 aeque
344 1057 386 1101 ac
410 1037 591 1120 principes
616 1047 652 1101 et
675 1038 772 1120 ipsas
796 1038 960 1102 civitates
983 1038 1205 1120 imperiales;
1237 1048 1273 1101 et
1303 1038 1332 1100 si
1356 1040 1401 1103 ad

18 1218 20 1241 b
128 1140 239 1204 odium
263 1143 488 1208 manifestum
512 1146 740 1227 pervenerint
763 1145 944 1228 principes
968 1155 1004 1208 et
1020 1146 1184 1208 civitates
1199 1144 1401 1226 imperiales

128 1248 198 1311 Vae
222 1250 303 1313 Vae
327 1249 558 1325 Germaniae,
588 1274 669 1317 nam
692 1253 804 1316 hostis
827 1253 972 1317 humani
996 1252 1138 1334 generis
1161 1252 1310 1333 pulchre
1332 1253 1401 1315 hoc

127 1355 216 1418 virus
241 1358 393 1421 seminat
418 1368 455 1422 et
478 1358 636 1441 quotidie
660 1370 787 1443 auget,
819 1381 899 1423 cum
927 1360 1089 1424 civitates
1119 1380 1186 1442 per
1218 1381 1257 1423 se
1281 1363 1327 1423 ob
1352 1360 1400 1422 di-

127 1462 224 1525 vitias
249 1484 337 1545 opes
361 1473 397 1529 et
419 1466 615 1547 potentiam
641 1466 817 1530 nobilitati
841 1468 911 1530 sint
935 1479 1137 1549 suspectae3
1165 1467 1305 1530 accedit
1331 1467 1400 1531 iam

126 1568 215 1630 aliud
248 1572 378 1633 malum
409 1573 504 1653 quod
535 1574 631 1654 apud
667 1573 817 1636 rusticos
842 1594 950 1659 ¹cesos
981 1575 1193 1637 invenerunt
1223 1582 1400 1637 tormenta

127 1675 250 1738 bellica
275 1676 470 1759 civitatum,
502 1688 538 1742 et
568 1679 700 1759 passim
733 1680 854 1743 rustici
885 1682 1006 1744 hostes
1036 1682 1132 1764 ligae
1156 1680 1328 1745 declarati
1350 1682 1399 1745 in-

126 1782 377 1863 grediebantur
398 1785 560 1849 civitates
577 1786 787 1868 imperiales
812 1798 970 1851 ementes
985 1788 1036 1850 ibi
1052 1809 1160 1868 arma,
1183 1790 1399 1852 bombardas

127 1898 158 1950 et
179 1890 249 1953 alia
273 1900 309 1953 et
331 1891 424 1955 forte
456 1893 604 1956 consilia
635 1894 855 1976 accipientes
879 1916 900 1957 a
925 1894 1071 1959 civibus.
1120 1894 1268 1958 Publice
1292 1896 1397 1959 etiam

126 1994 275 2060 fatentur
289 1998 410 2061 rustici
427 1998 462 2061 in
480 2000 598 2063 multis
621 2000 710 2063 locis
734 2021 772 2063 se
797 2000 963 2064 seductos
979 2022 1057 2064 esse
1073 2022 1138 2083 per
1152 2002 1398 2083 predicatores

127 2101 303 2167 civitatum
325 2104 575 2188 imperialium,
606 2107 666 2190 qui
697 2106 749 2170 eis
777 2109 870 2170 hanc
904 2107 1113 2172 seditionem
1145 2109 1397 2190 persuaserint.

127 2209 266 2274 Providi
290 2232 398 2294 saepe
430 2214 498 2275 hoc
537 2214 668 2276 malum
706 2212 930 2294 Germaniae,
968 2224 1103 2277 tantam
1141 2216 1398 2297 blasphemiam

127 2316 234 2381 Deum
269 2317 538 2399 vindicaturum,
570 2321 653 2383 licet
677 2322 744 2383 hoc
779 2319 971 2383 maximum
1002 2320 1048 2383 sit
1086 2321 1213 2383 malum
1243 2331 1400 2385 nostrum

129 2426 213 2488 adeo
239 2426 437 2489 obstinatos
468 2447 546 2490 esse
574 2427 807 2491 multitudinis
835 2427 971 2490 animos
999 2438 1131 2490 utnon
1155 2430 1398 2491 credanttan-
1442 2463 1444 2467 ,

18 2594 20 2617 ,
128 2540 191 2594 tam
215 2534 360 2614 plagam
384 2534 574 2615 provenire
598 2543 747 2618 propter
761 2535 929 2598 haereses
946 2543 983 2597 et
996 2534 1237 2616 blasphemias
1261 2544 1400 2598 nostras

127 2638 183 2700 sed
213 2640 328 2702 adhuc
360 2640 499 2703 stultius
532 2642 692 2705 referunt
722 2640 756 2703 in
787 2641 863 2703 fata
894 2650 931 2703 et
961 2643 1143 2704 stellarum
1172 2651 1314 2706 motum.
1368 2641 1399 2707 O

18 2728 19 2821 ζ
127 2766 221 2809 curas
245 2746 442 2810 hominum!
479 2768 500 2810 o
525 2758 694 2829 quantum
718 2746 754 2809 in
777 2750 886 2810 rebus
909 2747 1033 2811 inane!
1072 2748 1165 2811 Hinc
1181 2748 1258 2811 aliis
1275 2749 1402 2813 litteris

18 2832 20 2856 ¹
128 2855 405 2936 supplicaveram
429 2853 466 2919 S.
491 2857 529 2920 T.
555 2855 767 2919 Beatissime
792 2855 901 2919 Pater
924 2865 962 2918 ut
994 2856 1078 2919 mihi
1106 2857 1257 2938 pauperi
1285 2857 1400 2938 provi·

18 3017 19 3058 ,
129 2961 273 3043 deretur,
299 2971 338 3024 ut
360 2981 503 3043 possem
526 2962 562 3024 in
587 2971 712 3026 extera
734 2971 830 3025 terra
854 2964 1041 3026 consulere
1063 2963 1310 3045 tranquillitati
1333 2972 1401 3026 stu-

130 3065 257 3130 diorum
281 3089 457 3142 meorum;
492 3070 615 3132 taedet
643 3069 736 3132 enim
760 3089 817 3132 me
855 3069 1008 3150 patriae,
1043 3089 1175 3133 nauseo
1209 3069 1322 3132 ferme
1356 3071 1402 3132 ad

18 3199 19 3214 π
130 3172 232 3254 ipsum
267 3193 395 3238 nomen
426 3173 657 3255 Germaniae,
689 3195 768 3238 curn
803 3173 952 3257 singulis
981 3176 1107 3238 diebus
1138 3196 1249 3259 cogor
1279 3177 1402 3241 audire

130 3279 299 3362 haereses,
317 3281 522 3362 seditiones,
540 3281 740 3364 sacrilegia,
757 3281 1010 3363 blasphemias,
1034 3283 1224 3346 schismata
1240 3292 1276 3345 et
1289 3283 1402 3347 omnis

18 3375 20 3408 ²
130 3388 261 3464 generis
285 3387 501 3470 impietates,
531 3397 567 3451 et
595 3390 711 3450 adhuc
735 3390 827 3451 bene
852 3408 958 3469 spero
986 3389 1070 3452 mihi
1105 3389 1285 3453 subveniri
1319 3411 1341 3453 a
1364 3388 1400 3453 S.

131 3491 165 3554 T.
196 3494 414 3575 pientissimo
455 3495 572 3558 Patre.
624 3495 704 3558 Hoc
732 3503 850 3558 tamen
879 3495 997 3558 fateor
1030 3497 1185 3576 ingenue
1212 3495 1402 3560 Bavariam

131 3610 162 3660 et
183 3621 257 3665 eam
281 3603 393 3664 solam
418 3621 464 3664 ex
488 3610 564 3664 tota
595 3599 767 3682 superiori
800 3599 994 3664 Germania
1024 3602 1133 3665 fuisse
1164 3613 1200 3666 et
1230 3623 1309 3666 esse
1340 3603 1399 3665 im-

18 3701 20 3710 ’
131 3725 259 3770 munem
288 3710 335 3770 ab
365 3709 433 3770 hac
466 3707 678 3771 seditionum
712 3716 813 3788 peste
847 3707 1005 3789 nihilque
1034 3709 1115 3771 mali
1147 3728 1290 3790 passum
1322 3729 1400 3772 esse

18 3817 19 3826 ’
131 3812 251 3875 clerum
275 3812 310 3876 in
335 3814 389 3876 his
413 3813 630 3892 tumultibus,
655 3834 697 3876 eo
723 3815 868 3895 dempto
892 3816 988 3895 quod
1011 3815 1262 3878 monasterium
1287 3813 1401 3878 Stein-

18 3943 19 4010 ,
130 3919 237 3997 gaden
272 3918 414 4004 Algoys
451 3921 604 3983 vicinum
640 3923 686 3982 ab
721 3920 771 3982 eis
805 3920 1036 3984 incineratum
1062 3931 1125 3985 est.
1175 3922 1311 4006 Magna
1333 3923 1400 3986 fuit

18 4027 20 4136 ,
130 4044 205 4088 cura
227 4026 447 4108 principibus
472 4029 601 4091 nostris
626 4039 665 4090 ut
688 4028 839 4110 patriam
864 4049 910 4091 ex
939 4030 1007 4092 hoc
1039 4032 1163 4093 morbo
1193 4049 1398 4111 praeserva-

18 4149 20 4216 ξ
130 4143 213 4212 rent,
243 4133 303 4215 qui
333 4153 379 4197 ex
411 4135 573 4197 omnibus
596 4134 758 4217 partibus
782 4133 1012 4216 irruptionem
1038 4136 1247 4216 minabatur,
1265 4137 1397 4218 gravis·

128 4239 241 4303 simum
271 4250 391 4304 tamen
422 4241 669 4304 charitativum
701 4241 897 4305 subsidium
930 4242 1053 4305 Clerus
1077 4243 1199 4306 tribuit
1231 4243 1396 4316 ducibus;

18 4399 19 4434 3
129 4347 345 4411 medietatem
390 4347 482 4411 enim
517 4347 727 4430 pensionum
769 4357 803 4410 et
838 4349 1079 4411 absentiarum
1114 4359 1328 4432 acceperunt
1363 4359 1399 4414 et

128 4455 257 4518 tertiam
269 4465 411 4536 partem
426 4457 470 4516 de
483 4455 731 4534 residentibus,
744 4463 913 4536 quantum
926 4455 1062 4518 scilicet
1073 4455 1256 4519 absentiae
1266 4458 1397 4539 potuis·

18 4545 20 4584 ”
128 4570 199 4622 sent
221 4563 323 4634 dare;
357 4561 571 4625 tricessimus
595 4582 704 4643 porro
735 4560 890 4625 florenus
915 4563 1019 4624 datus
1043 4573 1098 4625 est
1121 4563 1165 4625 de
1193 4565 1296 4627 bonis
1325 4585 1396 4628 mo-

18 4671 19 4722 ?
128 4665 247 4732 bilibus
272 4677 308 4732 et
333 4669 582 4733 immobilibus.
629 4669 708 4752 Ego
733 4671 971 4752 pauperculus
1000 4667 1110 4732 1flor.
1127 4690 1193 4752 pro
1209 4690 1276 4750 me,
1300 4670 1395 4752 quin-

18 4813 20 4832 ι
128 4775 286 4856 quaginta
323 4777 368 4839 de
402 4796 472 4838 una
505 4776 679 4857 pensione
714 4785 749 4839 et
784 4776 972 4839 duodecim
1007 4775 1080 4840 flor.
1116 4796 1182 4858 pro
1219 4777 1325 4840 domo
1361 4786 1397 4840 et

18 4927 20 4946 ,
129 4881 354 4962 suppellectili
377 4903 457 4946 mea
482 4884 568 4946 dare
592 4892 737 4946 coactus
761 4902 847 4947 sum.
902 4883 953 4945 At
987 4884 1075 4945 haec
1104 4882 1221 4946 laevia
1247 4883 1276 4946 si
1300 4893 1337 4946 et
1358 4883 1395 4946 in

18 4987 19 5004 ¹
1182 4989 1234 5042 32*
