3425 5700
620 563 868 632 *elatem

120 717 259 790 millibus
282 717 414 808 stipato
437 717 548 788 millia
571 723 744 787 adversus
774 721 964 806 sexaginta
993 729 1028 788 et
1059 715 1207 807 amplius
1238 713 1383 789 fortissi-

119 853 239 897 morum
263 834 474 897 bellatorum
499 843 611 895 semet
633 831 857 914 patriumque
881 832 993 895 solum
1017 831 1283 894 defendentium
1300 835 1384 895 mul-

120 949 166 1002 tos
185 941 268 1003 item
290 960 431 1004 menses
454 942 584 1002 nedum
613 939 681 1002 sibi
712 939 912 1001 caventium
941 950 977 1000 at
1008 939 1042 1001 in
1075 939 1210 1001 alienas
1244 958 1384 1021 quoque

120 1049 233 1110 caedes
245 1048 485 1111 accinctorum
508 1046 617 1127 idque
640 1045 861 1109 ferocissima
885 1046 920 1108 in
945 1056 1065 1128 gente,
1090 1047 1190 1109 caelo
1215 1047 1385 1109 demissas

122 1153 282 1234 victorias,
305 1153 478 1216 truncatis
501 1173 623 1216 eorum
647 1152 793 1234 triginta
816 1152 982 1232 millibus,
1012 1152 1158 1234 reliquis
1182 1164 1242 1216 aut
1265 1154 1385 1217 vulne·

122 1262 193 1323 ratis
204 1271 266 1325 aut
276 1261 374 1342 fusis,
387 1260 618 1324 meditabunt,
636 1259 715 1341 Ego
728 1280 814 1323 vero
828 1260 870 1322 B.
881 1264 918 1324 Ρ.
934 1258 969 1322 S.
978 1259 1021 1322 V.
1034 1280 1124 1342 quae
1134 1279 1305 1341 praesens
1313 1259 1386 1324 vidi

121 1368 294 1441 eascrib0;
320 1368 483 1450 equidem
498 1368 597 1430 multi
621 1366 777 1430 clericali
799 1368 1006 1429 charactere
1030 1365 1189 1448 insigniti
1212 1367 1386 1449 pugnanti

121 1474 258 1556 principi
282 1474 507 1554 assidebant,
531 1475 660 1555 quibus
683 1474 778 1555 quod
801 1473 923 1536 forsan
948 1472 1018 1535 illis
1042 1493 1119 1535 cum
1144 1473 1293 1556 perditis
1316 1495 1385 1537 ma-

121 1599 188 1644 num
210 1580 433 1644 conseruisse
457 1580 527 1643 dici
550 1601 616 1644 nec
639 1583 685 1643 ab
709 1601 749 1644 re
776 1589 934 1661 possent,
959 1588 1085 1661 ageret
1115 1576 1152 1642 S.
1176 1580 1221 1643 V.
1245 1580 1386 1663 pientis-

121 1687 230 1751 simum
258 1687 457 1771 principem
489 1689 546 1750 vel
582 1687 733 1768 simplici
770 1689 829 1750 vel
864 1699 988 1767 cauta,
1026 1686 1100 1749 sive
1134 1687 1386 1768 declaratione,

122 1793 184 1857 sive
207 1795 445 1874 absolutione,
476 1793 552 1857 sive
582 1795 651 1857 alia
675 1794 825 1874 medela,
850 1793 1011 1857 demissis
1035 1794 1160 1857 isthinc
1192 1797 1236 1857 ad
1260 1815 1325 1858 nos
1349 1793 1385 1857 S.

121 1899 156 1963 V.
176 1902 303 1964 litteris
327 1921 430 1983 opem
455 1901 506 1964 eis
529 1900 636 1966 ferre.
682 1901 813 1964 Vestra
837 1901 945 1983 igitur
969 1898 1006 1966 S.
1031 1901 1072 1964 B.
1097 1901 1136 1963 P.
1159 1902 1385 1982 quamhumil-

121 2006 187 2071 lime
211 2030 356 2091 possum
380 2017 529 2071 exorata
553 2008 659 2070 velim
683 2029 780 2070 meas
803 2010 911 2072 hasce
947 2008 1084 2071 litteras
1115 2008 1200 2070 boni
1224 2011 1387 2072 consulat

122 2134 173 2177 seu
196 2117 337 2196 habeat,
367 2115 524 2197 mihique
555 2115 730 2197 sanguine
761 2115 983 2178 coniunctam
1008 2113 1248 2196 Margaretam
1273 2137 1294 2178 a
1319 2115 1386 2178 Ha·

121 2223 268 2286 raucuria
292 2223 327 2285 in
341 2222 550 2286 Monasterii
566 2221 846 2285 Romariciensis
862 2222 1090 2304 expeditione
1106 2224 1387 2285 commendatam

122 2329 213 2392 etiam
243 2330 386 2409 habeat,
409 2341 451 2392 et
474 2349 530 2392 me
562 2339 737 2410 perpetuo
766 2329 881 2392 eidem
914 2329 1269 2409 obsequentissimum
1294 2315 1386 2393 man·

122 2435 235 2516 cipium
259 2446 395 2518 noscat,
420 2457 524 2518 quam
549 2447 585 2499 et
609 2436 668 2498 diu
692 2434 757 2499 tori
781 2436 1020 2517 Reipublicae
1045 2435 1266 2499 Christianae
1290 2435 1387 2500 faeli-

122 2561 186 2605 cem
207 2542 381 2606 faeliciter
404 2554 524 2607 servet
548 2543 701 2605 omnium
726 2542 785 2606 illa
809 2563 895 2606 vera
920 2546 1024 2608 salus.
1072 2545 1126 2607 Ex
1144 2545 1314 2628 Nanceyo
1331 2547 1387 2608 die

121 2647 226 2712 Tertia
248 2649 344 2730 Junii
367 2649 567 2713 MDXXV.

595 2794 730 2843 Addictus
749 2794 868 2843 servulus
886 2802 913 2844 et
931 2795 1051 2846 obedum.
1070 2803 1152 2861 capla

357 2884 512 2933 Humilis
531 2885 641 2933 abhas
659 2887 870 2935 Monasterii
891 2886 920 2936 S.
938 2885 1111 2935 Anthonii
1132 2887 1353 2937 Viennensis.

647 3099 852 3112 mmm

709 3330 776 3395 220

544 3446 756 3549 campegius
785 3446 958 3529 Sadoleto.

524 3595 666 3659 tlluuttat
685 3594 812 3655 (term
835 3594 911 3653 lm
930 3594 982 3668 tt)

626 3713 664 3783 <s-
683 3716 759 3781 lunii
780 3714 868 3781 1525.)

209 3847 348 3929 Quanto
373 3850 443 3912 alle
467 3869 551 3912 cose
574 3848 611 3910 di
634 3846 827 3912 Germania
851 3857 887 3911 et
916 3847 951 3909 di
975 3849 1095 3910 levare
1119 3850 1200 3930 quel
1229 3870 1393 3913 commer-

131 3950 174 4014 cio
204 3954 244 4019 N.
269 3955 305 4021 S.
337 3977 451 4038 pensa
482 3957 591 4019 molto
616 3958 726 4036 bene,
761 3953 806 4017 ne
841 3956 875 4016 al
910 3966 1077 4036 presente
1113 3958 1131 4019 ὲ
1171 3958 1218 4019 da
1252 3966 1391 4020 tentare

131 4058 225 4125 simile
248 4063 408 4142 rimedio,
431 4062 562 4144 perche
586 4062 695 4144 quelli
718 4060 872 4142 principi
896 4061 1008 4124 sendo
1031 4063 1065 4123 la
1088 4063 1226 4126 tumulti
1241 4064 1276 4126 in
1290 4074 1391 4127 tanto

131 4169 274 4232 cresciuti
303 4191 392 4233 sono
417 4168 603 4233 constretti
635 4189 657 4231 a
685 4168 890 4250 provederli
925 4169 971 4230 da
1004 4188 1042 4231 se
1066 4170 1187 4250 stessi,
1219 4179 1256 4233 et
1283 4174 1391 4234 credo

50 4268 52 4300 ²
132 4274 186 4336 che
207 4275 276 4340 cosi
292 4277 460 4348 farann0;
484 4276 545 4358 poi
560 4297 598 4339 se
613 4277 648 4337 la
663 4274 802 4337 Maesti
819 4273 973 4337 Cesarea
988 4274 1085 4355 vora,
1110 4296 1210 4339 come
1226 4278 1260 4340 la
1277 4278 1391 4341 scrive

133 4375 315 4447 facilmente
340 4385 371 4447 si
393 4382 572 4447 restituird
596 4382 682 4465 ogni
706 4400 790 4444 cosa
812 4382 848 4443 al
872 4382 997 4444 ordine
1021 4402 1095 4445 suo.

207 4490 261 4555 Ho
283 4492 399 4555 inteso
423 4491 448 4556 il
472 4491 631 4571 ricordo,
664 4492 730 4552 che
759 4489 789 4551 si
812 4489 857 4550 di
882 4488 918 4551 di
942 4488 1113 4553 Balibech
1143 4499 1178 4553 et
1202 4510 1241 4553 se
1264 4511 1310 4554 ne
1334 4492 1391 4553 ad·

135 4596 247 4661 vertiti
269 4599 483 4678 Colocense,
506 4598 530 4661 il
560 4597 666 4679 quale
693 4616 759 4678 per
789 4616 908 4658 essere
939 4598 1114 4677 prudente
1140 4605 1175 4659 et
1199 4616 1392 4661 conoscere

137 4717 192 4764 con
212 4706 263 4768 chi
278 4708 324 4771 ha
338 4728 361 4769 a
377 4706 453 4770 fare
468 4705 571 4768 stimo
587 4703 720 4767 andara
745 4703 780 4765 in
795 4712 898 4783 tutto,
914 4711 1167 4785 pesatamente.
1194 4704 1304 4767 Detto
1328 4704 1391 4767 Co-

138 4806 260 4875 locense
280 4814 398 4877 scrive
421 4833 487 4895 per
502 4832 573 4876 una
596 4832 659 4873 soa
684 4812 729 4872 de
746 4830 797 4887 23.
823 4810 868 4871 de
884 4808 1007 4890 Magio
1024 4830 1124 4873 come
1147 4830 1213 4892 per
1229 4812 1392 4894 replicati

140 4913 212 4978 an'si
233 4920 397 4985 intendea
420 4922 500 4984 chel
523 4921 639 4982 Turco
663 4917 842 4981 indixerat
868 4918 997 4978 bellum
1013 4927 1048 4979 et
1063 4917 1122 5000 qui
1136 4937 1258 4981 omnes
1274 4928 1393 4981 essent
