3425 5700
651 549 898 621 Qudne-⁶

156 713 347 798 Apostolice
370 713 564 780 auctoritas
587 711 623 776 in
647 722 822 796 perpetua
845 708 961 793 gloria
984 711 1274 788 conservaretur,
1309 710 1415 789 quenl

154 824 243 886 etiam
267 841 338 885 non
363 841 465 884 secus
489 840 532 884 ac
555 839 744 904 personam
770 827 926 881 nostram
951 813 1142 878 Sanctitati
1174 823 1293 877 vestre
1324 833 1413 876 com·

155 930 355 992 mandamus.
403 927 480 1010 Que
504 927 565 991 diu
589 936 625 992 et
648 925 850 990 felicissime
875 932 1027 987 maneat.
1073 922 1204 985 Datum
1218 922 1253 984 in
1270 921 1415 983 civitate

153 1043 260 1098 nostra
283 1035 405 1117 Regia
428 1032 671 1098 Stoeholmen.
726 1034 833 1096 Anno
866 1030 998 1094 domini
1030 1027 1255 1108 MDXXIH,
1287 1026 1325 1089 X
1359 1026 1417 1088 die

154 1142 268 1206 mensis
291 1141 524 1225 Septembris,
549 1152 671 1205 nostro
695 1143 760 1204 sub
785 1139 903 1222 sigillo

697 1263 839 1326 Guium
859 1267 911 1316 Dei
930 1265 1015 1329 gratia
1032 1265 1176 1330 Succorum

803 1367 829 1410 et
847 1360 988 1424 gothorum
1008 1363 1078 1408 Rex.

246 1432 335 1480 Foris:
355 1433 406 1478 8⁰¹⁰
422 1433 483 1481 Dno
503 1433 559 1482 Nro
579 1433 661 1496 Pape.
1420 1489 1423 1494 Ι

895 1505 937 1552 De
955 1502 1080 1550 mandato
1099 1497 1181 1548 sere¹¹·¹
1203 1499 1227 1547 d
1248 1514 1275 1554 n.
1296 1497 1382 1560 Regis

963 1588 1092 1658 mm,
1109 1591 1272 1646 secretarius.

675 1727 881 1740 Wmvwwvvwwt

744 1887 808 1954 132

371 2012 544 2093 humus
571 2013 827 2094 Rnterodamus
855 2011 953 2094 card
982 2011 1178 2114 campagis

556 2160 658 2231 (Ante
680 2159 844 2220 wormat.
871 2159 929 2219 inl.
947 2160 1014 2231 tat)

238 2303 275 2370 S.
298 2307 339 2370 P.
363 2305 439 2370 R¹¹¹⁰
462 2305 625 2370 Domine.
672 2307 732 2369 Ad
755 2305 898 2368 lieteras
921 2305 969 2368 R.
993 2306 1037 2372 D.
1062 2305 1101 2369 E.
1133 2325 1221 2387 quas
1244 2323 1314 2368 una
1341 2317 1421 2368 curn

150 2411 275 2476 Pacaei
306 2413 419 2477 nostri
449 2413 583 2476 licteris
606 2414 747 2495 accepi,
783 2434 847 2496 per
877 2415 1037 2475 morbum
1061 2433 1133 2475 non
1156 2413 1254 2476 licuit
1276 2432 1420 2495 respon·

151 2519 239 2601 dere,
264 2521 331 2584 nisi
356 2521 451 2603 quod
475 2531 547 2583 tum
573 2540 688 2604 pauca
712 2519 843 2582 dictavi
868 2519 1000 2583 famulo
1023 2522 1070 2582 ad
1095 2520 1304 2601 Pacaeeum‚
1329 2539 1421 2602 quae

148 2625 214 2689 tibi
231 2627 261 2691 si
292 2629 514 2692 commodum
548 2636 642 2690 esset
676 2626 961 2690 communicaret.
1016 2625 1183 2689 Animum
1214 2627 1319 2690 istum
1348 2637 1422 2689 tam

148 2733 304 2816 amicum,
329 2744 366 2798 et
390 2735 577 2798 candidum
603 2750 683 2816 ego,
699 2745 737 2796 ut
754 2735 882 2814 debe0‚
906 2734 1095 2796 exosculor
1118 2732 1233 2815 unice,
1257 2735 1422 2815 daboque

148 2849 301 2925 operam,
324 2854 365 2906 ut
387 2841 437 2906 illi
462 2864 527 2926 pro
546 2840 687 2905 viribus
711 2842 962 2923 respondeant.
1008 2839 1127 2904 Unam
1143 2840 1317 2923 epistolae
1339 2850 1422 2906 tuae

148 2949 355 3031 particulam
389 2970 460 3016 non
492 2950 578 3012 satis
609 2947 872 3031 intelligebam,
906 2948 942 3010 in
977 2966 1049 3029 qua
1077 2947 1201 3012 scribis
1230 2969 1287 3013 me
1322 2949 1422 3031 scire,

149 3056 230 3135 quid
255 3056 360 3120 isthic
383 3066 567 3139 ageretur,
591 3057 704 3120 Paulo
728 3066 810 3138 post
834 3076 881 3118 ex
905 3054 1152 3137 Noremberga
1180 3054 1308 3119 missae
1343 3067 1425 3119 sunt

146 3165 273 3227 adme
297 3170 414 3227 novae
436 3162 590 3227 stunt'cae
617 3162 881 3226 conclusiones:
916 3171 952 3225 et
984 3172 1128 3244 praeter
1156 3163 1222 3225 has
1250 3152 1424 3245 promittit

147 3278 217 3333 tres
240 3270 398 3352 libellos,
432 3289 522 3352 quos
553 3269 685 3333 vetitus
709 3271 840 3333 aedere
864 3278 984 3332 vestra
1008 3275 1044 3331 et
1067 3266 1250 3332 Pontificis
1274 3270 1425 3335 Adriani

146 3378 367 3442 auctoritate.
415 3378 470 3441 De
486 3379 554 3440 hoc
571 3377 733 3460 suspicor
757 3376 911 3439 sensisse
935 3384 1031 3439 tuam
1048 3375 1246 3457 epistolam,
1271 3376 1425 3442 demirer

146 3484 298 3549 hominis
328 3484 524 3549 audaciam.
581 3484 739 3547 Exorsus
772 3494 848 3547 erat
881 3484 973 3546 hanc
1001 3480 1158 3544 fabulam
1191 3484 1257 3545 sub
1292 3484 1424 3567 Leone,

146 3612 210 3655 nec
238 3592 406 3675 profecit.
453 3592 594 3655 Rursus
626 3610 668 3654 eo
702 3598 858 3672 mortuo,
889 3608 997 3671 quum
1027 3589 1161 3653 rediret
1191 3592 1237 3653 ad
1267 3599 1426 3655 veterem

144 3694 321 3779 fabulam,
354 3699 486 3763 vetitus
515 3698 643 3761 iterum
670 3704 778 3779 atque
809 3697 937 3760 iterum
969 3696 1110 3759 aedicto
1142 3707 1273 3778 vestro,
1305 3698 1427 3763 furtim

145 3805 263 3869 emisit
277 3826 385 3869 unum
403 3816 510 3887 atque
527 3807 676 3869 alterum
691 3804 867 3868 libellum:
892 3804 1033 3867 Rursus
1049 3806 1144 3887 apud
1161 3805 1359 3869 Adrianum
1374 3807 1427 3870 VI

143 3911 233 3995 egit,
259 3921 302 3975 ut
324 3914 449 3976 liceret
474 3914 604 3976 aedera
628 3911 714 3975 treis
736 3911 816 3974 illos
841 3910 997 3992 libellos,
1021 3910 1057 3973 in
1081 3910 1209 3993 quibus
1232 3913 1428 3977 declaravit

144 4030 318 4099 quantum
341 4019 457 4103 possit
479 4019 611 4083 insanis
626 4017 810 4091 conviciis;
835 4018 895 4081 ille
914 4018 1138 4100 pernegavit,
1161 4040 1254 4083 nunc
1270 4019 1306 4082 in
1321 4020 1426 4084 inter·

142 4146 269 4210 regno,
299 4126 404 4191 vobis
425 4128 469 4189 de
493 4146 587 4190 novo
611 4125 786 4190 Pontifice
810 4125 1073 4208 satagentibus,
1103 4126 1218 4190 emisit
1240 4147 1322 4191 suas
1347 4148 1427 4193 con-

144 4234 324 4298 clusiones
355 4235 464 4317 plane
499 4233 785 4318 sycophanticas
841 4232 897 4296 De
930 4231 1058 4315 quibus
1088 4234 1194 4315 plane
1231 4234 1353 4299 dubito
1383 4256 1428 4299 an

142 4339 212 4403 sint
237 4338 424 4405 Stunicae.
471 4336 643 4422 Suspicor
658 4360 737 4403 esse
753 4340 901 4403 alicuius
917 4340 1103 4420 lutherani,
1125 4340 1186 4421 qui
1203 4343 1261 4403 vel
1277 4343 1429 4407 voluerit

142 4466 197 4510 me
222 4447 260 4512 in
288 4458 412 4529 partes
435 4468 517 4511 suas
533 4450 752 4530 pertrahere,
778 4448 834 4511 vei
850 4446 983 4529 ulcisci,
1007 4448 1042 4510 in
1067 4448 1201 4510 nullum
1225 4448 1291 4512 nisi
1314 4449 1430 4532 magis

142 4552 316 4636 fremunt,
340 4575 447 4637 quam
471 4554 503 4617 in
530 4574 596 4635 me,
620 4553 678 4618 cui
693 4554 754 4617 un'i
770 4554 955 4635 imputant,
980 4555 1075 4635 quod
1090 4574 1161 4618 non
1184 4557 1292 4637 plane
1312 4556 1429 4621 triurn-

141 4662 256 4743 phent
268 4680 485 4745 quamquam
498 4663 654 4725 nondum
667 4661 875 4725 abiecerunt
887 4680 987 4742 spem
998 4660 1180 4725 victoriae.
1194 4660 1298 4743 Quod
1312 4662 1341 4726 si
1347 4661 1429 4727 'Stu-

142 4768 245 4833 nicae
261 4778 358 4851 sunt,
370 4772 451 4833 'non
468 4768 586 4850 miror,
603 4788 709 4851 quum
725 4768 786 4831 ilio
802 4768 838 4830 in
854 4764 927 4831 Sua
944 4767 1118 4851 Hispania
1134 4787 1275 4851 semper
1287 4770 1430 4834 habitus

140 4874 184 4940 sit
206 4898 281 4961 pro
308 4874 429 4958 fatuo,
461 4890 497 4939 et
528 4876 609 4940 libri
643 4875 795 4940 hominis
830 4874 917 4938 satis
947 4876 1129 4939 declarent
1152 4895 1232 4939 eum
1256 4896 1327 4941 non
1351 4896 1430 4941 esse

166 5002 252 5053 Baium,
264 5002 415 5043 Documenta
423 5000 562 5042 Lntherm.
1235 4981 1272 5036 20
