3425 5700
780 563 1026 622 ο-’ΒΜΞΗ

264 723 410 769 nessero
441 727 462 770 a
490 708 615 772 ordine
646 711 812 775 accioche
848 713 1052 777 dimandate
1083 717 1129 778 da
1157 737 1212 779 me
1246 737 1300 779 me
1331 737 1376 780 ne
1408 713 1544 799 potessi

265 813 411 895 servire,
435 825 471 878 et
493 815 593 879 finita
617 829 742 900 questa
771 840 855 884 cosa
879 821 924 884 de
948 822 1097 885 Boemia
1131 823 1166 886 io
1199 824 1416 905 dissegnavo
1447 845 1542 887 man·

265 921 330 983 dar
354 941 375 982 a
399 921 590 987 chiederle.

354 1030 410 1091 De
433 1030 609 1112 Inspruck
637 1043 693 1096 tra
728 1035 761 1096 le
794 1036 883 1098 altre
913 1057 996 1099 cose
1025 1037 1079 1100 ch'
1097 1036 1131 1099 io
1166 1015 1314 1100 intendo
1343 1036 1379 1099 di
1414 1039 1480 1100 che
1513 1037 1544 1100 si

265 1138 469 1199 lamentano
493 1137 530 1199 di
554 1138 597 1201 N.
622 1137 658 1202 S.
685 1141 702 1202 ὲ
727 1142 793 1204 che
818 1142 946 1206 dicono
972 1143 1009 1207 S.
1034 1141 1087 1206 Ξῖ*
1111 1147 1244 1207 havere
1266 1155 1458 1226 procurato
1482 1164 1542 1226 ap-

265 1261 390 1322 presso
415 1242 439 1305 il
463 1241 621 1307 sermore
646 1246 679 1307 d’
701 1247 836 1329 Anglia
859 1251 925 1312 che
948 1251 971 1313 'l
995 1271 1065 1313 non
1090 1250 1148 1314 dia
1172 1250 1268 1314 aiuto
1299 1272 1320 1312 a
1344 1251 1474 1315 Cesare
1507 1249 1543 1313 in

267 1361 392 1430 questa
415 1351 570 1432 impresa
603 1354 648 1416 de
681 1353 784 1417 Italia
811 1364 848 1418 et
879 1357 944 1419 che
978 1360 1024 1420 ha
1054 1357 1224 1439 impedito
1258 1360 1324 1421 che
1352 1358 1544 1422 Venetiani

266 1477 336 1520 non
361 1458 389 1521 si
414 1479 502 1522 sono
519 1461 702 1542 congionti
718 1482 784 1525 con
801 1461 826 1524 li
843 1463 997 1543 Cesarei,
1014 1464 1057 1526 ne
1073 1466 1193 1527 hanno
1209 1475 1393 1527 osservato
1410 1473 1546 1546 quanto

266 1585 374 1628 erano
406 1566 557 1649 obligati
581 1588 627 1630 ex
659 1568 800 1642 federe;
832 1571 962 1634 dicono
986 1573 1122 1634 anchor
1143 1573 1210 1635 che
1229 1574 1275 1634 da
1291 1572 1409 1634 Roma
1425 1573 1545 1634 hanno

266 1671 366 1735 aviso
391 1674 456 1736 che
480 1674 523 1739 N.
548 1672 584 1739 S,
609 1674 638 1738 si
663 1676 680 1737 ὸ
705 1677 831 1757 gionto
855 1697 921 1740 con
955 1675 1093 1740 Fra'nza
1121 1676 1253 1761 perche
1279 1678 1409 1742 Cesare
1442 1687 1478 1740 et
1511 1679 1548 1740 el

267 1779 435 1861 Principe
463 1802 534 1845 non
558 1782 676 1845 hanno
710 1784 870 1847 extincta
902 1787 936 1846 la
971 1793 1070 1847 secta
1100 1785 1287 1848 lutherana
1317 1787 1361 1848 nd
1392 1784 1488 1848 facto
1519 1785 1546 1846 il

268 1886 389 1948 debito
412 1908 478 1968 per
502 1890 728 1972 extinguerla
751 1901 787 1954 et
811 1893 877 1954 che
902 1892 948 1954 da
978 1889 1001 1952 li
1026 1891 1147 1972 agenti
1179 1891 1255 1954 suoi
1285 1891 1321 1954 in
1353 1891 1550 1954 Germania

267 1991 304 2056 S.
338 1992 390 2056 St*
430 1996 474 2058 de
512 1994 567 2058 cio
605 2017 650 2060 ne
690 1998 711 2061 e
748 2008 841 2100 stata
879 1999 1035 2080 ansata,
1074 1999 1290 2080 incolpando
1326 2019 1382 2062 me
1417 1999 1545 2080 princi·

146 2139 152 2146 -
267 2103 446 2183 palmente
481 2103 516 2166 di
550 2115 675 2186 questo
711 2118 747 2168 et
780 2108 894 2168 anche
928 2106 1059 2186 perche
1094 2113 1209 2168 temea
1240 2106 1285 2168 de
1319 2108 1351 2167 le
1376 2103 1548 2166 reforma-

267 2208 363 2271 tione
388 2219 423 2273 et
447 2211 492 2273 de
516 2212 551 2274 la
574 2214 755 2294 grandeza
778 2212 813 2274 di
835 2212 967 2276 Cesare
991 2221 1027 2275 et
1050 2213 1141 2275 altre
1164 2211 1254 2275 simil
1279 2212 1372 2292 baie,
1396 2212 1430 2274 le
1451 2211 1549 2293 quali

268 2319 494 2396 quantunche
522 2319 622 2382 sieno
655 2319 761 2398 false,
794 2340 862 2402 pur
892 2321 939 2384 ho
964 2319 1085 2382 voluto
1117 2319 1297 2382 scriverne
1327 2339 1397 2381 una
1422 2297 1552 2399 paroia

267 2426 397 2505 perche
430 2445 468 2488 se
499 2425 646 2489 intenda
678 2429 759 2509 quel
791 2427 857 2488 che
886 2446 1004 2488 vanno
1028 2425 1273 2489 freneticando
1299 2425 1413 2508 questi
1436 2444 1549 2505 popu·

267 2530 366 2612 lazzi,
407 2541 444 2593 et
478 2532 718 2596 ultimamente
750 2533 880 2596 dicono
918 2536 983 2596 che
1019 2532 1208 2596 Venetiani
1242 2535 1361 2596 hanno
1396 2531 1550 2613 rispetto

268 2639 315 2700 ad
331 2638 440 2702 unirsi
465 2659 532 2702 con
556 2643 633 2703 loro
656 2662 722 2723 per
745 2662 792 2704 un
815 2643 926 2704 breve
956 2639 992 2703 di
1017 2640 1059 2703 N.
1084 2639 1120 2705 S.
1150 2642 1216 2703 che
1247 2639 1271 2702 li
1299 2640 1346 2703 da
1374 2659 1552 2721 speranza

268 2746 334 2808 che
358 2746 392 2808 la
416 2766 506 2827 pace
529 2767 592 2809 seu
616 2757 744 2830 tregua
767 2747 808 2809 sii
832 2767 897 2830 per
921 2747 1088 2810 condursi
1117 2757 1152 2809 et
1182 2748 1248 2810 che
1279 2749 1356 2810 loro
1384 2767 1454 2810 non
1485 2765 1550 2808 vo·

267 2852 389 2934 gliono
414 2853 586 2936 impedire
610 2877 655 2918 un
681 2865 780 2918 tanto
805 2858 906 2920 bene.

359 2961 434 3024 Con
458 2972 584 3044 questa
616 2962 659 3025 V.
685 2960 722 3025 S.
753 2962 887 3024 havera
918 2982 989 3025 una
1013 2962 1082 3024 mia
1109 2965 1237 3025 lettera
1261 2982 1282 3025 a
1306 2960 1349 3025 N.
1373 2958 1410 3023 S.
1435 2960 1469 3022 in
1495 2959 1549 3023 fa-

268 3089 354 3131 vore
379 3078 416 3131 et
445 3069 816 3133 raccommandatione
846 3070 892 3131 de
923 3070 945 3132 1'
962 3069 1245 3151 Archiepiscopo
1280 3070 1491 3147 Bremense,
1521 3067 1550 3130 il

269 3179 374 3259 quale
398 3179 444 3240 ha
467 3179 635 3241 mandato
660 3181 717 3260 qui
742 3200 763 3241 a
787 3198 842 3240 me
867 3177 891 3239 il
915 3196 979 3240 suo
1005 3178 1141 3239 decano
1166 3198 1185 3238 a
1210 3174 1390 3259 pregarmi
1413 3174 1449 3237 di
1464 3194 1552 3255 que-

271 3294 326 3347 sto
350 3284 470 3348 ufficio
496 3306 562 3347 con
586 3305 650 3348 sua
674 3284 726 3347 Si*
751 3286 973 3368 deplorando
998 3282 1097 3346 molti
1120 3283 1196 3346 suoi
1221 3282 1441 3345 incommodi.
1489 3280 1554 3345 Gli

270 3392 317 3453 ho
341 3394 426 3456 data
448 3394 483 3455 la
508 3393 688 3474 duplicata
711 3393 748 3455 di
772 3402 898 3474 questa
922 3392 1054 3471 littera,
1080 3393 1115 3453 la
1139 3392 1242 3472 quale
1266 3390 1369 3453 stimo
1393 3391 1458 3451 che
1482 3409 1553 3470 per

268 3501 375 3562 homo
399 3500 545 3582 proprio
569 3499 720 3564 faranno
751 3502 836 3563 dare
869 3520 889 3561 a
921 3497 956 3561 S.
990 3500 1085 3570 Bne;
1119 3498 1277 3579 potando
1307 3494 1380 3559 Sua
1409 3494 1555 3559 Santita

271 3608 421 3671 aiutarlo
455 3618 491 3670 et
521 3610 711 3671 sollevarlo
743 3606 780 3669 di
812 3608 962 3689 qualche
995 3614 1167 3688 proposta
1195 3625 1216 3666 ο
1248 3605 1281 3665 d'
1304 3606 1428 3667 alcuno
1457 3604 1553 3666 altro

271 3714 460 3795 benefici0,
485 3715 565 3779 sara
588 3718 699 3779 molto
722 3716 759 3778 in
783 3714 981 3797 proposito
1007 3711 1139 3795 perche
1168 3710 1186 3775 ὲ
1212 3713 1350 3792 prelato
1375 3712 1421 3772 da
1444 3713 1552 3773 bene.

271 3824 306 3885 A
329 3822 498 3885 instantia
521 3843 584 3886 soa
607 3824 654 3885 ho
678 3822 802 3886 scritto
826 3822 872 3885 ad
898 3819 1014 3883 alcuni
1038 3818 1168 3900 prelati
1193 3817 1229 3880 di
1253 3818 1369 3903 quelle
1394 3816 1489 3897 parti
1516 3827 1553 3878 et

272 3931 304 3991 al
329 3930 431 3993 Duca
455 3930 614 3993 Henrico
638 3929 901 4006 Brunsvicense
926 3926 1176 3989 exhortandoli
1205 3946 1225 3987 a
1255 3923 1364 3986 unirsi
1395 3944 1460 4005 per
1492 3925 1549 3985 de-

271 4035 435 4101 fensione
458 4038 605 4119 propria
629 4046 665 4100 et
689 4038 734 4099 de
758 4038 794 4099 la
816 4035 918 4115 fede,
949 4032 1022 4097 cosi
1053 4034 1098 4096 da
1122 4032 1169 4095 lui
1193 4030 1362 4095 richiesto
1387 4040 1422 4091 et
1446 4028 1552 4093 stimo

272 4164 311 4206 se
335 4143 595 4207 intenderanno
619 4146 675 4207 col
703 4145 799 4207 Rmo
829 4140 1041 4223 Maguntino
1073 4160 1111 4202 se
1142 4158 1209 4221 pur
1241 4128 1335 4201 stara
1360 4137 1462 4199 saido
1496 4136 1551 4199 ne’

271 4250 375 4335 primi
400 4252 476 4315 suoi
499 4251 675 4334 dissegni,
706 4253 772 4315 che
803 4270 903 4313 come
928 4250 1018 4311 altre
1042 4247 1138 4309 volte
1163 4244 1281 4308 scrissi
1305 4244 1323 4307 ὲ
1347 4243 1551 4307 necessario

274 4359 309 4422 vi
332 4360 501 4422 cohibere
525 4359 664 4421 illorum
687 4358 869 4421 insaniam.
918 4354 1055 4419 Dicemi
1084 4352 1109 4415 il
1137 4350 1279 4433 prefato
1306 4350 1454 4412 Decano
1485 4350 1551 4413 che

273 4468 391 4549 quella
414 4468 554 4529 heresia
588 4466 607 4528 ὲ
641 4466 752 4528 molto
787 4464 976 4545 prevaluta
1003 4460 1039 4523 in
1068 4460 1184 4540 quelle
1221 4456 1315 4539 parti
1339 4454 1550 4539 septentrio-

273 4574 355 4651 nali,
380 4575 525 4637 macha
549 4575 658 4636 molto
682 4572 742 4653 pid
779 4591 867 4633 sono
903 4570 937 4631 le
972 4571 1090 4629 buone
1124 4568 1189 4628 che
1215 4565 1247 4627 le
1271 4562 1401 4626 cattive
1426 4572 1463 4623 et
1486 4564 1551 4625 che

273 4680 307 4743 in
334 4680 480 4744 Bremes
505 4691 541 4744 et
564 4679 698 4742 diocesi
726 4679 761 4740 in
797 4678 857 4759 piu
893 4678 937 4738 de
973 4672 1052 4737 XX
1086 4690 1239 4753 persone
1274 4668 1394 4733 sonosi
1429 4668 1551 4731 veduti

274 4788 500 4872 grandissimi
523 4787 625 4871 segni
650 4796 774 4849 contra
797 4784 886 4847 detti
909 4780 1076 4857 heretici,
1101 4778 1160 4861 qui
1183 4778 1422 4859 imprecantes
1445 4794 1554 4857 super

273 4918 313 4960 se
337 4916 477 4969 manum
500 4894 644 4971 Domini
685 4892 752 4956 nisi
782 4910 905 4954 verum
934 4896 1028 4953 esset
1062 4887 1156 4971 quod
1187 4892 1382 4969 sequuntur
1410 4882 1552 4967 dogma,
