3425 5700
796 549 1044 606 ο43478Εὲο

281 694 467 776 sollicitat,
491 715 638 778 quorum
662 697 789 778 partim
814 698 950 780 predae
975 696 1163 760 dulcedine
1188 695 1281 777 capti
1298 695 1392 778 quod
1409 696 1565 758 saluber-

281 804 388 866 rimas
421 823 491 866 non
528 803 642 867 minus
677 825 782 885 quam
813 804 1010 868 uberrimas
1044 802 1182 868 Galliae
1213 802 1380 884 regiones
1408 823 1471 884 spe
1505 803 1566 864 de·

281 911 460 973 vorandas
484 908 517 973 in
542 912 608 974 hac
633 920 831 993 temporum
854 911 1057 975 calamitate
1081 923 1336 993 presumerent,
1352 909 1480 991 partim
1505 931 1565 971 au·
1637 949 1639 956 ,

282 1027 353 1080 tem
376 1017 541 1080 licentiae
566 1017 760 1100 cupiditate
785 1017 941 1098 adducti,
958 1018 1045 1082 istos
1061 1017 1194 1100 oppido
1213 1017 1398 1099 recipiunt,
1421 1016 1568 1080 nomina

282 1125 378 1204 dant,
403 1144 511 1205 seque
536 1125 631 1187 omni
655 1124 690 1187 in
716 1146 753 1189 re
778 1146 848 1207 qua
872 1125 1011 1208 possint
1034 1125 1226 1208 nepharios
1249 1125 1395 1189 istorum
1417 1133 1567 1186 conatus
1642 1117 1644 1124 ’

281 1231 465 1293 adiuturos
489 1229 709 1296 confirmant.
756 1232 797 1295 Id
821 1233 883 1296 ubi
906 1233 1056 1315 primum
1075 1231 1217 1296 rescivit
1234 1231 1437 1295 Anthonius
1452 1231 1567 1294 frater

284 1337 514 1420 Lotharingie
530 1340 613 1402 Dux
637 1340 819 1423 principes
842 1341 1039 1404 nobilitatis
1064 1347 1248 1419 convocat,
1273 1340 1391 1421 palam
1416 1340 1568 1420 exponit

285 1445 369 1526 quid
394 1447 438 1509 de
462 1445 538 1509 istis
562 1446 739 1511 seditiosis
763 1448 966 1512 hominibus
982 1447 1144 1527 audierit,
1161 1456 1267 1530 rogat
1283 1456 1321 1509 ut
1336 1465 1403 1528 pro
1420 1446 1567 1528 panagii

283 1553 499 1616 iureiurandi
539 1562 804 1618 auctoramento
844 1555 911 1618 sibi
944 1558 989 1618 ad
1026 1555 1306 1636 propulsandam
1334 1561 1496 1634 egestate
1530 1562 1569 1614 et

284 1661 420 1723 scelere
457 1659 675 1742 perditorum
717 1661 896 1725 hominurn
936 1661 1119 1725 audaciam
1153 1661 1211 1724 die
1247 1681 1352 1742 quam
1386 1659 1568 1741 prostituit

284 1778 404 1849 presto
429 1765 557 1847 adsint,
582 1788 772 1849 secumque
795 1767 918 1833 florem
943 1789 1082 1832 omnem
1107 1768 1301 1832 nobilitatis
1326 1777 1486 1846 evocent,
1512 1788 1566 1829 re·

285 1875 382 1955 liqua
413 1895 482 1955 que
507 1875 552 1936 ad
582 1885 816 1939 commeatum
840 1876 1022 1959 pertinent
1046 1886 1263 1958 cunctasque
1287 1875 1467 1938 machinas
1491 1876 1565 1937 bel-

286 1981 372 2043 licas
396 1980 464 2042 sibi
485 2002 591 2044 curae
616 1982 693 2046 fore
718 1982 809 2046 dixit
832 1983 1080 2064 delectumque
1104 1983 1262 2064 pediturn
1282 1991 1358 2045 tota
1381 1980 1568 2063 provincia

285 2087 502 2160 habiturum:
529 2089 722 2152 auxiliares
746 2098 936 2172 prm-terea
960 2091 1081 2172 copias
1112 2090 1140 2152 si
1165 2109 1255 2171 opus
1278 2088 1386 2152 fuerit
1408 2110 1431 2151 a
1453 2087 1568 2151 fratri·

285 2197 352 2258 bus
375 2195 541 2276 praeside
557 2195 773 2278 Campaniae
798 2198 997 2278 comiteque
1010 2195 1272 2260 Vaudemontio
1288 2194 1568 2279 impetraturum.

286 2301 365 2383 Quo
389 2303 511 2365 audito
539 2303 756 2366 confirmatis
789 2303 944 2367 omnium
984 2304 1110 2367 animis
1144 2303 1223 2366 illos
1257 2305 1302 2365 ad
1328 2304 1570 2384 comparanda

286 2429 378 2490 quae
401 2409 604 2473 necessaria
626 2410 840 2474 videbantur
864 2411 1017 2474 dimittit.
1064 2412 1215 2473 Praeses
1239 2430 1326 2473 vero
1351 2409 1569 2490 Campaniae

287 2536 477 2597 comesque
508 2516 791 2581 Vaudemontius
823 2517 993 2582 certiores
1027 2518 1071 2581 de
1099 2516 1219 2580 fratris
1251 2515 1451 2580 discrimine
1482 2516 1570 2580 facti

287 2643 358 2686 non
383 2633 576 2705 expectant
600 2626 682 2687 dum
706 2635 889 2707 rogentur,
918 2626 1002 2706 quin
1028 2634 1171 2705 praesto
1195 2624 1365 2687 advolant
1396 2625 1571 2688 ducentos

288 2729 427 2811 equites
463 2733 712 2813 cataphractos
753 2753 831 2795 cum
869 2730 1139 2814 quadringentis
1171 2731 1419 2812 hippotoxotis
1449 2750 1570 2794 secum

288 2838 482 2918 adducunt,
512 2838 671 2920 peditum
699 2850 889 2922 praeterea
922 2841 1062 2905 circiter
1086 2837 1241 2921 quinque
1265 2838 1383 2902 millia.
1431 2837 1571 2921 Quibus

287 2945 370 3009 freti
393 2945 505 3028 copiis
539 2945 699 3010 delectos
729 2957 805 3012 tota
837 2948 1022 3031 provincia
1054 2946 1211 3030 pedites,
1242 2946 1340 3027 prius
1371 2947 1416 3009 de
1447 2966 1570 3009 eorum

288 3052 384 3116 facili
407 3052 441 3116 in
466 3054 665 3136 principem
689 3057 862 3138 obsequio
886 3056 1131 3135 collaudatos,
1164 3054 1288 3135 paucis
1311 3053 1483 3135 receptis,
1509 3054 1570 3116 do·

288 3180 381 3223 mum
405 3143 600 3236 dimittunt;
625 3182 704 3226 curn
729 3163 874 3244 reliquis
899 3163 1040 3227 obviam
1064 3161 1226 3225 hostibus
1249 3160 1301 3224 ire
1317 3169 1484 3242 pergunt,
1510 3160 1571 3243 qui

288 3269 334 3330 ad
365 3266 562 3333 Sabernam
596 3269 632 3331 in
663 3289 753 3351 agro
784 3270 924 3334 Alsatio
953 3271 1056 3333 sitam
1085 3270 1337 3349 consederant,
1367 3267 1572 3349 circumque

287 3372 489 3437 adiacentia
504 3375 639 3457 oppida
656 3375 753 3439 ferro
770 3375 918 3459 ignique
933 3380 1134 3441 vastabant.
1172 3375 1330 3458 Quorum
1347 3396 1390 3439 eo
1406 3376 1573 3459 prorupit

288 3479 388 3544 furor
410 3480 539 3563 impius
561 3480 794 3565 immanisque
818 3482 999 3547 temeritas
1034 3492 1072 3545 ut
1103 3504 1174 3547 non
1199 3485 1311 3548 solum
1336 3482 1573 3547 nobilioribus

289 3588 471 3670 sacrisque
494 3589 740 3654 sacerdotibus
764 3591 1041 3655 internecionem
1068 3590 1329 3671 minitarentur,
1366 3590 1428 3654 sed
1463 3590 1571 3654 etiam

289 3698 369 3759 Deo
394 3696 556 3779 divisque
587 3697 843 3761 immortalibus
873 3700 1005 3762 bellum
1033 3698 1241 3780 nepharium
1274 3697 1445 3761 indixisse
1474 3698 1572 3761 vide·

289 3812 431 3883 rentur,
459 3806 593 3887 templa
622 3804 702 3868 Deo
727 3802 889 3886 divisque
913 3804 1031 3868 dicata
1061 3804 1136 3867 solo
1165 3826 1320 3887 aequare
1353 3816 1389 3869 et
1419 3804 1453 3867 in
1486 3804 1575 3887 ipsis

291 3921 427 3975 statuas
458 3912 562 3975 divae
593 3912 700 3976 etiam
730 3912 867 3975 Mariae
902 3932 1022 3975 sacras
1055 3932 1205 3994 arasque
1241 3911 1459 3991 disturbare,
1489 3912 1574 3975 huic

291 4029 409 4102 caput,
433 4020 482 4083 illi
507 4039 621 4099 crura,
644 4019 856 4100 quibusdam
880 4028 1066 4100 utrumque
1098 4040 1168 4081 non
1197 4019 1272 4082 sine
1296 4038 1427 4101 magna
1451 4026 1573 4083 contu-

290 4128 396 4192 melia
419 4126 646 4201 abscindere;
670 4125 754 4209 quin
771 4126 888 4205 etiam,
912 4128 1006 4207 quod
1032 4126 1222 4189 scribendo
1239 4126 1408 4189 abhorret
1423 4126 1574 4205 animus,

291 4235 327 4298 in
338 4234 476 4315 Corpus
487 4232 617 4297 Christi
625 4236 721 4315 quod
732 4236 883 4298 demore
894 4232 1388 4315 templisreligiosecustodiri
1402 4234 1514 4297 solet.
1529 4282 1535 4297 .
1549 4232 1574 4315 ¹)

380 4341 609 4424 Quantopere
634 4342 816 4405 meliorem
841 4340 1055 4406 Germaniae
1079 4348 1218 4422 partem
1248 4340 1451 4403 iamdudum
1485 4338 1575 4402 infe-

293 4448 380 4513 cerit
404 4450 686 4512 Lutheranorum
716 4449 842 4529 facti0,
876 4446 1087 4512 Beatissime
1117 4447 1240 4530 Pater,
1268 4466 1576 4531 supervacaneum

375 4665 400 4721 'l
417 4668 471 4716 Hic
491 4666 584 4716 lolium
604 4666 715 4724 desinit;
741 4665 815 4723 alter,
834 4679 884 4713 nec
904 4664 1015 4713 sortasse
1033 4662 1150 4712 eiusdem
1170 4661 1306 4726 epistolae,
1333 4660 1427 4725 incipit
1452 4660 1574 4709 eiusdem

294 4752 374 4800 senne
387 4749 542 4812 argumenti.
562 4749 615 4797 Sed
629 4748 747 4795 forsitam
761 4746 814 4795 alia
826 4744 940 4810 epistola
952 4744 1050 4808 scripta
1068 4744 1111 4792 die
1125 4743 1140 4791 6
1160 4742 1254 4807 incipit
1272 4740 1373 4790 verbis:
1403 4740 1577 4803 Quantopere

293 4838 342 4880 etc.
362 4831 423 4879 dum
443 4828 557 4893 epistola
574 4830 659 4893 prima
678 4827 720 4876 die
739 4841 756 4888 4
774 4826 881 4889 scripta,
901 4840 955 4873 non
972 4824 1076 4873 videtur
1095 4822 1235 4887 completa.
1279 4822 1370 4871 Prima
1394 4818 1507 4885 epistola
1531 4828 1577 4871 est

293 4910 451 4970 cardinalis,
469 4910 535 4959 baec
554 4908 671 4959 secunda
689 4907 772 4957 Ducis
791 4904 989 4968 Lotharingiae.
