3425 5700
652 540 899 626 osam

132 715 383 798 Reipublicae,
399 716 539 779 factura
563 715 720 798 videtur,
749 717 777 780 si
801 715 858 778 hic
882 716 932 778 ita
955 715 1154 797 provideat,
1178 725 1216 778 ut
1239 715 1413 798 praedicti

132 822 233 884 cives
257 843 295 884 se
319 823 452 904 liquido
476 843 646 904 peccasse
678 832 908 904 cognoscant.
965 821 1091 904 Neque
1123 823 1216 885 enim
1248 822 1305 885 hic
1336 843 1412 905 spe-

131 930 283 992 randum
317 941 389 1010 est,
422 938 459 991 ut
494 950 556 992 eos
585 929 809 1011 indulgentia
843 929 1000 1011 mitiget,
1035 929 1120 1011 quin
1155 929 1273 1012 potius
1308 929 1427 993 etiam'

132 1035 313 1117 etiamque
337 1035 565 1098 metuendum
589 1035 771 1117 existim0,
806 1055 850 1098 ne
882 1035 911 1096 si
945 1035 999 1098 his
1030 1044 1208 1099 tantorum
1241 1038 1414 1100 malorum

131 1141 243 1205 initiis
267 1162 337 1206 non
361 1141 475 1225 primo
499 1162 640 1224 quoque
665 1152 825 1224 tempore
849 1151 1076 1222 occurratur,
1112 1143 1347 1224 gliscentibus
1377 1142 1412 1205 in

132 1250 212 1312 dies
235 1251 303 1311 hoc
334 1269 449 1331 genus
479 1249 673 1313 factionum
703 1249 833 1330 turbis,
868 1269 937 1313 non
971 1249 1122 1332 perinde
1151 1260 1278 1333 postea
1307 1249 1413 1313 facile

132 1356 262 1418 obsisti
284 1356 397 1438 possit
421 1357 563 1438 quando
587 1355 622 1419 in
647 1358 740 1419 hunc
763 1357 852 1419 istos
877 1355 1018 1419 modum
1042 1356 1233 1437 cernimus,
1256 1357 1292 1421 in
1317 1357 1413 1419 dete-

130 1462 230 1525 riora
255 1462 412 1543 quotidie
437 1462 586 1547 prolabi.
633 1463 774 1525 Interea
798 1483 903 1545 quam
927 1462 1153 1526 foelicissime
1176 1464 1295 1526 valeat
1319 1463 1357 1527 T.
1376 1460 1412 1527 S.

131 1569 191 1632 cui
212 1589 268 1632 me
283 1578 395 1631 totum
410 1589 516 1650 quam
532 1547 676 1651 pdssum
692 1569 1010 1651 obsequentissime
1026 1571 1187 1634 devoveo
1205 1570 1413 1653 dedicoque.

225 1691 392 1774 Lugduni
416 1693 549 1757 Mensis
572 1694 694 1758 Martii
719 1694 803 1760 XII.

348 1816 388 1882 E.
413 1816 450 1882 S.
474 1818 515 1882 T.

864 1935 1024 1985 Humillima
1042 1936 1169 1984 Creatura

728 2034 763 2080 lo
783 2033 972 2083 cardinalis
991 2034 1029 2081 de
1048 2033 1281 2096 Lotboringia.

673 2247 879 2258 nvmumwwww

544 2474 713 2556 Eiusdem
740 2477 1006 2578 postsoriptum.

739 2618 812 2682 198.

509 2870 634 2940 (niteret
652 2870 771 2946 Prtndp.
789 2872 848 2931 vot
867 2872 889 2931 t
908 2872 974 2946 nrt
992 2873 1044 2946 u.)

633 2981 689 3049 (ια.
710 2984 800 3031 Martii
822 2981 910 3051 1525.)

227 3123 356 3202 Hodie,
380 3144 487 3205 quum
509 3125 616 3186 hasce
641 3124 763 3186 literas
780 3124 968 3186 tabellario
985 3134 1167 3206 posterum
1184 3126 1229 3188 ad
1247 3126 1295 3190 R.
1312 3127 1356 3189 D.
1373 3125 1418 3191 V.

133 3229 371 3314 perferendas
395 3239 608 3307 statueram,
633 3242 808 3294 venerunt
831 3233 900 3294 huc
924 3232 995 3294 duo
1020 3232 1167 3295 comites
1190 3253 1260 3295 non
1284 3253 1419 3316 parvae

132 3336 349 3400 conditionis
373 3336 409 3399 in
434 3346 508 3399 toto
533 3337 699 3418 Imperio,
715 3338 774 3419 qui
790 3340 989 3401 retulerunt
1013 3339 1097 3401 mihi
1117 3339 1210 3403 inter
1226 3339 1305 3420 alia,
1322 3342 1417 3422 quod

132 3442 473 3505 Reverendissimus
487 3443 659 3506 Dominus
668 3443 824 3525 Legatus
842 3444 1058 3528 Campegius
1071 3446 1140 3508 iam
1153 3447 1227 3510 fere
1239 3448 1418 3510 Bohemos

134 3553 185 3613 ab
210 3550 389 3613 erroribus
413 3550 484 3613 suis
508 3561 738 3634 avocaverat,
773 3563 809 3614 et
839 3572 982 3615 eorem
1008 3553 1224 3634 deduxerat,
1257 3563 1295 3615 ut
1326 3556 1419 3617 bene

133 3658 184 3721 de
209 3657 260 3720 eis
284 3660 514 3739 sperabatur;
552 3677 674 3721 verum
699 3658 870 3721 timebant
901 3660 992 3722 hanc
1021 3658 1243 3722 Sanctissimi
1276 3660 1420 3722 Domini

134 3763 260 3826 Nostri
283 3764 319 3825 in
343 3762 485 3827 Gallum
508 3763 772 3829 inclinationem
796 3784 903 3846 posse
926 3785 987 3828 eos
1002 3764 1163 3828 fortassis
1180 3768 1226 3829 ab
1251 3765 1419 3829 institutis

135 3891 335 3935 removere.

229 3997 422 4058 Praeterea
446 3998 552 4058 modo
577 4017 642 4080 per
666 3996 891 4059 Germaniam
916 4016 1014 4060 more
1038 3997 1249 4060 hebreorum
1275 3997 1418 4061 circum-

134 4102 291 4167 cidendo
315 4102 512 4165 Infantulos
529 4112 631 4166 natos
656 4104 759 4186 (proh
784 4102 899 4188 dolor)
922 4102 1095 4186 baptisari
1116 4115 1293 4178 asserunt;
1319 4125 1419 4185 quor·

135 4231 215 4275 sum
240 4220 312 4273 tum
338 4212 426 4273 haec
451 4210 609 4289 tendant,
632 4210 757 4292 juditio
782 4204 828 4273 R.
854 4211 898 4275 D.
924 4211 968 4273 V.
993 4210 1222 4292 cogitandum
1246 4211 1419 4292 relinquo.
