3425 5700
710 556 957 617 *otono-³

280 702 400 769 Ambo
430 704 482 770 illi
514 706 675 787 theologi
702 707 930 773 lovanienses
959 709 1110 790 polliciti
1141 719 1223 773 sunt
1252 731 1292 775 se
1323 707 1474 795 amplius

191 834 262 877 non
286 813 530 877 nominaturos
554 814 737 877 Erasmum
760 814 995 895 haereticum,
1028 816 1218 879 dummodo
1246 828 1365 881 tamen
1396 819 1474 899 ipse

189 942 210 983 a
234 920 432 985 mordendo
457 930 493 983 et
516 940 687 1003 perversa
711 922 903 986 scribendo
926 932 1119 1004 temperet;
1143 944 1224 986 meo
1248 924 1378 988 iudicio
1402 946 1472 987 am-

189 1026 283 1108 plius
308 1030 355 1089 ab
380 1026 432 1089 eis
455 1028 589 1109 requiri
614 1048 685 1091 non
710 1030 828 1093 debet.
886 1027 926 1093 Si
954 1030 1041 1111 quid
1075 1030 1170 1092 aliud
1202 1040 1257 1093 est
1287 1031 1382 1113 quod
1417 1033 1474 1093 vel

190 1135 255 1195 hac
280 1134 316 1196 in
340 1154 391 1215 re,
415 1135 475 1195 vel
498 1133 533 1195 in
558 1133 629 1195 alia
653 1132 731 1197 Smut
749 1135 792 1198 D.
823 1135 865 1199 N.
894 1137 953 1197 vel
983 1136 1060 1198 R¹¹¹⁸
1088 1137 1132 1199 D.
1162 1136 1207 1199 V.
1231 1136 1367 1201 interea
1391 1139 1473 1200 dum

189 1240 245 1303 hic
270 1262 391 1304 moror
414 1262 436 1303 a
459 1260 515 1303 me
538 1240 642 1321 velit,
678 1262 754 1304 sum
785 1243 830 1304 ad
864 1242 1000 1323 omnia,
1035 1242 1126 1306 sicut
1155 1246 1289 1326 debeo,
1325 1246 1470 1328 paratis·

190 1368 309 1411 simus.

1079 1456 1273 1521 timonem
1291 1458 1404 1521 lanu.

791 1990 868 2057 263.

191 2124 436 2205 communitas
464 2124 601 2227 Progne
628 2124 760 2204 Baroni
787 2125 920 2227 Burgio
950 2124 1086 2206 maiori
1114 2123 1213 2207 Sedis
1241 2126 1474 2228 Apostolioae.

591 2272 711 2341 (Aruer.
730 2270 778 2329 11.
799 2286 881 2345 rapsa
898 2272 961 2330 m
979 2273 1013 2330 r.
1032 2270 1082 2346 u.)

678 2389 731 2457 (29.
754 2391 879 2439 Octobris
901 2389 988 2458 1525.)

281 2521 474 2606 Magnifice
498 2522 796 2605 Nobilissimequa
821 2524 992 2603 Domine,
1017 2524 1170 2588 Domine
1194 2524 1298 2588 nobis
1322 2524 1474 2606 plurima

190 2630 445 2694 benevolentia
470 2629 668 2694 conciliate.
714 2630 900 2694 Nobilitati
925 2631 1078 2694 Vestrae
1109 2631 1383 2695 eminentissime
1415 2636 1471 2695 ob·

190 2738 316 2821 sequia
339 2748 461 2801 nostra
486 2758 627 2820 semper
649 2738 685 2801 in
711 2738 874 2801 omnibus
899 2738 1123 2820 paratissima
1147 2737 1294 2801 dicimus
1319 2750 1355 2802 et
1369 2738 1474 2821 signi·

191 2846 348 2912 ficamus.
365 2844 524 2909 Certiore
541 2844 726 2909 didicimus
739 2859 949 2928 argumento
973 2845 1114 2908 virtutis
1131 2844 1237 2908 etiam
1254 2846 1476 2929 experientia

191 2953 425 3033 cognovimus
450 2949 710 3016 Sublimitatem
735 2953 901 3016 Vestram
927 2963 960 3015 et
976 2949 1280 3034 Magnificentiam
1304 2952 1474 3035 singulari

191 3061 346 3142 quadam
381 3060 498 3140 gratia
532 3080 610 3122 cum
645 3070 795 3142 propter
828 3059 898 3122 alia
933 3062 1058 3137 multa,
1094 3068 1167 3120 tum
1202 3079 1289 3122 vero
1322 3059 1474 3122 maxime

190 3177 341 3248 propter
375 3165 598 3229 Serenissimi
634 3166 751 3246 Regis
788 3166 962 3229 Ludovici
993 3164 1154 3246 Domini,
1186 3165 1330 3228 Domini
1365 3166 1475 3230 nostri

191 3272 455 3356 gratiosissimi,
491 3273 687 3335 arctissima
717 3292 847 3352 magna
879 3272 1021 3354 quidem
1047 3281 1083 3334 et
1106 3273 1307 3336 necessaria
1332 3275 1477 3355 negotia

192 3401 282 3462 erga
304 3380 474 3442 Boemiae
498 3380 668 3460 Regnum
692 3399 803 3462 usque
828 3381 919 3442 adeo
944 3377 1065 3456 adiici,
1101 3379 1151 3442 uti
1183 3381 1344 3443 omnibus
1368 3383 1475 3443 rebus

191 3487 339 3550 utilibus
364 3496 399 3549 et
431 3485 590 3549 honestis
621 3487 656 3548 in
692 3487 852 3568 predicto
885 3485 1031 3548 Boemie
1062 3506 1176 3569 regno
1208 3487 1379 3550 ordinatis
1404 3487 1474 3551 Re·

192 3593 323 3675 gieque
347 3592 529 3656 Maiestati
552 3593 694 3656 Domini
718 3593 830 3655 nostri
855 3591 1100 3673 gratiosissimi
1123 3613 1188 3675 pro
1214 3593 1341 3656 futuris
1357 3605 1472 3676 gratu-

192 3701 303 3777 letur,
339 3719 409 3761 non
434 3699 611 3762 minimam
636 3718 778 3780 quoque
802 3699 885 3761 inde
909 3699 1088 3780 concipiat
1112 3701 1390 3764 consolationem
1414 3701 1474 3763 ubi

193 3827 258 3869 nos
283 3807 392 3868 multa
413 3815 512 3868 tenet
528 3806 753 3888 ambiguitas,
778 3805 861 3887 quin
879 3816 914 3868 ct
928 3806 1035 3868 hodie
1061 3827 1202 3888 quoque
1220 3810 1344 3871 eadem
1359 3808 1475 3890 gratia

194 3913 375 3976 Nobilitas
403 3912 536 3976 Vestra
569 3930 656 3993 erga
689 3911 876 3976 Civitatem
911 3913 1225 3994 Metropolitanam
1257 3915 1473 3997 Pragensem

196 4042 265 4102 que
290 4019 392 4102 regni
417 4028 525 4101 caput
549 4030 584 4082 et
608 4019 668 4082 ubi
691 4019 834 4099 Regiae
858 4030 912 4082 est
935 4019 1132 4083 Maiestatis
1157 4018 1271 4083 Sedes
1301 4031 1474 4084 teneatur.

195 4127 301 4191 Unde
326 4137 362 4190 et
386 4148 477 4189 nunc
502 4147 547 4189 ex
574 4147 617 4189 eo
648 4126 868 4208 potissimum
898 4147 1002 4209 quam
1033 4147 1098 4208 per
1121 4127 1321 4190 Eminentia
1345 4129 1475 4191 Vestra

194 4235 402 4316 diligentem
428 4254 573 4315 operam
597 4231 687 4296 fides
711 4253 797 4296 vera
821 4233 1007 4312 catholica,
1031 4233 1181 4314 pristina
1201 4232 1270 4297 iam
1291 4236 1385 4316 apud
1411 4256 1475 4298 nos

195 4341 257 4423 pia
288 4349 386 4403 certe
421 4347 457 4403 et
492 4351 616 4403 sancta
640 4342 773 4422 gaudet
797 4341 973 4420 libertate,
1002 4339 1167 4420 ingentes
1190 4340 1327 4422 agimus
1351 4341 1474 4404 Excel-

194 4448 304 4511 lentie
335 4447 465 4509 Vestra
497 4447 632 4529 gratias
671 4455 706 4510 et
742 4447 932 4527 habemus,
963 4466 1005 4508 ac
1029 4445 1184 4509 futurum
1217 4457 1270 4510 est
1301 4458 1339 4509 ut
1371 4460 1475 4510 nacta

194 4556 409 4637 quandoque
434 4563 576 4636 gratum
602 4552 756 4617 faciendi
782 4553 1048 4636 opportunitate
1071 4573 1137 4634 pro
1161 4566 1284 4616 nostra
1307 4552 1399 4616 virili
1424 4576 1474 4617 re-

193 4663 361 4741 feramus,
386 4662 467 4724 hinc
493 4672 547 4723 est
570 4670 609 4723 ut
633 4662 757 4723 sedulo
781 4681 970 4742 cogemus,
998 4680 1040 4722 ac
1073 4661 1181 4741 paulo
1205 4659 1392 4722 instantius
1416 4681 1473 4741 pe·

194 4779 310 4832 tamus
345 4789 414 4850 quo
452 4765 659 4830 Sublimitas
684 4768 814 4830 Vestra
847 4768 936 4830 sicut
973 4766 1072 4847 prius
1106 4765 1156 4827 ita
1191 4768 1248 4828 vel
1286 4767 1393 4828 hodie
1417 4788 1475 4829 res

193 4886 335 4941 nostras
360 4896 485 4938 curare
508 4874 544 4936 in
569 4874 707 4956 hiisque
731 4875 833 4936 nobis
859 4875 991 4937 auxilio
1026 4895 1104 4936 esse
1127 4874 1214 4934 velit
1238 4884 1275 4936 et
1298 4875 1474 4955 dignetur.

1266 4996 1317 5056 36·
