3425 5700
635 575 881 636 Milli&

138 728 175 789 ad
195 725 316 790 seriem
340 727 403 790 rei.
458 725 539 790 Non
571 731 737 792 obstante
766 728 830 790 tali
861 748 954 790 nove
985 730 1031 791 de
1061 729 1196 793 Luther
1225 752 1314 794 sono
1339 728 1399 813 qui

137 833 276 897 huomini
302 835 412 916 degni
430 834 464 897 di
489 834 572 897 fede
597 835 662 898 che
687 834 815 897 dicono
841 849 876 898 et
899 837 1029 898 voleno
1052 836 1108 898 far
1131 858 1309 900 scomesse
1333 840 1399 902 che

138 941 254 1004 Luther
278 944 295 1006 ὲ
320 942 355 1004 in
380 945 415 1004 la
438 942 593 1005 fortezza
617 941 654 1004 di
679 939 899 1023 Sichinghen
925 944 991 1006 che
1008 942 1027 1005 ὲ
1044 963 1064 1006 a
1080 945 1401 1026 meggiagiornata

137 1049 166 1111 di
186 1055 256 1130 qul:
281 1063 316 1111 et
341 1049 386 1110 de
410 1047 470 1130 gie
494 1051 637 1130 quando
654 1050 787 1112 Luther
803 1052 973 1113 remando
991 1051 1012 1112 l'
1028 1053 1177 1114 heraldo
1192 1052 1230 1114 lu
1245 1053 1400 1133 giudicio

138 1154 211 1216 delli
232 1154 412 1218 Cesariani
438 1167 471 1217 et
496 1156 687 1236 presertim·
714 1157 773 1219 del
797 1156 983 1220 confessor
1007 1159 1073 1221 che
1096 1158 1193 1222 fusse
1218 1171 1402 1241 composte

140 1262 168 1322 di
188 1259 400 1343 Sichinghen
426 1274 462 1324 et
486 1265 551 1324 che
576 1265 610 1326 el
633 1263 774 1326 venisse
800 1285 821 1325 a
837 1267 1046 1330 retrovarlo
1094 1264 1156 1327 Ma
1180 1277 1306 1346 questo
1330 1289 1400 1332 non

141 1389 186 1430 me
214 1389 275 1449 par
304 1369 495 1433 verisimile
526 1370 657 1452 perche
691 1379 789 1432 certo
823 1372 841 1434 ἐ
875 1373 942 1434 che
973 1371 1002 1434 si
1034 1372 1114 1434 dice
1142 1373 1273 1436 Martin
1304 1395 1403 1439 esser

143 1485 220 1537 stato
243 1496 346 1558 preso
371 1497 391 1538 a
416 1477 517 1558 quasi
542 1476 642 1542 diece
667 1478 831 1558 giornate
856 1479 893 1540 di
917 1479 994 1559 qui,
1019 1483 1084 1541 che
1109 1481 1301 1543 Francisco
1330 1503 1400 1544 non

143 1583 319 1645 l'harebbe
344 1585 477 1646 lassato
501 1584 614 1646 ander
638 1586 666 1647 si
691 1585 799 1666 longi.

739 2048 791 2110 96.

391 2171 649 2254 Aleonder
687 2171 1126 2259 Viroconcellnrio.

471 2311 524 2382 (Ex
541 2311 680 2384 triplam
699 2311 759 2370 cod.
780 2311 869 2372 Vetto
890 2313 957 2374 ³918
974 2315 1019 2374 lot
1038 2317 1073 2388 tr)

641 2423 694 2488 (25.
715 2425 780 2472 Maii
802 2425 889 2486 1521.)

221 2551 336 2613 Rev¹¹¹⁸
359 2560 395 2612 et
419 2549 498 2611 111ῐιιθ
521 2549 602 2610 Dne
627 2567 697 2612 ecc.
747 2547 870 2612 Ancor
894 2552 960 2614 che
984 2572 1055 2614 non
1080 2554 1110 2615 si
1133 2556 1223 2636 sapii
1248 2567 1345 2620 certo
1370 2567 1407 2620 et

142 2657 171 2717 io
200 2677 266 2720 non
289 2657 388 2720 credi
423 2655 502 2718 chel
534 2673 652 2717 correr
688 2656 781 2734 parti
813 2657 943 2739 hoggi,
978 2667 1054 2721 tute
1078 2664 1176 2723 volta
1211 2664 1343 2743 perche
1374 2667 1406 2728 el

143 2774 261 2826 nestro
289 2765 463 2845 deposta
494 2761 571 2824 dice
603 2761 668 2822 che
693 2781 799 2844 spera
830 2763 857 2826 si
883 2765 1003 2844 spacei
1034 2767 1120 2848 ogni
1144 2770 1249 2832 modo
1281 2781 1407 2853 questa

142 2882 243 2951 none,
267 2893 335 2935 non
359 2873 407 2933 ho
431 2874 553 2934 voluto
578 2871 842 2933 adventurarmi
867 2873 933 2934 che
951 2872 972 2934 ’1
996 2874 1151 2937 corriere
1175 2888 1278 2958 parta
1302 2900 1407 2942 senza

141 2978 200 3041 mio
222 2981 355 3059 lettere,
380 2998 446 3061 per
469 2980 503 3040 le
527 2978 623 3059 quali
646 2977 807 3059 significo
832 2999 853 3041 a
870 2979 912 3041 V.
930 2977 966 3042 S.
984 2980 1079 3043 Rma
1103 2984 1294 3047 bonissime
1315 3006 1406 3049 nove

141 3086 179 3147 de
199 3087 232 3149 la
256 3106 339 3149 cosa
362 3095 494 3150 nostra.
542 3085 617 3147 Che
647 3106 736 3148 sono
761 3087 826 3147 che
858 3087 969 3167 hoggi
995 3087 1120 3168 Cesar,
1155 3090 1216 3171 poi
1240 3094 1408 3155 conclusa

141 3194 169 3255 la
189 3193 282 3258 dieta
305 3204 340 3257 et
364 3192 584 3275 rengretiato
610 3192 633 3254 li
658 3192 810 3274 principi
834 3202 869 3256 et
893 3193 1046 3256 vicissim
1070 3197 1264 3277 regratiato
1290 3200 1337 3260 lui
1362 3202 1408 3261 da

141 3303 224 3381 loro,
258 3301 453 3365 retornossi
488 3301 520 3361 al
556 3301 682 3380 palazo
707 3319 769 3361 suo
795 3313 1079 3382 accompagnato
1109 3304 1153 3365 de
1177 3313 1231 3366 tre
1267 3306 1408 3369 elettori

140 3408 360 3472 ecclesiastici
392 3417 428 3471 et
452 3410 484 3469 el
517 3417 643 3488 quarto
668 3406 907 3489 Brandeburg
939 3420 974 3470 et
999 3410 1115 3471 alcuni
1147 3411 1226 3472 altri
1257 3413 1407 3495 principi

140 3534 196 3577 con
226 3517 249 3578 11
274 3514 408 3579 oratori
440 3516 485 3577 de
514 3514 564 3595 gli
590 3512 650 3575 doi
675 3514 819 3577 electori
852 3526 888 3577 et
912 3516 992 3577 altri
1015 3516 1167 3599 principi
1198 3519 1258 3599 gii
1289 3521 1410 3600 partiti

139 3622 265 3704 [reliqui
298 3624 370 3685 duo
395 3630 620 3684 recesserunt
645 3617 743 3682 Saxo
777 3630 812 3682 et
836 3622 1033 3703 Palatinus)
1065 3624 1158 3687 dove
1183 3626 1241 3688 noi
1265 3646 1408 3709 presen-

140 3739 221 3793 tamo
253 3732 286 3793 el
316 3732 428 3791 breve
459 3728 518 3790 del
542 3726 608 3791 S¹²¹⁰
632 3748 653 3789 a
679 3726 752 3789 Sua
774 3727 913 3790 Illaesti
945 3740 981 3791 et
1011 3730 1071 3811 poi
1103 3733 1220 3812 quello
1245 3735 1349 3814 letto,
1385 3736 1409 3796 li

139 3838 203 3899 suoi
217 3838 277 3901 alli
303 3835 464 3906 elettori;
490 3843 536 3913 et,
560 3834 689 3897 seclusi
713 3834 771 3896 noi
796 3834 887 3915 altri,
912 3836 949 3897 fu
974 3840 1062 3899 letto
1085 3838 1120 3900 in
1136 3841 1317 3920 presentia
1332 3843 1409 3905 loro

140 3940 158 4004 il
179 3946 344 4008 mandato
370 3952 494 4005 contro
519 3940 674 4004 Martino
699 3942 847 4021 Luther,
872 3942 897 4004 li
921 3943 997 4005 suoi
1022 3944 1102 4006 libri
1126 3956 1162 4008 et
1186 3948 1361 4028 complici,
1387 3950 1409 4011 li

138 4049 234 4114 libelli
258 4050 410 4127 famosi,
443 4057 479 4110 et
501 4048 538 4109 fu
564 4048 764 4130 approbato
796 4049 842 4109 da
866 4049 947 4110 tutti
971 4052 1126 4114 unanimi
1150 4074 1240 4116 voce
1271 4065 1307 4117 et
1330 4076 1409 4118 con-

139 4177 229 4222 sensu
260 4162 329 4222 che
366 4156 397 4219 si
423 4156 613 4237 expedisse
645 4165 681 4217 et
712 4154 829 4216 mandi
861 4155 908 4216 ad
941 4159 1127 4220 execution
1161 4180 1266 4223 senza
1296 4172 1411 4225 mutar

139 4282 195 4327 una
216 4266 376 4349 parolla;
415 4262 461 4325 de
485 4262 541 4324 chi
566 4260 634 4323 Dio
667 4261 707 4323 sii
732 4261 878 4324 laudato
913 4274 949 4325 et
972 4266 1191 4346 rengratiato
1224 4287 1291 4348 pur
1316 4269 1410 4331 mille

140 4375 236 4455 volte,
271 4370 410 4456 perche
435 4370 500 4432 tuti
532 4370 556 4431 11
580 4368 728 4431 remedii
751 4369 894 4432 humani
919 4372 1037 4433 chesi
1062 4383 1218 4453 poteano
1250 4376 1305 4437 far
1330 4397 1409 4439 con*

140 4480 254 4545 sistono
285 4484 321 4545 in
348 4488 498 4562 questo,
532 4476 557 4538 11
590 4478 654 4537 che
686 4495 792 4555 spero
824 4478 891 4538 che
925 4479 958 4539 la
981 4478 1102 4540 divina
1133 4481 1249 4560 gratia
1280 4504 1411 4546 ancora

141 4590 329 4653 secunderd.
372 4584 446 4649 Noi
468 4586 712 4646 attenderemo
737 4584 783 4643 ad
808 4584 960 4664 expedir
983 4588 1082 4647 detto
1106 4588 1272 4650 mandato
1298 4599 1334 4652 et
1349 4591 1410 4671 poi

141 4712 193 4775 per
213 4696 380 4780 exempio
408 4691 445 4753 di
469 4700 560 4753 tutto
591 4690 616 4752 il
639 4690 771 4751 mundo
796 4692 954 4752 secundo
986 4693 1020 4753 le
1044 4714 1144 4755 sacre
1168 4696 1267 4776 leggi
1290 4698 1410 4759 divine

143 4812 170 4861 et
189 4804 333 4868 humane
358 4802 420 4865 far
445 4798 605 4860 brusciar
628 4796 652 4859 11
676 4796 756 4858 libri
782 4796 840 4877 qui
865 4796 899 4859 in
921 4797 1027 4878 dieta,
1051 4800 1112 4881 poi
1128 4821 1193 4882 per
1209 4811 1300 4865 tutto
1318 4806 1410 4866 dove

143 4914 313 4977 anderemo
347 4911 378 4973 si
413 4906 624 4989 publicherir
656 4907 755 4967 detto
788 4904 899 4965 editto
932 4916 967 4965 et
990 4905 1116 4970 farassi
1148 4908 1203 4971 far
1234 4912 1267 4972 la
1291 4912 1411 4974 debita
