3425 5700
735 621 873 676 erili(
912 620 970 673 ΕῊ)

210 766 363 846 scilicet,
397 769 548 830 laturum
574 769 655 830 dum
682 789 759 829 eum
786 767 891 830 Sedis
918 767 1127 848 Apostolica
1153 789 1221 828 non
1248 768 1494 847 reprobasset;

210 875 309 954 quod
334 876 363 936 si
386 875 518 938 factum
544 885 638 937 esset
667 895 704 937 se
741 877 874 937 nullum
906 875 956 938 illi
988 875 1138 956 amplius
1167 875 1326 936 favorem
1356 869 1494 953 praebi-

208 991 337 1046 turum.
385 983 440 1045 De
465 981 518 1044 his
543 981 705 1044 omnibus
730 982 764 1044 in
790 983 943 1063 epistola
968 983 1154 1043 lutherana
1179 1001 1223 1042 ne
1248 982 1395 1042 verbum
1422 976 1495 1057 qui-

210 1089 313 1160 dem;
339 1100 374 1151 et
398 1089 484 1168 iure,
509 1109 590 1151 nam
616 1089 644 1151 si
668 1092 755 1152 haec
782 1110 826 1151 ex
852 1109 923 1151 una
947 1099 1048 1170 parte
1074 1090 1369 1164 memorabantur,
1387 1084 1494 1146 luthe-

210 1215 376 1258 ranoram
402 1195 584 1260 intererat
599 1197 765 1276 ignorare
791 1207 826 1259 et
848 1205 1024 1277 perpetua
1049 1194 1238 1273 oblivione,
1264 1193 1293 1255 si
1316 1191 1393 1254 fieri
1417 1212 1495 1273 pos-

209 1315 280 1382 set,
305 1304 434 1368 delere.

305 1445 376 1508 Leo
402 1445 525 1508 scribit
549 1447 748 1508 Friderico:
784 1447 920 1525 „Testis
945 1467 983 1507 es
1007 1447 1083 1528 ipse
1109 1445 1275 1526 quamdiu
1300 1444 1493 1504 Lutherum

208 1552 461 1632 pertulerimus
501 1554 659 1636 paternis
695 1574 786 1615 nunc
826 1551 1087 1615 hortationibus
1098 1602 1106 1632 ,
1142 1552 1355 1634 quandoque
1395 1547 1497 1610 minis

211 1660 402 1738 monendo,
417 1659 648 1741 increpando,
667 1659 843 1722 interdum
862 1671 897 1722 et
913 1661 1068 1741 benigne
1085 1659 1336 1741 promittend0,
1361 1678 1382 1718 a
1397 1665 1496 1717 tanto

210 1785 293 1826 eum
319 1746 438 1827 furore
470 1787 642 1828 revocare
674 1766 824 1829 conati“.
891 1767 928 1827 ln
962 1767 1113 1848 epistola
1144 1767 1331 1827 lutherana
1363 1763 1422 1824 vix
1454 1783 1495 1823 ac

208 1893 257 1934 ne
283 1871 342 1934 vix
369 1873 510 1954 quidem
536 1873 719 1935 Pontificis
751 1872 1003 1955 longanimitas
1036 1883 1072 1934 et
1101 1871 1334 1935 mansuetudo
1369 1889 1491 1931 memo·

209 1989 325 2049 ratur;
368 1999 437 2041 non
476 1979 569 2042 enirn
603 1988 798 2062 perpetuae
836 2000 943 2042 curae
978 1980 1173 2042 lutheranis
1209 1977 1497 2058 suffragabantur

211 2085 400 2148 Pontifieis
424 2105 490 2166 pro
515 2088 720 2149 reducendo
743 2086 779 2148 in
805 2097 939 2149 rectum
963 2087 1139 2149 tramitem
1163 2087 1331 2149 Luther0.

305 2228 464 2291 Tandem
488 2248 553 2291 nec
579 2227 761 2291 Friderico
785 2249 849 2291 nec
876 2229 1070 2293 lutheranis
1102 2228 1271 2291 memoria
1294 2225 1494 2309 promissio·

210 2355 297 2396 num
322 2334 477 2416 ipsorum
503 2334 701 2414 arridebat,
734 2355 775 2397 ac
811 2347 1004 2417 propterea
1036 2336 1177 2398 omnino
1212 2335 1246 2398 in
1273 2335 1423 2415 epistola
1446 2335 1494 2395 lu·

208 2442 364 2503 therana
387 2444 572 2523 praeclara
596 2445 707 2504 verba
732 2443 980 2505 desiderantur
1008 2464 1098 2524 quae
1129 2443 1164 2505 in
1189 2443 1352 2508 vaticana
1377 2441 1426 2504 sic
1451 2442 1496 2502 de

208 2546 301 2628 ipsis
324 2549 533 2629 loquuntur;
561 2549 681 2628 „Haec
706 2550 799 2612 enim
825 2550 885 2610 illa
910 2559 963 2612 est
987 2549 1137 2612 hominis
1160 2550 1263 2613 huius
1287 2560 1321 2612 et
1339 2548 1494 2610 eiusdem

211 2675 375 2717 errorum
400 2676 463 2738 per
489 2653 619 2718 Sedem
651 2655 897 2737 Apostolicam
931 2658 966 2718 in
998 2657 1181 2720 Catholico
1205 2656 1496 2738 peritissimorum

208 2770 394 2824 conventu
427 2760 560 2844 Spiritu
596 2761 730 2825 Sancto
762 2765 958 2843 praeeunte
992 2766 1050 2845 qui
1082 2765 1117 2826 in
1148 2763 1349 2825 huiusmodi
1382 2760 1496 2824 causis

208 2868 296 2931 huic
322 2866 475 2932 Sanctae
501 2869 586 2931 Sedi
611 2890 789 2951 nunquam
815 2869 946 2950 abfuit,
970 2871 1066 2934 facta
1090 2872 1307 2953 reprobati0,
1332 2892 1436 2952 quam
1460 2880 1495 2931 te

209 2987 408 3057 expectare
442 2976 581 3047 dixisti;
621 2997 711 3057 quae
741 2988 857 3039 tamen
890 2987 1079 3060 antequam
1117 2978 1218 3040 fieret
1250 2977 1395 3059 potuisti
1429 2997 1522 3058 pro

208 3094 275 3144 tua
299 3082 486 3162 prudentia
511 3082 796 3146 animadvertere
822 3105 913 3165 quae
939 3094 1032 3148 esset
1052 3084 1197 3147 Martini
1212 3084 1370 3147 leutherii
1387 3105 1494 3165 menS,

209 3208 320 3270 quam
358 3188 465 3270 impia
504 3190 708 3271 cogitatio“.
768 3190 812 3252 Et
845 3191 1062 3253 renunciatis
1096 3190 1241 3252 Lutheri
1278 3190 1494 3269 excessibus

211 3294 383 3358 Pontifex
408 3296 605 3359 concludit:
644 3297 766 3379 „Quae
791 3318 869 3360 curn
894 3298 1020 3378 gravia
1044 3318 1109 3379 per
1133 3318 1182 3376 se,
1207 3308 1279 3360 tum
1297 3318 1382 3360 vero
1402 3307 1496 3379 post-

209 3423 320 3484 quam
344 3403 445 3465 huius
471 3402 624 3465 Sanctae
658 3415 693 3466 et
728 3404 959 3484 Apostolicae
991 3403 1094 3467 Sedis
1128 3405 1260 3467 accesit
1290 3404 1495 3483 declaratio,

208 3524 311 3571 tuum
322 3511 391 3591 jam
407 3522 470 3590 est,
487 3511 615 3573 dilecte
628 3510 687 3589 fili,
703 3510 829 3574 omissa
843 3511 1022 3573 hominum
1041 3510 1205 3590 amicitia,
1227 3532 1303 3573 eam
1321 3532 1411 3593 quae
1429 3512 1496 3573 Dei

211 3616 269 3679 est'
284 3618 432 3680 caeteris
445 3621 552 3680 rebus
567 3629 794 3700 anteponere,
809 3618 1149 3704 nobr'squepruerlare
1160 3620 1254 3683 fidem
1265 3617 1495 3702 elpromrssr'o·

218 3744 296 3787 nem
327 3745 428 3807 quam
461 3724 497 3787 z'n
532 3724 665 3810 pignus
696 3732 728 3787 r!
762 3725 900 3809 sigrium
932 3732 1008 3788 luae
1039 3725 1344 3788 christrimz'srrinac
1378 3724 1498 3787 mentis

209 3830 358 3902 drdri·fr',·
386 3844 424 3893 ut
446 3830 592 3894 exfructa
608 3852 760 3894 sermone
784 3834 959 3895 hommum
978 3834 1035 3913 qui
1050 3839 1109 3894 naa
1133 3831 1258 3903 fiducia
1274 3834 1366 3895 hunc
1388 3853 1497 3913 saepe

211 3936 283 3999 iam
309 3937 439 3999 dictum
465 3937 659 4019 iniquitatis
690 3938 798 4001 lilium
831 3939 1021 4001 Martinum
1055 3940 1245 4002 Lutherum
1268 3939 1382 4012 littura·
1405 3939 1496 4024 affir-

211 4049 318 4125 rerunt,
343 4054 402 4107 tua
428 4047 609 4108 excellens
630 4046 741 4107 virtus
766 4068 806 4107 ac
832 4046 998 4108 nobilitas
1028 4068 1126 4108 suurn
1153 4047 1309 4108 debitum
1334 4047 1497 4127 splendo-

210 4172 287 4214 rem
322 4154 415 4231 apud
452 4153 566 4215 Deum
598 4153 829 4233 hominesque
863 4153 1032 4215 obtineat.
1088 4154 1191 4233 Quod
1224 4166 1261 4215 ut
1291 4152 1402 4215 facias
1427 4173 1496 4214 non

210 4260 327 4320 solum
358 4259 510 4338 petimus
532 4248 578 4321 'et
614 4262 841 4322 obsecramus
873 4261 935 4322 sed
960 4260 995 4321 in
1021 4260 1161 4322 nornine
1193 4260 1297 4323 etiarn
1326 4262 1394 4322 Dei
1427 4281 1496 4322 om·

210 4363 409 4446 nipotentis
442 4374 478 4427 et
501 4364 535 4428 in
562 4366 713 4428 virtutae
738 4377 882 4429 sanctae
908 4366 1133 4430 obedientiae
1158 4368 1400 4448 requirimus“.

304 4506 481 4586 Quantum
506 4508 595 4571 haec
620 4508 826 4587 nobilitate,
862 4510 938 4592 spei
971 4521 1006 4572 et
1036 4510 1165 4573 amoris
1190 4511 1437 4573 coniunctione
1463 4524 1498 4573 et

208 4614 483 4677 mansuetudine
508 4636 529 4676 a
553 4615 672 4677 verbis
697 4615 870 4696 epistolae
895 4618 1102 4678 lutheranae
1128 4616 1305 4694 differunt,
1331 4638 1422 4698 quae
1447 4618 1496 4680 sic

208 4731 359 4785 sonant:
392 4720 500 4801 „Eum
530 4734 699 4803 quantum
733 4722 768 4784 in
800 4734 860 4784 tua
893 4723 1105 4785 auctoritate
1145 4736 1180 4786 et
1216 4734 1395 4804 potestate
1433 4737 1497 4806 est,

207 4828 293 4911 capi
318 4839 531 4910 captumque
555 4829 602 4891 ad
627 4839 781 4891 nostram
815 4829 1019 4892 instantiam
1051 4831 1220 4893 custodiri
1244 4852 1347 4894 cures
1371 4843 1406 4894 et
1430 4844 1496 4896 stu-

206 4938 308 5000 deas.
358 4934 399 4997 ln
431 4956 501 5017 quo
530 4934 697 4999 nobrlitas
728 4948 789 4998 tuo
814 4937 1008 5018 praeclaris
1031 4937 1140 5000 initiis
1164 4938 1303 5002 virtutis
1328 4961 1413 5004 suae
1438 4962 1496 5003 ex·
