3425 5700
630 550 880 608 *estse*

136 692 199 755 stati
232 703 265 757 et
289 695 394 758 nobis
417 714 488 759 non
513 717 615 759 secus
639 718 744 778 quam
769 698 797 759 si
822 698 857 760 in
883 719 948 760 nos
971 696 1069 778 ipsos
1093 698 1259 759 collatum
1290 702 1395 769 esset,

134 800 303 864 admodum
329 802 606 883 gratificabitur,
640 806 735 885 quod
760 804 854 867 omni
878 804 977 867 filiali
1003 802 1120 866 officio
1146 812 1182 865 et
1206 801 1397 864 devotione

135 926 351 989 compensare
390 910 611 975 studebimus
645 932 733 993 erga
771 913 920 975 eandem
955 910 1189 973 Sanctitatem
1227 908 1392 971 Vestram

134 1011 229 1093 Quam
253 1016 352 1079 Deus
377 1017 529 1099 optimus
555 1017 649 1081 Max.
679 1017 840 1082 Ecclesie
868 1039 954 1082 suae
989 1016 1247 1100 gubernandae
1278 1013 1395 1077 diutis-

135 1119 206 1183 sime
227 1134 417 1185 conservet
441 1122 652 1188 incolumen.

206 1246 259 1309 Ex
286 1248 455 1311 Bruxelle
469 1248 536 1311 Die
553 1249 681 1312 Tereia
702 1248 869 1313 Octobris
894 1252 1001 1313 Anno
1019 1248 1161 1311 Domini
1178 1244 1395 1310 MDXXIV.

331 1371 370 1437 E.
396 1371 429 1435 S.
456 1373 499 1435 V.

208 1478 447 1542 Devotissima
470 1478 543 1542 filia
566 1479 773 1562 Margareta
790 1480 1045 1543 Archiducissa
1061 1479 1228 1543 Austriae
1248 1477 1399 1540 Ducissa

135 1591 164 1643 ct
185 1582 369 1649 Comitissa
392 1586 623 1667 Burgundiae
649 1597 683 1649 et
707 1588 826 1649 Vidua
850 1585 1055 1650 Sabaudiae
1080 1598 1115 1648 et
1131 1584 1398 1648 Provinciarum

133 1686 295 1754 inferioris
320 1691 552 1776 Burgundiae
577 1692 816 1757 Gubernatrix
843 1703 910 1756 etc.

1056 1798 1238 1873 lumento.

476 2326 688 2432 campagus
715 2212 864 2411 Jloilllu.
894 2327 1043 2410 [liberto.

587 2475 684 2550 (balet.
702 2476 818 2550 prlnolp.
837 2477 860 2535 t
879 2476 933 2537 39.)

615 2596 650 2661 (9.
671 2596 796 2645 Octobris
819 2593 907 2662 1524.)

210 2736 283 2799 Alli
307 2747 450 2818 quattro
475 2736 602 2800 scrisse
627 2736 870 2801 ultimamente
894 2759 915 2799 a
933 2737 975 2799 V.
994 2736 1030 2799 S.
1056 2747 1092 2799 et
1115 2737 1151 2799 di
1175 2738 1235 2819 poi
1259 2740 1287 2800 sl
1312 2758 1401 2800 sono

131 2839 254 2908 havute
278 2844 339 2908 alli
364 2844 491 2926 cinque
514 2846 548 2909 le
572 2867 634 2909 soe
659 2847 703 2908 de
728 2844 826 2908 XXI
860 2857 895 2908 et
919 2844 1034 2908 XXII
1069 2845 1128 2908 del
1155 2855 1301 2928 passato
1335 2866 1401 2907 con

131 2947 158 3010 le
180 2952 275 3033 quali
300 2972 409 3015 erano
434 2954 468 3014 le
492 2955 588 3016 bolle
613 2952 648 3014 di
673 2951 708 3017 S.
736 2952 787 3015 S‘l
810 2964 935 3016 contra
968 2954 1220 3015 contrahentes
1247 2952 1283 3014 in
1321 2972 1400 3033 gra·

132 3055 226 3121 dibus
250 3058 439 3141 prohibitis
464 3069 499 3122 et
523 3081 588 3141 per
612 3060 765 3140 risposta
789 3060 869 3122 dico
899 3061 964 3122 che
994 3061 1090 3123 dette
1123 3061 1219 3122 bolle
1250 3057 1279 3121 si
1315 3079 1402 3120 sono

132 3160 323 3228 distribuite
348 3167 510 3247 segondo
534 3167 555 3229 l'
572 3166 696 3230 ordine
721 3189 741 3228 a
766 3167 882 3248 questi
906 3166 1180 3247 archiepiscopi,
1215 3165 1274 3227 alli
1307 3165 1401 3246 quali

132 3272 224 3334 anch’
243 3272 277 3334 io
302 3274 348 3336 ho
382 3273 505 3336 scritto
536 3272 571 3335 in
606 3273 838 3336 consonantia
871 3273 1120 3336 exhortandoli
1148 3294 1170 3333 a
1197 3271 1338 3354 seguire
1369 3280 1404 3334 et

132 3375 260 3442 aiutare
284 3379 308 3442 il
334 3389 458 3442 sancto
481 3379 666 3462 proposito
697 3381 731 3442 di
767 3378 802 3444 S.
841 3381 903 3442 Βιῃὶ
939 3381 974 3442 la
1011 3382 1114 3461 quale
1150 3379 1209 3461 gia
1249 3378 1277 3441 si
1312 3379 1404 3440 vede

131 3495 369 3563 apertamente
394 3507 465 3549 non
489 3507 642 3569 pensare
667 3489 758 3549 altro
783 3488 848 3549 che
874 3488 895 3549 'l
920 3489 989 3548 ben
1014 3487 1184 3568 pubblieo
1220 3495 1255 3548 et
1285 3485 1321 3547 di
1352 3506 1402 3547 re·

131 3598 284 3656 staurare
317 3594 351 3655 le
390 3614 472 3657 cose
505 3594 598 3656 della
631 3594 805 3676 religione
834 3603 870 3657 et
904 3593 1040 3675 dignita
1072 3591 1313 3656 ecclesiastica
1345 3592 1404 3675 gia

132 3705 224 3762 tanto
248 3709 369 3781 tempo
395 3700 614 3773 desiderate;
645 3711 680 3763 et
704 3701 748 3765 V.
773 3699 808 3764 S.
841 3700 895 3763 sia
926 3711 1024 3762 certa
1057 3701 1122 3762 che
1154 3719 1299 3781 ognuno
1328 3698 1404 3761 sino

130 3803 151 3864 li
172 3807 318 3888 maligni
343 3811 501 3870 anchora
524 3827 685 3888 pensano
711 3809 776 3870 che
801 3805 837 3870 S.
864 3805 916 3870 Sl*
940 3807 1071 3870 habbia
1096 3825 1141 3868 un
1167 3806 1335 3888 dissegno
1360 3827 1404 3868 ne

130 3909 160 3972 la
181 3925 300 3976 mente
324 3915 430 3994 pieno
455 3913 490 3974 di
514 3913 610 3994 pieta
635 3923 670 3976 et
695 3913 885 3978 affectione
908 3915 942 3976 al
966 3917 1036 3975 ben
1052 3913 1185 3991 vivere,
1209 3913 1245 3974 di
1270 3914 1404 3975 chene

131 4017 258 4100 riporta
277 4020 404 4083 merita
425 4021 540 4100 laude,
567 4030 601 4083 et
625 4021 659 4082 io
685 4042 749 4102 per
772 4042 828 4083 me
846 4042 916 4084 non
931 4022 1025 4083 vedo
1049 4022 1139 4082 altra
1162 4019 1221 4081 via
1244 4020 1288 4081 ne
1312 4022 1403 4082 altro
1483 4084 1485 4088 ,

130 4128 231 4190 modo
256 4149 277 4189 a
307 4147 434 4189 sanare
458 4128 491 4190 le
515 4127 585 4190 mie
616 4128 837 4191 invecchiate
871 4127 1002 4208 piaghe
1036 4127 1078 4188 nd
1110 4127 1144 4187 al
1175 4126 1329 4208 bisogno
1360 4129 1404 4188 de

131 4231 281 4297 cristiani
306 4233 341 4296 di
367 4234 485 4314 quello
511 4235 577 4297 che
601 4255 664 4296 sua
681 4233 909 4297 Beatitudine
929 4255 993 4296 con
1016 4233 1251 4314 grandissima
1269 4232 1404 4294 charita

130 4347 163 4400 et
184 4361 255 4404 non
283 4340 400 4404 minor
430 4341 620 4421 prudentia
647 4341 814 4422 dissegna
848 4350 884 4403 et
917 4340 1101 4404 colorisse:
1134 4337 1207 4402 cosi
1241 4339 1310 4401 Dio
1344 4338 1404 4401 alli

129 4445 273 4524 gloriosi
298 4446 487 4510 ordimenti
516 4446 567 4528 gli
591 4447 717 4510 assista
742 4457 778 4510 et
811 4447 895 4511 doni
927 4447 963 4509 di
998 4449 1032 4509 la
1063 4467 1124 4508 soa
1150 4455 1252 4507 santa
1276 4445 1403 4526 gratia.

130 4549 171 4612 Et
192 4555 331 4616 benchd
362 4554 433 4615 tale
466 4573 553 4634 opre
585 4555 631 4616 da
660 4575 697 4616 se
722 4563 834 4617 stesse
853 4553 994 4636 gridino
1019 4565 1054 4616 et
1077 4552 1217 4634 parIIno
1242 4551 1334 4614 assai
1359 4554 1403 4614 de

129 4657 293 4741 lavinii,
318 4661 518 4743 grandezza
542 4670 578 4722 et
600 4661 710 4724 bonta
734 4683 813 4742 soa,
839 4661 1100 4724 nientedimeno
1124 4680 1189 4742 per
1214 4658 1334 4722 debito
1359 4661 1403 4722 de

128 4765 161 4825 la
184 4767 317 4830 servitd
342 4765 414 4830 mia
437 4776 473 4830 et
495 4787 562 4850 per
591 4770 708 4849 quella
738 4768 988 4849 satisfaccione
1016 4767 1069 4829 ch'
1087 4767 1120 4829 io
1150 4765 1262 4848 piglio
1294 4766 1339 4828 de
1370 4767 1403 4828 le

129 4891 209 4940 cose
235 4873 404 4942 laudabili
430 4883 466 4940 et
490 4875 624 4954 buone,
659 4873 693 4939 io
729 4893 799 4938 non
834 4874 984 4938 mancho
1017 4891 1081 4957 per
1119 4881 1252 4956 quanto
1287 4890 1335 4953 po
1370 4870 1404 4933 la
