3425 5700
836 587 1066 646 *diffide

303 735 333 798 si
368 746 478 798 tratta
511 734 571 817 qui
603 748 639 797 et
670 755 735 817 per
768 738 941 799 observar
974 738 1040 799 che
1073 737 1132 798 via
1164 735 1199 798 io
1232 735 1312 799 faro
1345 735 1380 797 al
1413 733 1521 816 partir
1548 731 1577 792 di

304 851 432 923 questa
456 842 563 905 dieta.

394 947 492 1012 Gran
524 957 684 1029 respetto
715 950 834 1012 hanno
868 949 902 1010 di
927 951 1103 1030 proceder
1126 951 1197 1012 alla
1221 958 1370 1030 captura
1395 948 1431 1010 di
1457 967 1501 1009 un
1523 965 1578 1007 suo

304 1054 424 1118 nobile
449 1054 564 1136 questi
589 1056 784 1135 Todeschi,
818 1068 1006 1138 praeterea
1029 1057 1078 1119 lui
1102 1067 1157 1119 sta
1181 1058 1291 1120 molto
1316 1057 1370 1118 sul
1400 1055 1509 1132 forte,
1540 1053 1579 1114 ad

303 1163 353 1225 tal
387 1163 453 1225 che
487 1182 559 1224 non
590 1172 734 1243 potemo
768 1183 878 1226 ancer
908 1163 964 1226 iar
997 1163 1126 1227 niente.
1175 1163 1306 1226 Caesar
1340 1163 1483 1224 omnino
1506 1160 1579 1222 l’ha

303 1269 413 1332 molto
438 1272 496 1330 nel
522 1289 623 1340 naso;
648 1269 684 1331 in
710 1283 835 1351 questa
860 1270 957 1333 dieta
980 1270 1122 1334 vedrasi
1146 1270 1181 1332 in
1207 1270 1292 1352 ogni
1317 1290 1404 1332 cosa
1427 1268 1483 1330 far
1505 1267 1578 1328 l'ul·

303 1374 389 1438 timo
413 1377 459 1438 de
483 1372 647 1456 potentia
672 1389 707 1438 et
731 1376 848 1438 darasi
874 1375 1010 1439 adviso.

393 1481 472 1545 Non
499 1502 673 1545 mancano
696 1483 826 1545 ribaldi
851 1491 886 1544 et
911 1483 955 1568 (si
978 1483 1056 1546 Deo
1080 1484 1211 1565 placet)
1235 1482 1366 1545 inimici
1391 1480 1502 1542 nostri
1530 1499 1580 1540 an·

303 1588 425 1650 corin
450 1599 549 1650 corte
575 1590 610 1650 di
635 1590 769 1670 Roma,
803 1589 827 1652 li
851 1591 946 1670 quali
977 1589 1062 1672 ogni
1087 1610 1172 1653 cosa
1196 1610 1265 1671 qua
1290 1588 1471 1667 scriveno‚
1498 1595 1531 1648 et
1552 1586 1582 1646 la

303 1695 408 1758 Bulla
431 1695 469 1758 fu
492 1696 607 1777 prima
631 1696 805 1779 impressa
828 1697 863 1758 in
889 1695 1081 1759 Germania
1105 1700 1172 1760 che
1195 1696 1379 1778 publicata
1402 1695 1439 1756 in
1462 1694 1582 1768 Roma,

302 1803 373 1864 imo
404 1803 449 1865 ne
481 1802 569 1865 costi
603 1803 648 1866 ne
681 1801 740 1884 qui
771 1803 800 1866 si
832 1803 996 1884 puol'iar
1020 1804 1163 1866 odiro
1189 1803 1324 1865 scriver
1355 1821 1441 1863 cosa
1465 1802 1582 1863 alcuna

303 1911 369 1971 che
395 1929 466 1972 non
491 1911 520 1971 si
545 1910 635 1992 sapii
659 1910 719 1991 piu
744 1930 809 1992 per
834 1911 893 1973 via
917 1911 962 1973 de
979 1911 1098 1972 Roma
1121 1914 1188 1973 che
1213 1910 1258 1972 de
1283 1909 1399 1989 questi
1421 1907 1530 1989 paesi,
1552 1917 1582 1966 et

303 2027 437 2097 quanto
462 2016 491 2079 si
514 2018 600 2098 puol
625 2019 909 2098 comprehender
933 2017 1040 2098 quelli
1065 2018 1131 2078 che
1155 2015 1329 2078 advisano
1359 2025 1528 2096 questoro
1552 2009 1582 2072 di

302 2125 374 2186 tale
406 2142 523 2184 nuove
556 2141 644 2184 sono
678 2124 835 2186 huomini
867 2122 1013 2186 officiali
1043 2123 1078 2185 in
1103 2123 1239 2203 Roma,
1274 2133 1334 2185 aut
1363 2125 1489 2184 saltem
1513 2122 1583 2182 loro

303 2229 480 2292 servitori.
529 2230 562 2290 Α
587 2231 653 2292 che
677 2229 819 2292 inscitia
843 2231 864 2292 6
888 2231 1020 2292 ridotto
1043 2231 1069 2291 il
1092 2231 1233 2292 mundo.

394 2337 432 2398 Io
458 2355 528 2398 non
553 2356 659 2418 spero
685 2357 723 2399 se
748 2357 818 2400 non
844 2340 938 2400 bene
962 2337 998 2398 di
1022 2337 1107 2418 ogni
1131 2357 1232 2416 cosa,
1266 2356 1377 2398 ancor
1401 2337 1468 2398 che
1499 2341 1583 2395 tutto

304 2453 429 2522 questo
445 2443 680 2506 settentrione
704 2445 882 2525 tumultui,
906 2465 963 2506 ma
986 2446 1149 2524 besegne
1172 2443 1228 2505 far
1252 2443 1281 2504 li·
1301 2441 1449 2505 remedii
1472 2442 1537 2504 che
1553 2439 1584 2500 10

304 2550 432 2630 scrivo‚
457 2558 493 2612 et
517 2551 626 2612 molto
652 2553 687 2612 al
703 2552 890 2632 proposito
906 2553 1059 2614 sarebbe
1076 2550 1211 2612 scriver
1227 2551 1261 2613 al
1276 2549 1417 2612 Nuncio
1434 2551 1501 2611 che
1518 2547 1538 2609 e
1553 2547 1585 2608 in
1698 2580 1699 2619 4

304 2656 439 2736 Anglia
453 2657 519 2719 che
536 2659 581 2718 de
597 2658 618 2719 li
635 2656 775 2720 facesse
789 2656 1006 2739 provisione,
1022 2657 1165 2738 perche,
1183 2657 1289 2719 etiam
1306 2677 1372 2737 per
1388 2653 1586 2718 testimonio
1698 2642 1699 2693 l

304 2764 397 2824 della
423 2763 583 2844 Epistola
608 2763 643 2825 di
669 2764 815 2827 Erasmo
840 2764 901 2844 gia
923 2764 1097 2844 impressa
1119 2766 1224 2844 quale
1248 2783 1315 2844 per
1339 2764 1461 2825 avanti
1486 2761 1526 2823 N.
1553 2757 1587 2821 S.

304 2871 404 2944 vide,
435 2892 474 2932 se
499 2870 646 2933 intende
671 2871 738 2933 che
764 2870 861 2933 molti
887 2880 922 2931 et
946 2871 1074 2950 grandi
1097 2871 1132 2932 in
1158 2872 1293 2952 Anglia
1317 2870 1545 2932 favorisceno
1568 2890 1588 2929 a
1697 2915 1698 2918 ,

304 2977 437 3039 Luther
462 2990 498 3039 et
522 2978 638 3058 questi
662 2977 866 3059 impressori
891 2976 927 3038 di
944 2976 1136 3039 Germania
1159 2979 1303 3057 quando
1328 2977 1351 3038 li
1375 2977 1470 3039 facio
1490 2995 1587 3037 occu·
1697 2973 1698 3034 1

304 3104 370 3164 par
394 3104 414 3145 0
440 3084 648 3146 abbrusciar
682 3084 797 3164 questi
824 3084 887 3146 tali
913 3082 1010 3163 libri,
1044 3083 1173 3145 dicono
1198 3085 1264 3145 che
1289 3086 1359 3145 ben
1386 3083 1409 3144 li
1435 3081 1586 3163 speccia-

302 3210 415 3253 ranno
440 3212 506 3272 per
522 3193 663 3254 Anvers
688 3190 723 3253 in
741 3190 925 3270 Angliam;
952 3211 1008 3251 ma
1033 3210 1071 3251 se
1096 3210 1140 3252 ne
1165 3192 1356 3273 expedimo
1382 3191 1478 3254 della
1494 3189 1588 3251 dieta
1697 3201 1698 3210 ¹

303 3298 386 3375 vivi,
412 3318 518 3379 spero
538 3300 608 3361 ben
633 3297 796 3359 scurtarli
822 3297 854 3358 el
880 3297 1017 3359 camino
1042 3315 1108 3377 per
1131 3298 1250 3358 buona
1275 3295 1342 3359 via.
1384 3298 1589 3360 Tuttavolta
1696 3345 1697 3348 ,

303 3405 446 3467 omnino
472 3407 592 3467 buono
617 3405 637 3466 ὲ
661 3404 796 3465 scriver
820 3405 853 3465 al
879 3404 936 3464 Re
962 3404 1083 3481 Anglo
1107 3404 1139 3464 al
1165 3403 1347 3465 cardinale
1372 3414 1408 3464 et
1440 3406 1473 3465 al
1498 3403 1587 3465 Nun·

303 3513 358 3573 cio
384 3522 574 3591 antequam
599 3511 796 3573 invalescat
822 3513 976 3571 morbus.

841 3714 882 3724 νυν·
889 3714 1017 3724 *omnm
1022 3716 1046 3723 -ἡ

923 3944 963 4006 13

640 4076 779 4157 16011.
809 4075 996 4156 (11101011.
1026 4078 1248 4176 Imperatori

763 4224 847 4291 (Acts
865 4222 1000 4281 wormat.
1017 4220 1063 4280 foL
1082 4222 1133 4292 67.)

821 4342 874 4402 (18.
893 4343 955 4405 Jan.
979 4342 1065 4407 ¹52¹·)

393 4469 501 4531 ('ar¹¹¹⁰
532 4467 567 4527 in
599 4464 739 4527 Christo
777 4462 850 4525 filio
890 4475 1011 4525 nostro
1043 4465 1171 4529 Carolo
1205 4468 1303 4549 Regi
1335 4471 1522 4535 Catholico
1551 4471 1584 4532 in
1693 4473 1694 4530 l

303 4579 548 4639 Romanorum
575 4573 795 4653 imperatore
820 4571 936 4632 electo
961 4570 1035 4633 Leo
1059 4572 1160 4654 Papa
1185 4574 1233 4637 X.
1693 4535 1694 4592 i

393 4684 483 4746 Clime
507 4682 541 4743 in
567 4678 708 4741 Christo
740 4676 789 4739 fili
825 4690 945 4739 noster
978 4680 1125 4741 salutem
1157 4690 1193 4743 et
1223 4686 1459 4763 apostolicam
1484 4690 1584 4748 bene·
1693 4741 1694 4754 ,

302 4790 504 4851 dictionem.
546 4786 647 4848 Alias
665 4783 875 4846 Celsitudini
892 4796 973 4846 tuae
988 4805 1053 4865 per
1070 4786 1207 4850 litteras
1224 4797 1259 4850 et
1279 4792 1425 4853 nuntios
1449 4804 1585 4855 nostros
1692 4813 1693 4856 3

302 4895 580 4975 significavimus
612 4893 708 4973 quod
738 4911 818 4952 cum
850 4893 971 4971 plures
1001 4891 1081 4954 falsi
1112 4914 1153 4955 ae
1185 4897 1356 4960 haeretiei
1389 4921 1530 4964 errores
1552 4898 1584 4961 in
