3425 5700
635 559 883 639 reisue-⁵

130 734 274 789 uestrum
297 726 583 808 supradictorum
605 727 762 791 omnium
783 730 842 791 vel
866 727 1026 809 singulos
1050 729 1161 793 libros
1185 740 1245 793 aut
1269 714 1401 813 scripta

131 832 391 915 qualiacumque
413 833 534 897 fratris
549 834 694 899 Martini
710 835 856 899 Lutheri
880 844 941 899 aut
965 836 1040 917 ejus
1062 836 1266 918 sequacium
1290 836 1400 900 latino

130 951 181 1001 aut
209 941 404 1003 alemanico
436 951 497 1003 aut
521 941 591 1005 alio
615 943 743 1024 quovis
771 942 940 1005 idiomate
964 942 1180 1025 composita,
1214 952 1249 1006 et
1278 943 1400 1006 nihilo·

131 1046 230 1109 minus
253 1047 343 1110 alios
366 1049 508 1111 libellos
531 1048 687 1113 famosos
710 1050 747 1112 in
764 1051 921 1112 dedecus
946 1060 981 1112 et
996 1049 1227 1132 vilipendium
1245 1048 1399 1114 Sanctis·

130 1154 196 1216 simi
218 1154 361 1217 Domini
385 1155 428 1218 N.
445 1156 485 1219 P.
511 1156 736 1238 Sanctaeque
753 1154 858 1219 Sedis
873 1156 1107 1238 Apostolicae
1132 1156 1400 1219 universitatum

130 1260 325 1324 facultatum
342 1263 643 1345 honestarumque
667 1283 899 1346 personarum
921 1263 1046 1343 editos,
1069 1264 1319 1345 cujuscumque
1342 1284 1399 1328 au·

131 1368 226 1430 ctoris
248 1368 319 1430 sint
343 1378 380 1431 et
402 1381 631 1451 censeantur,
656 1373 795 1452 legere,
818 1381 959 1452 tenere,
984 1370 1203 1453 imprimere,
1231 1373 1400 1453 vendere,

132 1494 236 1536 emere
267 1484 329 1539 aut
361 1474 430 1538 illis
463 1497 606 1559 quoquo
639 1479 745 1541 modo
778 1478 902 1541 favere
934 1487 1132 1560 presumat,
1168 1476 1323 1559 quinimo
1357 1499 1400 1542 ea

132 1580 236 1644 omnia
265 1582 310 1643 ad
344 1603 469 1645 manus
500 1583 696 1666 supradicti
720 1584 863 1648 Domini
887 1584 1016 1647 Nuncii
1045 1587 1103 1648 vel
1134 1584 1209 1648 eius
1234 1584 1399 1648 Commis-

131 1688 203 1750 sarii
231 1687 322 1751 intra
352 1690 541 1754 terminum
571 1692 676 1755 trium
709 1693 845 1755 dierum
877 1700 1066 1774 postquam
1098 1692 1274 1772 presentis
1304 1713 1399 1755 man-

132 1796 195 1857 dati
218 1796 327 1860 nostri
352 1797 477 1860 notitia
500 1799 546 1860 ad
571 1818 636 1861 vos
661 1808 695 1861 et
710 1809 867 1862 vestrum
888 1798 1049 1880 singulos
1069 1798 1282 1879 pervenerit,
1307 1798 1401 1862 ierat

133 1912 185 1963 aut
206 1902 319 1965 mittat
343 1911 380 1965 et
404 1903 563 1985 resignet
587 1904 730 1986 publico
753 1905 829 1987 igni
854 1904 1096 1969 comburenda
1120 1914 1155 1967 et
1179 1904 1320 1986 penitus
1341 1907 1399 1967 ad-

132 2008 309 2073 nihilanda.
364 2009 577 2073 Mandamus
621 2021 810 2093 praeterea
848 2012 974 2075 eadem
1000 2010 1222 2074 auctoritate
1261 2022 1400 2093 aposto-

131 2113 191 2176 lica
226 2115 260 2178 in
292 2117 361 2179 hac
391 2125 494 2197 parte
527 2117 631 2180 nobis
664 2139 835 2181 concessa
874 2138 915 2181 ac
950 2121 1015 2180 sub
1051 2117 1175 2180 iisdem
1206 2116 1333 2198 poenis
1366 2128 1400 2180 et

131 2222 276 2284 censuris
300 2222 464 2286 omnibus
488 2232 524 2286 et
548 2223 698 2306 singulis
722 2224 833 2287 divini
847 2222 950 2287 verbi
965 2223 1272 2307 praedicatoribus
1287 2223 1398 2285 cuius-

132 2348 267 2410 cumque
291 2330 427 2392 ordinis
448 2330 554 2394 etiam
570 2332 857 2413 mendicantium,
881 2342 919 2393 ut
936 2331 969 2393 in
988 2332 1059 2393 suis
1074 2330 1400 2413 praedicationibus

131 2444 162 2495 et
182 2436 400 2499 sermonibus
424 2438 470 2498 ad
494 2440 666 2519 populum
690 2439 841 2520 predicti
865 2437 1009 2501 Martini
1033 2436 1399 2502 Lutheri‘doctlinam

132 2550 162 2602 et
191 2542 263 2605 eius
295 2543 406 2607 libros
439 2564 504 2606 nec
533 2565 603 2607 non
637 2544 778 2609 libellos
810 2544 967 2608 famosos
999 2545 1180 2627 predictos
1213 2541 1400 2608 damnatos

130 2648 226 2713 etiam
256 2660 294 2712 et
324 2660 518 2731 propterea
549 2654 596 2714 ab
629 2655 792 2715 omnibus
825 2651 1013 2716 evitandos
1046 2643 1281 2715 denuncient„⁴
1302 2651 1399 2715 -Nec

130 2774 193 2819 non
216 2756 370 2821 Decanis
394 2756 631 2821 Conciliorum
658 2768 697 2821 ut
721 2758 756 2822 in
780 2758 852 2821 suis
876 2758 1025 2841 quisque
1049 2757 1208 2821 conciliis
1231 2759 1320 2821 haec
1340 2778 1399 2820 ea-

130 2863 201 2926 dem
225 2865 408 2946 publicent
437 2875 473 2927 et
496 2876 697 2930 curatarum
728 2866 1049 2930 ecclesiasticarum
1079 2865 1115 2928 in
1145 2865 1217 2928 suis
1241 2865 1399 2929 conciliis

128 2971 387 3035 constitutarum
411 2972 622 3042 :rectoribus
657 2975 782 3037 eadem
815 2973 1027 3037 auctoritate
1063 2983 1099 3034 et
1131 2974 1197 3035 sub
1229 2972 1400 3056 predictis

128 3077 244 3155 poenis
274 3087 310 3142 et
333 3077 492 3147 censuris
515 3079 738 3161 praecipiant
769 3090 945 3164 quatenus
968 3079 1117 3161 singulis
1141 3079 1268 3144 diebus
1293 3079 1398 3142 dorni-

128 3183 208 3246 nicis
230 3205 295 3267 per
317 3207 426 3250 unum
449 3206 580 3250 annum
612 3187 775 3269 proxime
798 3186 956 3250 futurum
979 3187 1068 3250 hora
1091 3205 1247 3250 summae
1271 3186 1399 3269 missae

127 3288 158 3352 in
189 3291 364 3376 frequenti
396 3293 521 3376 populi
553 3293 735 3376 presentia
766 3294 855 3366 haec
881 3293 998 3356 omnia
1031 3293 1235 3374 supradicta
1267 3294 1398 3356 denun-

126 3396 213 3460 cient
236 3409 273 3462 et
295 3400 382 3462 talia
405 3400 549 3482 scripta,
573 3419 595 3462 a
611 3399 899 3464 christifidelibus
923 3409 961 3462 ut
982 3399 1311 3481 perniciosissimam
1327 3399 1399 3463 ani·

127 3524 253 3570 marum
276 3519 415 3589 pestem
439 3508 607 3570 evitanda
629 3510 862 3590 proclament,
887 3506 991 3568 etad
1016 3505 1261 3586 supradictum·
1282 3505 1399 3570 Domi·

125 3630 200 3675 nurn
224 3613 401 3676 Nuncium
432 3616 491 3677 vel
522 3615 597 3696 ejus
620 3613 905 3678 Commissarium
938 3612 1133 3676 deferenda
1166 3613 1398 3696 praecipiant.

125 3715 165 3779 Et
186 3719 411 3784 nihilominus
434 3729 472 3782 ut
497 3721 679 3783 decretum
703 3722 771 3785 hoc
788 3731 946 3783 nostrum
971 3718 1110 3782 facilius
1134 3729 1170 3782 et
1193 3719 1296 3782 citius
1316 3741 1396 3784 exe·

124 3825 249 3890 cutioni
276 3829 522 3906 demandetur,
545 3825 783 3908 praecipimus
808 3829 873 3889 sub
898 3825 1022 3890 iisdem
1042 3826 1200 3889 censuris
1225 3837 1259 3889 et
1274 3827 1398 3908 poenis

124 3931 282 3996 omnibus
305 3933 590 4016 magistratibus,
611 3934 695 4010 ¹loca
717 3933 937 4014 tenentibus,
962 3933 1106 4015 villicis,
1131 3931 1398 3997 Scabinis··bur·

124 4041 347 4122 gomagistris
371 4051 409 4103 et
432 4041 511 4104 aliis
527 4040 805 4122 quibuscumque
821 4039 985 4134 officiatis
1007 4040 1137 4103 nostris
1160 4048 1201 4103 ut
1214 4040 1398 4123 praedicto

124 4143 272 4212 Domino
296 4147 448 4228 Nuncio,
472 4157 534 4210 aut
557 4148 633 4229 ejus
649 4146 898 4210 Commissario
922 4147 956 4209 in
972 4148 1039 4210 hac
1057 4157 1158 4230 parte
1174 4148 1398 4228 adsistentes,

124 4271 238 4318 omnes
270 4265 307 4318 et
331 4255 494 4336 singulos
516 4253 740 4335 supradictos
768 4254 955 4317 damnatos
979 4253 1089 4316 libros
1119 4255 1332 4337 ubicumque
1364 4266 1399 4318 et

123 4363 210 4440 apud
234 4382 495 4443 quemcumque
519 4360 744 4443 reperiantur
768 4359 942 4441 auferant,
968 4359 1147 4441 diripiant,
1172 4370 1207 4423 et
1226 4377 1291 4442 pro
1308 4362 1398 4424 arbi·

123 4473 208 4531 tratu
230 4467 409 4551 praedicti
433 4468 575 4531 Domini
600 4465 727 4531 Nuncii
750 4466 895 4548 publico
920 4465 994 4548 igni
1019 4470 1243 4549 comburant,
1261 4467 1398 4550 implo

124 4575 226 4639 rando
245 4577 297 4650 ad
322 4575 635 4639 hoc-subditorum
658 4584 861 4638 nostrorum
884 4572 1018 4636 auxilio
1046 4574 1106 4655 qui
1130 4574 1175 4636 ad
1199 4574 1292 4637 hunc
1314 4575 1398 4639 effe-

123 4688 208 4747 ctum
230 4683 430 4766 praedictis
455 4681 620 4756 officiatis
643 4690 682 4743 ut
700 4678 972 4762 nobismetipsis
995 4682 1399 4762 pareantretobediant

123 4786 228 4853 donec
243 4790 611 4873 perniciosa·istorum
627 4785 912 4870 supradictorum
928 4785 1096 4850 librorum
1112 4807 1227 4868 seges,
1245 4797 1400 4854 anostra

123 4894 270 4961 dioecesi
295 4907 336 4962 et
359 4897 522 4960 dominiis
545 4896 715 4959 radicitus
730 4876 887 4970 'omnino'
906 4887 1123 4976 extirpetur,
1153 4893 1399 4976 gravissimam
