3425 5700
669 608 899 664 ΗΒἹὸῢΟ

148 750 377 816 fratello'non
403 752 422 815 ὲ
448 752 566 815 niente
590 762 758 818 contento
783 754 819 816 di
843 755 973 833 Roma,
1004 753 1156 815 dicendo
1180 750 1333 833 publice,
1359 751 1425 813 che

148 859 217 923 suoi
246 858 380 923 fratelli
410 860 529 923 hanno
561 881 667 943 perso
693 864 726 924 el
750 863 827 924 loro
851 872 972 942 tempo
997 880 1019 922 a
1042 860 1171 937 Roma,
1197 869 1232 920 et
1257 856 1351 921 mille
1377 855 1423 918 vi-

148 964 271 1029 lissime
295 986 449 1048 persone
471 966 592 1031 hanno
617 970 650 1032 le
674 968 809 1051 legioni
833 968 869 1031 di
891 966 1119 1050 propositure
1137 975 1173 1029 et
1187 963 1364 1043 beneficii,
1389 973 1425 1027 et

147 1084 309 1153 quantum
334 1073 495 1155 intelligo
519 1094 565 1137 ne
589 1074 626 1137 fa
649 1085 748 1138 tanto
774 1075 903 1157 cridor,
928 1076 995 1137 che
1018 1076 1127 1135 molto
1152 1072 1185 1135 ci
1199 1074 1246 1134 ha
1263 1070 1423 1135 nociuto:

147 1180 232 1243 Pero
248 1190 343 1243 sotto
359 1180 552 1244 correttion
576 1182 751 1263 perlando
776 1185 847 1245 ben
871 1183 1024 1245 sarebbe
1049 1182 1149 1243 levar
1164 1180 1262 1241 dette
1279 1198 1423 1240 reserve

128 1288 205 1372 ,che
228 1285 425 1349 intriccano
449 1288 538 1349 certi
561 1287 783 1369 beneficioti,
816 1298 851 1351 et
874 1287 984 1350 fanno
1009 1286 1064 1350 far
1089 1288 1237 1350 tumulto
1262 1285 1347 1349 delli
1371 1306 1424 1347 or-

146 1393 265 1456 dinarii
283 1415 389 1457 senza
407 1394 491 1457 utile
509 1394 544 1456 di
561 1395 649 1457 detti
667 1395 856 1470 Marchesi,
877 1394 922 1457 Et
937 1395 1079 1476 quando
1096 1414 1185 1457 vaca
1202 1394 1330 1456 alcuna
1346 1412 1424 1473 pre·

146 1502 295 1581 positura
314 1502 564 1583 d’Alemagna‚
581 1504 615 1565 le
632 1502 729 1584 quali
744 1503 852 1583 pleno
866 1504 944 1585 jure
962 1510 1125 1585 spectant
1137 1503 1182 1563 ad
1200 1499 1423 1565 collationem

145 1607 323 1671 Pontificis
333 1657 342 1690 ,
366 1607 438 1671 Sua
456 1606 595 1671 Santita
617 1611 793 1691 potrebbe
812 1612 883 1673 ben
905 1609 1094 1673 conferirle
1110 1629 1130 1671 a
1147 1608 1234 1671 detti
1247 1607 1425 1671 Marchesi

145 1718 278 1779 avendo
302 1737 373 1778 una
397 1716 478 1778 lista
501 1736 674 1797 appresso
699 1716 735 1779 di
759 1717 808 1797 se,
833 1726 869 1779 et
890 1718 948 1779 del
965 1714 1098 1797 Signor
1118 1714 1256 1777 datario
1273 1714 1310 1776 di
1326 1715 1424 1777 dette

144 1823 381 1905 prepositure,
412 1823 441 1886 si
466 1843 566 1886 come
589 1822 736 1887 intendo
760 1824 826 1886 che
851 1823 901 1887 fe:
936 1844 989 1887 re:
1014 1844 1110 1906 papa
1134 1823 1227 1903 Julio
1251 1822 1363 1885 facea.

226 1928 508 2013 Saltaburgense
532 1939 615 1993 ante
641 1930 758 1993 omnia
781 1933 828 1994 ha
852 1952 897 1994 ne
922 1931 1118 1994 dichiarato
1143 1932 1223 1993 chel
1238 1950 1302 1993 suo
1318 1950 1424 2012 parer

144 2056 209 2099 non
233 2037 345 2100 eche
369 2038 523 2101 Martino
548 2038 699 2118 venisse,
732 2058 789 2100 ma
814 2040 879 2100 che
905 2038 984 2100 tutti
1009 2038 1033 2100 li
1057 2036 1216 2119 Principi
1241 2045 1277 2099 et
1299 2037 1423 2119 populi

145 2144 176 2205 lo
191 2144 389 2227 chiaman0,
413 2145 497 2208 nee
520 2144 692 2227 possibile
717 2146 928 2207 altramente
951 2143 1008 2206 far
1030 2164 1116 2206 cosa
1139 2147 1263 2206 buona
1299 2154 1334 2206 et
1358 2146 1423 2207 che

144 2252 208 2312 ben
239 2252 347 2314 volea
374 2272 503 2333 sapere
537 2254 570 2314 el
603 2253 704 2315 voler
731 2261 864 2313 nostro.
912 2250 981 2313 Noi
1004 2251 1423 2333 respondessemo,·che

144 2377 208 2420 non
223 2369 390 2440 poteamo
406 2360 451 2423 ne
475 2360 649 2422 deveamo
672 2367 876 2440 permetter,
902 2365 1070 2439 quantum
1095 2358 1132 2420 in
1157 2357 1259 2421 nobis
1277 2367 1340 2439 est,
1356 2359 1422 2421 che

143 2484 178 2526 se
201 2465 403 2547 disputasse
427 2467 656 2545 auscultasse,
681 2484 703 2527 o
726 2465 969 2545 interrogasse
993 2464 1028 2527 in
1053 2484 1138 2528 cosa
1162 2466 1254 2528 dove
1277 2465 1422 2546 antiqua

143 2572 289 2635 concilia
313 2583 350 2634 et
372 2572 504 2635 Nostro
530 2570 684 2654 Signore
708 2572 871 2635 medemo
896 2573 1050 2634 tulerant
1082 2574 1311 2644 sententiam;
1345 2593 1422 2654 pre-

143 2687 236 2742 terea
267 2680 290 2741 li
323 2679 485 2742 diceamo
516 2678 540 2741 il
564 2679 754 2757 scandalo,
787 2681 853 2742 che
878 2682 1054 2761 potrebbe
1079 2681 1232 2743 accader
1255 2680 1338 2743 nelli
1362 2700 1420 2763 po·

142 2786 210 2866 puli
233 2807 300 2869 per
323 2789 359 2849 la
381 2795 514 2849 venuta
538 2785 573 2847 di
597 2786 769 2867 Martino,
802 2798 838 2849 et
862 2790 969 2852 molta
993 2785 1147 2870 ragioni,
1180 2790 1245 2852 che
1269 2790 1421 2852 sarebbe

143 2893 246 2976 longo
271 2916 293 2957 a
315 2894 482 2976 ripetter3
513 2916 571 2958 ma
601 2897 667 2957 che
700 2896 733 2957 el
757 2895 868 2958 dever
892 2895 928 2957 di
953 2895 1061 2958 Cesar
1086 2897 1255 2976 sarebbe,
1280 2915 1325 2960 ex
1351 2915 1421 2976 quo

143 2999 234 3064 videt
267 3023 288 3064 a
311 3001 487 3065 Pontifice
520 3005 645 3065 harum
672 3021 788 3065 rerum
812 3001 938 3081 Judice
963 3003 1039 3065 solo
1064 3011 1100 3064 et
1122 3023 1210 3065 vero
1235 3003 1420 3065 damnatos

143 3105 246 3170 libros
271 3109 427 3188 Martini,
460 3120 497 3172 et
519 3111 585 3172 che
610 3129 648 3171 re
672 3129 759 3171 vera
783 3109 864 3171 tutti
889 3108 1018 3172 dicono
1044 3129 1141 3172 esser
1165 3109 1319 3190 pessimi,
1354 3111 1420 3172 che

142 3211 163 3273 li
184 3212 323 3278 facesse
347 3216 512 3296 publicar
533 3237 600 3298 per
622 3215 790 3296 damnati,
824 3223 860 3278 et
884 3215 1081 3298 prohibirli,
1107 3224 1142 3278 et
1167 3215 1419 3298 exterminarli,

142 3330 174 3380 et
202 3322 247 3384 de
270 3321 427 3385 Martino
460 3322 599 3386 facesse
632 3323 732 3386 iuxta
763 3323 913 3386 formam
941 3322 1045 3405 juris,
1081 3330 1117 3385 et
1147 3342 1186 3384 se
1211 3325 1420 3386 temesseel

141 3429 287 3509 populo,
319 3439 480 3493 trovasse
505 3432 538 3493 el
562 3429 688 3493 melior
711 3427 872 3516 meggio[
881 3431 947 3493 che
971 3450 993 3492 a
1016 3430 1064 3492 lui
1090 3449 1254 3512 paresse‚
1284 3431 1418 3512 purche

141 3553 207 3596 non
230 3536 427 3618 derogasse
450 3537 471 3598 l'
490 3537 643 3600 autorita
666 3538 725 3600 del
749 3535 832 3617 8¹³⁰,
864 3538 907 3600 ne
932 3540 998 3600 che
1021 3538 1208 3618 pensando
1234 3537 1290 3600 far
1312 3541 1418 3619 bene,

141 3637 274 3705 facesse
298 3643 358 3724 piri
382 3663 473 3726 gran
498 3644 678 3724 scanda10,
704 3643 733 3706 si
757 3645 823 3708 che
847 3644 958 3708 siamo
982 3645 1063 3707 tutti
1087 3644 1202 3726 questi
1227 3643 1272 3706 Di
1297 3644 1331 3706 in
1357 3645 1418 3706 tali

141 3745 336 3829 labirinthi,
360 3751 427 3813 che
451 3750 575 3813 invero
600 3771 671 3813 non
695 3750 880 3832 sappiamo
904 3753 998 3814 dove
1024 3771 1067 3814 ne
1092 3753 1257 3834 volgare,
1285 3752 1418 3833 perche

142 3871 178 3915 se
193 3855 348 3918 Martino
373 3876 465 3919 vene
489 3875 578 3938 gran
603 3857 762 3938 periculo
786 3857 807 3920 ὲ
831 3857 866 3919 di
891 3860 960 3920 mal
985 3868 1021 3920 et
1044 3858 1189 3940 peggi0.
1227 3857 1272 3921 Et
1296 3879 1334 3921 se
1358 3859 1418 3921 noi

140 3957 285 4024 instamo
318 3964 397 4025 chel
429 3983 500 4025 non
533 3963 667 4044 venghi
698 3973 734 4027 et
764 3965 830 4026 che
860 3974 1028 4045 questoro
1053 3985 1118 4047 per
1142 3966 1191 4027 tal
1216 3985 1323 4028 causa
1347 3986 1416 4028 non

140 4063 273 4130 saccino
285 4069 321 4132 lo
338 4070 405 4131 che
420 4072 558 4132 deveno
575 4072 792 4132 buttaranno
806 4091 947 4153 sempre
962 4071 997 4134 in
1011 4071 1125 4153 ochio,
1150 4075 1217 4135 che
1232 4092 1298 4154 per
1313 4074 1418 4155 colpa

141 4182 256 4236 nostra
279 4195 351 4238 non
376 4175 406 4239 si
428 4176 476 4238 ha
499 4177 588 4239 fatto
612 4175 683 4239 fine
707 4198 729 4240 a
752 4179 802 4240 tal
826 4198 924 4240 cosa:
950 4189 986 4241 et
1009 4201 1030 4241 a
1045 4179 1164 4241 Roma
1188 4200 1258 4242 non
1276 4200 1314 4242 se
1330 4201 1414 4262 pon·

140 4278 269 4344 derano
300 4283 334 4345 le
364 4302 448 4346 cose
478 4281 514 4345 in
547 4284 582 4345 la
611 4283 707 4346 fedei
739 4284 925 4367 diligentia
956 4285 991 4347 di
1022 4288 1078 4348 chi
1109 4306 1147 4349 se
1180 4290 1356 4350 mandano
1380 4287 1415 4350 in

23 4422 24 4429 κ
140 4387 392 4468 commissione,
418 4409 474 4451 ma
491 4390 603 4452 solum
621 4390 657 4452 in
674 4401 805 4454 eventu
829 4413 955 4457 rerum.
995 4393 1034 4455 In
1051 4401 1176 4473 queste
1193 4393 1416 4458 altercationi

23 4526 24 4581 3
140 4501 172 4552 et
192 4494 374 4558 anxietadi
399 4494 510 4558 siamo
535 4497 616 4559 tutti
640 4485 754 4579 questi
779 4498 906 4580 giomi,
932 4509 967 4562 et
982 4499 1208 4562 lamentatoci
1231 4521 1298 4564 con
1315 4501 1415 4565 Chie-

139 4615 215 4662 vres
245 4611 282 4662 et
305 4604 338 4664 el
367 4602 569 4666 cancellieri
603 4613 638 4667 et
662 4605 752 4684 altri,
777 4607 843 4669 che
867 4599 938 4670 lien
962 4608 986 4670 li
1016 4607 1175 4671 dieeamo
1200 4611 1266 4672 che
1290 4630 1362 4673 non
1387 4610 1416 4673 si

23 4748 24 4806 ἶ
139 4723 353 4789 proponesse
377 4711 426 4771 tal
452 4730 535 4772 cosa
565 4711 625 4774 alli
650 4712 831 4791 Alemani,
865 4723 900 4776 et
923 4716 1000 4776 loro
1025 4715 1153 4777 dicono
1178 4718 1245 4779 che
1269 4716 1292 4779 li
1317 4715 1412 4779 Prin-

23 4818 24 4877 Ῑ
140 4809 204 4892 cipi
237 4815 401 4879 haveano
437 4816 496 4898 gia
533 4817 623 4881 fatto
657 4820 915 4901 protestatione
950 4842 971 4883 a
1002 4821 1110 4884 Cesar
1145 4822 1181 4885 di
1212 4844 1283 4886 non
1298 4811 1415 4888 ‘volet

139 4921 257 4984 ubedir
280 4943 302 4985 a
323 4926 374 4986 tal
405 4925 571 4987 mandato
589 4945 627 4988 se
650 4926 680 4988 si
704 4925 800 4989 fusse
824 4926 1133 5010 fatt'altramente,
1159 4929 1233 4995 Imo
1266 4932 1300 4996 el
1333 4953 1413 4997 con-
