3425 5700
678 547 737 599 043
776 545 826 600 211
868 542 925 599 Cro

160 689 263 752 brevi
299 692 448 771 qualche
482 691 609 754 bestial
632 690 838 770 insolentia,
870 692 894 755 il
927 693 992 755 che
1029 691 1057 753 si
1083 693 1346 774 comprehende
1377 712 1442 774 per

160 796 260 859 molti
288 798 397 861 strani
428 798 530 879 segni
561 808 596 860 et
626 800 750 881 parole
784 819 846 860 sue
878 800 944 861 che
973 798 1045 881 egli
1070 798 1243 862 minaccia
1267 808 1391 861 contra
1417 799 1441 860 il

160 907 257 967 clero
282 912 318 967 et
341 904 400 967 noi
424 916 461 967 et
484 926 549 986 per
573 908 606 967 el
629 905 722 969 tenir
745 906 791 967 de
817 906 951 969 Hutten
977 917 1014 969 et
1036 910 1114 969 suoi
1135 904 1299 988 complici
1324 915 1358 969 et
1382 907 1440 969 ha-

158 1032 224 1073 ver
248 1032 318 1074 uno
343 1012 461 1074 studio
486 1011 521 1074 di
545 1010 627 1074 libri
650 1012 837 1092 lutherani,
863 1014 958 1093 quali
982 1034 1020 1076 se
1044 1013 1081 1075 fa
1104 1014 1232 1095 legger
1249 1012 1441 1075 ordinaria·

159 1126 278 1180 mente
302 1117 336 1180 in
363 1139 494 1199 mensa,
520 1129 556 1181 et
579 1138 694 1199 pocca
715 1119 819 1182 stima
836 1118 873 1182 fa
888 1120 982 1182 dello
995 1120 1149 1201 Imperio
1164 1128 1199 1183 et
1217 1120 1311 1184 della
1323 1119 1440 1200 Dieta,

159 1226 269 1307 (dalla
292 1227 374 1305 qual
399 1246 499 1288 come
524 1227 568 1288 de
592 1225 652 1306 qui
676 1226 705 1287 si
729 1223 823 1310 dice)
847 1226 894 1288 da
917 1226 977 1309 piu
1001 1247 1156 1309 persone
1180 1226 1198 1289 ὲ
1223 1236 1316 1289 stato
1340 1226 1439 1289 ndito

159 1330 209 1393 lui
232 1333 327 1393 soler
350 1331 425 1394 dire
457 1333 523 1394 che
549 1332 679 1395 Cesare
704 1342 739 1395 et
762 1334 786 1395 li
811 1330 903 1395 Stati
927 1332 961 1396 in
986 1335 1021 1396 la
1045 1334 1141 1397 dieta
1165 1334 1439 1397 deliberaranno

159 1447 196 1501 et
221 1438 267 1499 lui
291 1437 370 1500 fara
386 1441 419 1500 le
436 1437 665 1519 conclusioni,
690 1449 725 1502 et
740 1439 853 1521 questi
872 1438 906 1500 di
922 1440 1075 1521 proximi
1092 1440 1243 1503 essendo
1261 1450 1315 1502 sta
1332 1440 1439 1502 citato

159 1547 206 1607 ad
222 1564 409 1625 comparer
426 1566 545 1607 coram
556 1544 686 1611 Cesare
703 1566 768 1628 per
783 1567 938 1609 evacuat
954 1556 1051 1610 certa
1065 1567 1173 1610 causa
1187 1546 1223 1609 di
1236 1547 1438 1629 represalee

160 1651 323 1715 francese
353 1661 526 1714 arrestata
549 1652 584 1715 in
610 1674 714 1715 mano
739 1655 796 1716 del
821 1653 1062 1733 Treverense,
1093 1653 1142 1715 lui
1175 1672 1321 1734 respose
1345 1652 1438 1715 assai

160 1758 400 1821 incivilmente
425 1760 458 1821 al
483 1759 645 1822 heraldo:
670 1760 780 1823 Cesar
801 1761 883 1823 vole
907 1762 973 1823 che
997 1760 1031 1823 io
1049 1759 1167 1822 cerchi
1191 1762 1282 1823 altro
1306 1760 1438 1841 partito

160 1866 238 1928 chel
264 1886 338 1945 su0‚
364 1875 399 1927 et
423 1866 548 1927 alcune
573 1867 662 1927 altre
686 1886 756 1928 non
781 1868 891 1929 molto
915 1869 1065 1929 honeste
1089 1868 1230 1948 parole:
1256 1876 1291 1929 et
1311 1877 1437 1948 questo

159 1973 179 2035 ὸ
204 1992 304 2035 come
329 1952 465 2051 scrivoJ
481 1972 539 2033 del
564 1973 629 2033 che
653 1973 699 2034 ho
725 1974 846 2035 voluto
872 1974 1015 2036 advisar
1039 1974 1083 2035 V.
1110 1975 1145 2039 S.
1170 1974 1256 2040 Re.

248 2079 293 2141 Et
316 2078 514 2160 parimente
539 2079 605 2141 che
629 2099 717 2141 sono
741 2079 802 2162 gia
826 2080 970 2143 adunati
1004 2081 1064 2162 qui
1089 2080 1123 2142 in
1149 2101 1252 2143 cerco
1277 2080 1348 2142 fino
1374 2081 1437 2143 sei·

158 2196 264 2249 cento
289 2186 417 2248 cavalli
441 2195 476 2247 et
501 2206 572 2247 non
597 2207 636 2248 so
661 2186 783 2267 quanti
808 2186 914 2265 fanti,
950 2198 985 2250 et
1010 2187 1118 2250 dicesi
1143 2188 1209 2250 che
1233 2186 1287 2249 fra
1311 2188 1436 2269 pecchi

158 2292 194 2356 di
228 2314 273 2356 ne
313 2314 466 2355 saranno
504 2291 576 2353 fino
614 2294 684 2355 alla
715 2314 850 2356 summa
875 2295 909 2357 di
934 2296 1027 2357 mille
1052 2295 1286 2376 cinquecento
1311 2295 1437 2358 cavalli

157 2411 252 2463 sotto
278 2420 380 2462 nome
413 2400 448 2461 di
473 2399 693 2462 confederati
718 2401 982 2482 gentilhomini;
1008 2422 1064 2464 ma
1086 2422 1125 2464 re
1143 2422 1229 2465 vera
1246 2402 1291 2465 ad
1308 2402 1436 2464 instan-

156 2507 208 2569 tia
246 2515 281 2569 et
305 2517 398 2568 sotto
435 2506 459 2568 il
483 2505 616 2569 vexillo
651 2506 686 2567 di
711 2505 948 2590 Sichinghen‚
989 2509 1106 2570 donde
1130 2508 1342 2589 Moguntino
1367 2508 1436 2574 fila.

155 2613 227 2676 Noi
252 2634 421 2694 pensamo
460 2616 526 2676 che
557 2634 595 2675 se
624 2634 711 2675 sono
743 2614 802 2696 gia
835 2615 1028 2698 discoperti
1053 2636 1117 2696 per
1142 2616 1302 2679 metterci
1326 2637 1438 2698 paura

157 2731 194 2784 et
229 2722 295 2783 che
327 2742 398 2783 non
431 2720 603 2783 facciamo
636 2721 824 2783 execution
855 2723 949 2784 delle
983 2743 1065 2784 cose
1090 2724 1135 2785 de
1160 2722 1294 2785 Luther
1319 2722 1377 2804 qui
1402 2723 1436 2785 in

156 2828 271 2899 dieta:
304 2836 421 2890 tamen
452 2847 580 2891 revera
604 2827 805 2892 Francesco
836 2829 883 2892 ha
908 2828 1042 2892 obietto
1068 2829 1181 2892 andar
1205 2838 1330 2892 contra
1353 2830 1435 2892 Tre-

156 2935 254 3015 veri,
286 2957 385 2998 come
413 2935 474 3017 gia
508 2936 624 2998 alcuni
658 2936 744 2998 mesi
769 2935 951 2999 minaccid.
1001 2935 1106 2998 Certo
1131 2937 1286 2999 Trevere
1321 2936 1367 2999 mi
1390 2937 1437 3000 ha

156 3045 258 3105 detto
282 3042 418 3104 haverli
449 3042 539 3104 fatto
568 3043 732 3105 intendet
756 3044 821 3105 che
846 3046 881 3106 lo
907 3052 1052 3123 expetta
1079 3043 1115 3104 di
1139 3045 1234 3106 bnon
1261 3043 1377 3105 animo
1403 3053 1437 3106 et

156 3152 224 3212 che
249 3170 355 3230 spera
377 3149 458 3210 farli
483 3159 665 3211 recontrar
681 3170 765 3211 cosa
789 3151 854 3212 che
880 3149 904 3211 li
920 3147 1001 3211 altri
1016 3148 1184 3211 Germani
1209 3149 1254 3210 fin
1281 3150 1340 3231 qui
1365 3171 1436 3212 non

155 3258 276 3319 hanno
300 3255 402 3320 fatto,
449 3255 538 3317 Esso
562 3254 711 3317 Treveri
743 3255 856 3318 euna
880 3255 985 3336 volpe
1011 3255 1046 3316 di
1071 3257 1189 3318 buona
1213 3265 1308 3318 sorte
1333 3267 1367 3318 et
1392 3258 1437 3318 ha

154 3367 277 3426 buona
301 3362 486 3444 alligantia
509 3383 576 3424 con
601 3364 634 3423 el
659 3362 750 3423 duca
774 3359 919 3424 Saxone
945 3371 980 3424 et
1004 3362 1222 3444 Lantgravio
1248 3363 1283 3424 di
1308 3363 1436 3426 Hassia

156 3467 334 3557 principal
358 3469 485 3532 nimico
511 3468 546 3529 di
570 3468 761 3531 Francisco
786 3477 821 3530 et
845 3487 916 3530 non
940 3468 964 3531 li
989 3489 1114 3531 manca
1138 3469 1291 3532 l'animo
1317 3469 1442 3533 defen-v

156 3575 253 3638 dersi
279 3577 325 3638 da
337 3576 528 3638 Francisco
554 3585 590 3636 et
613 3576 659 3637 da
674 3575 809 3636 Hutten
834 3583 870 3637 et
894 3574 970 3637 suoi
995 3575 1202 3656 conlatroni‚
1227 3577 1292 3638 che
1309 3577 1378 3640 Dio
1403 3581 1436 3640 lo

155 3683 334 3746 benedica
358 3703 422 3764 per
446 3681 539 3743 mille
563 3683 676 3753 volte;
701 3691 737 3744 et
761 3684 900 3745 volesse
923 3681 979 3744 far
1003 3704 1068 3764 per
1092 3705 1156 3746 sua
1177 3683 1298 3747 divina
1314 3697 1436 3768 poten·

155 3790 207 3852 tia
232 3791 298 3852 che
322 3791 440 3870 quello
465 3792 556 3850 altro
582 3790 710 3851 elettor
734 3789 886 3871 galerito
910 3790 1061 3852 havesse
1087 3792 1135 3852 tal
1160 3791 1276 3854 animo
1302 3793 1367 3854 che
1393 3794 1437 3856 ha

156 3897 305 3960 Treveri
344 3898 409 3958 che
434 3916 503 3957 non
541 3896 727 3958 saressimo
764 3896 831 3978 quii
856 3896 890 3958 in
916 3897 1031 3977 questi
1056 3897 1208 3970 fastidii;
1245 3897 1376 3980 alioqui
1401 3899 1436 3961 in

156 4003 303 4084 reliquis
327 4003 376 4067 lui
400 4003 418 4065 ὲ
442 4024 488 4064 un
514 4002 676 4083 principe
700 4003 782 4085 pien
808 4003 844 4064 di
869 4003 954 4084 ogni
978 4003 1087 4097 bonta
1120 4012 1154 4065 et
1178 4005 1269 4066 virtu
1296 4015 1438 4068 excetta

156 4114 193 4174 la
226 4121 356 4194 troppa
383 4109 534 4172 timidita
565 4111 599 4171 la
631 4112 735 4191 quale
771 4110 794 4171 li
826 4109 936 4172 fanno
961 4131 1102 4174 crescer
1134 4112 1168 4174 di
1194 4115 1389 4197 vantaggio
1413 4115 1437 4176 li

157 4217 452 4282 Lutheranissimi
483 4217 549 4278 che
579 4217 626 4278 ha
657 4216 692 4278 in
725 4237 810 4278 casa
843 4226 879 4278 et
902 4238 973 4280 non
997 4221 1057 4281 vol
1082 4220 1207 4282 creder
1232 4221 1267 4282 di
1291 4221 1437 4301 haverh,

157 4347 230 4389 non
265 4327 428 4388 obstante
464 4325 529 4386 che
553 4322 577 4385 il
602 4321 655 4384 Sro
689 4323 898 4386 Carrazzolo
932 4334 968 4388 et
1000 4323 1034 4388 io
1059 4325 1257 4390 assaissime
1281 4329 1377 4390 volte
1401 4329 1436 4389 lo

157 4434 349 4498 habbiamo
373 4432 539 4495 ravisat0.

248 4541 300 4603 Lo
317 4540 394 4604 illm⁰
419 4541 559 4602 ellettor
572 4539 832 4617 Brandeburgh
850 4536 1011 4619 principe
1030 4547 1119 4600 tutto
1136 4558 1313 4620 generoso
1326 4539 1438 4622 hoggi

158 4671 198 4712 se
222 4650 336 4712 devea
359 4646 493 4729 partit,
522 4655 558 4708 et
581 4645 759 4707 mandomi
784 4645 861 4706 heri
885 4666 964 4707 sero
990 4667 1011 4708 a
1035 4645 1089 4707 dir
1114 4647 1179 4708 che
1205 4645 1393 4709 scrivendo
1418 4669 1439 4708 a

158 4756 279 4818 Roma
307 4755 342 4816 lo
376 4753 672 4816 raccomandasse
705 4750 765 4813 alli
799 4751 897 4832 piedi
927 4752 984 4814 del
1010 4752 1074 4814 5⁰¹⁰
1100 4764 1134 4816 et
1159 4776 1179 4816 a
1204 4754 1247 4817 V.
1273 4751 1440 4835 Signoria

158 4863 236 4926 R¹¹⁸
260 4861 367 4935 assai;
392 4861 583 4923 tuttavolta
598 4859 712 4944 hoggi
735 4881 844 4924 ancor
864 4881 933 4923 non
958 4860 1136 4943 epartito.
1185 4861 1265 4923 Cosi
1290 4864 1322 4925 el
1339 4862 1440 4924 Duca

1232 4965 1281 5018 14*
