3425 5700
651 615 881 671 edile&

133 757 243 819 avanti
279 758 486 820 exacerbati
515 769 640 822 contro
678 761 712 823 la
752 760 881 824 Chiesa
920 761 956 822 di
994 761 1114 823 Roma
1154 760 1408 841 congiungono

132 865 161 925 la
181 883 291 926 causa
315 865 411 928 della
434 863 531 948 fede,
557 867 627 928 imo
652 868 686 930 la
711 887 963 949 sommergono
990 867 1025 929 in
1050 867 1075 928 li
1099 868 1176 929 loro
1202 866 1315 930 affetti
1339 866 1408 948 pri·

134 971 195 1032 vati
222 980 258 1034 et
281 971 415 1036 invidie
440 974 506 1036 che
537 974 657 1037 hanno
690 984 814 1038 contra
839 975 875 1036 di
900 975 1036 1037 Roma:
1083 974 1145 1036 Ma
1175 975 1210 1036 la
1240 976 1346 1058 plebe
1379 973 1409 1035 si

133 1097 276 1160 correge
301 1079 387 1162 ogni
420 1081 454 1141 dl
486 1100 552 1162 per
584 1091 709 1162 queste
738 1082 910 1164 prediche
942 1090 978 1142 et
1009 1080 1311 1144 abbrusciamenti
1343 1082 1409 1142 che

134 1185 158 1246 si
178 1185 287 1248 fanno
313 1197 349 1249 et
375 1187 435 1268 pin
463 1208 501 1250 se
527 1207 818 1270 correggeranno
842 1209 908 1271 per
932 1188 953 1249 l'
968 1190 1122 1252 advento
1148 1199 1183 1250 et
1207 1198 1405 1270 quattrage·

133 1291 222 1356 sima.
264 1291 397 1356 Contro
428 1294 453 1356 li
486 1295 567 1357 altri
599 1315 705 1377 spero
738 1298 804 1358 che
834 1297 871 1358 in
905 1305 1030 1376 questa
1061 1296 1157 1358 dieta
1188 1296 1218 1358 si
1249 1294 1336 1357 dard
1366 1292 1407 1354 ri-

133 1399 242 1463 medio
267 1419 334 1462 con
359 1399 513 1464 l’adiuto
537 1401 573 1463 di
597 1401 666 1465 Dio
692 1411 728 1465 et
750 1405 786 1465 la
808 1402 920 1466 bont&
945 1402 980 1464 di
1005 1401 1146 1465 Cesare.

213 1507 291 1570 Ben
317 1507 480 1590 supplico
505 1529 570 1588 per
594 1509 717 1571 l'amor
742 1509 776 1571 di
802 1509 882 1585 Dio,
908 1518 944 1572 et
968 1507 1041 1572 cosi
1065 1509 1175 1572 fanno
1200 1508 1282 1570 tutti
1305 1507 1330 1570 li
1354 1527 1408 1569 or-

132 1614 284 1692 thodoxi,
318 1617 383 1677 che
414 1613 444 1677 si
468 1625 578 1678 mette
600 1614 671 1678 fine
696 1638 717 1678 a
740 1625 839 1678 tante
864 1637 1009 1679 reserve
1034 1625 1070 1678 et
1094 1615 1260 1698 dispense
1285 1624 1321 1676 et
1348 1616 1405 1676 de·

133 1722 303 1800 rogationi
337 1721 391 1785 de'
418 1723 626 1786 concordati
658 1723 693 1785 di
718 1723 938 1803 Alemagna,
971 1723 1218 1805 compositioni
1251 1731 1287 1784 et
1319 1725 1409 1783 altre

133 1827 229 1890 simili
254 1831 405 1892 novelle.
454 1830 649 1893 Praeterea
674 1832 739 1892 che
765 1817 794 1893 si
819 1831 917 1893 metti
942 1830 1046 1893 freno
1071 1832 1116 1893 ad
1141 1829 1229 1893 certi
1262 1831 1329 1891 che
1358 1828 1407 1890 in-

133 1934 283 1998 triccano
323 1937 404 1998 tutti
443 1936 469 1999 li
507 1936 671 1999 beneficii
708 1939 753 2000 de
792 1937 1006 2019 Alemagna‚
1048 1958 1117 2000 non
1150 1936 1309 2000 contenti
1342 1937 1408 1998 che

133 2043 305 2105 habbiano
329 2042 455 2106 infiniti
469 2043 645 2125 beneficii,
669 2045 802 2125 perche
818 2044 933 2126 questi
958 2044 1082 2126 populi
1099 2043 1305 2107 nominatim
1327 2063 1406 2105 con·

133 2149 309 2230 giungono
346 2151 382 2212 la
411 2151 560 2213 materia
594 2151 628 2212 di
660 2151 791 2213 Lutero
826 2171 894 2213 con
928 2151 1040 2232 quest’
1072 2152 1162 2214 altre
1196 2171 1279 2212 cose
1310 2158 1346 2213 et
1376 2149 1409 2212 ci

133 2254 236 2318 fanno
268 2256 302 2319 di
335 2277 448 2339 grave
473 2259 592 2320 denno
625 2258 659 2320 in
693 2259 725 2320 el
757 2258 934 2341 principal
959 2260 1025 2320 che
1057 2278 1233 2321 concerne
1262 2258 1296 2320 la
1326 2256 1409 2319 fede

134 2363 312 2444 catholica,
347 2365 393 2426 ne
425 2385 463 2427 se
495 2385 627 2427 curano
660 2366 695 2427 di
726 2365 874 2446 rinegar
897 2366 967 2427 Dio
998 2384 1064 2446 per
1094 2363 1150 2427 far
1177 2365 1349 2427 vendetta
1375 2363 1411 2424 di

134 2481 252 2549 questa
282 2473 489 2552 sopradette
514 2472 743 2552 enormitadi‚
774 2475 808 2534 le
832 2473 927 2553 quali
952 2492 1084 2535 ancora
1107 2473 1173 2534 che
1197 2471 1306 2534 creda
1338 2490 1410 2531 non

134 2595 226 2638 esser
248 2581 275 2638 sl
300 2578 429 2660 grandi
454 2599 553 2642 come
578 2581 656 2642 loro
681 2579 713 2641 le
737 2579 864 2658 fann0‚
889 2581 983 2641 etio
1008 2581 1054 2641 ad
1079 2581 1218 2641 oculum
1244 2599 1352 2659 saepe
1384 2577 1409 2640 Ii

135 2684 343 2764 demonstro,
368 2681 559 2748 tuttavolta
574 2687 609 2747 in
628 2695 755 2767 questo
769 2688 918 2749 tumulto
943 2687 973 2748 si
998 2689 1088 2749 deve
1113 2686 1301 2748 removerli
1325 2685 1409 2768 ogni

134 2810 214 2854 ansa
239 2804 271 2854 et
297 2793 486 2856 occasione
513 2795 557 2857 de
582 2793 637 2856 far
661 2796 695 2857 le
719 2799 854 2876 paccle.

216 2898 330 2962 Credo
356 2901 421 2963 che
446 2908 534 2963 costi
560 2901 589 2963 si
614 2901 704 2984 sapii
730 2902 823 2964 assai
848 2903 893 2963 de
924 2902 946 2963 l’
973 2920 1085 2982 opera
1110 2900 1145 2962 di
1170 2908 1296 2981 questo
1321 2899 1409 2962 Ario

136 3004 170 3064 dc
192 3006 377 3089 copllnzi‘afc
401 3006 609 3092 badelecche,
644 3009 741 3089 cujus
775 3029 882 3090 supra
905 3008 976 3071 feci
1000 3007 1232 3086 mentionem,
1269 3007 1302 3068 la
1327 3009 1409 3086 qual

137 3130 195 3191 per
209 3122 337 3197 troppo
353 3135 417 3176 sua
433 3116 595 3177 tristezza
620 3126 655 3177 et
668 3116 903 3178 enormissina
926 3114 1073 3198 impiet&
1088 3116 1198 3176 molto
1223 3113 1259 3175 la
1284 3115 1315 3175 al
1332 3134 1410 3194 pro·

137 3220 244 3297 posito
275 3234 414 3295 nostro;
450 3223 484 3284 io
509 3222 656 3284 l'harrei
683 3226 862 3303 mandata,
886 3243 943 3284 ma
967 3221 1099 3304 perche
1132 3242 1187 3283 me
1216 3241 1262 3283 ne
1290 3220 1410 3282 adiuto

138 3327 232 3405 assai,
257 3331 288 3391 la
313 3338 475 3411 retengo.

219 3436 318 3497 Altre
353 3456 462 3516 opere
497 3436 532 3497 in
559 3437 736 3499 Alemano
769 3437 816 3498 ha
848 3436 1016 3497 mandato
1047 3434 1151 3497 fuora
1184 3436 1217 3497 el
1244 3436 1410 3517 predetto

139 3536 265 3602 ribaldo
290 3553 415 3605 contra
439 3545 473 3605 la
489 3543 593 3604 Bulla
618 3552 653 3605 et
679 3563 750 3605 non
776 3562 815 3604 so
841 3546 906 3604 che
924 3546 1014 3605 altre
1031 3550 1166 3623 pacem,
1191 3542 1287 3623 quali
1304 3562 1410 3623 spero

139 3644 179 3705 de
201 3650 296 3710 brevi
321 3651 468 3712 mandar
493 3672 514 3711 a
538 3650 643 3713 fuoco
669 3660 705 3711 et
719 3648 860 3712 flamma
875 3662 1006 3730 quante
1023 3649 1084 3731 pii1
1106 3670 1150 3711 ne
1166 3650 1271 3730 potri)
1287 3652 1409 3712 hever.

219 3755 375 3819 Hutteno
401 3766 522 3839 satyro
546 3758 593 3819 ha
617 3755 708 3819 fatto
724 3776 771 3817 un
789 3765 988 3818 commento
1008 3776 1116 3837 sopra
1132 3756 1166 3818 la
1182 3755 1288 3817 Bulla
1303 3754 1410 3835 pieno

141 3860 173 3919 di
194 3862 376 3927 virulentia
401 3873 525 3926 contro
552 3862 593 3924 N.
620 3860 655 3925 S.
681 3862 769 3924 Item
794 3871 937 3946 quattro
962 3882 982 3925 ο
1008 3862 1059 3924 sei
1084 3862 1235 3944 epistole
1259 3862 1305 3923 ad
1325 3860 1408 3923 Cae-

140 3985 243 4031 sarem
267 3980 300 4031 et
325 3970 431 4054 alios,
455 3970 490 4033 in
515 3971 644 4051 qulbus
668 3973 713 4032 de
737 3991 792 4033 me
818 3970 972 4052 loquitur
997 3970 1114 4032 multis
1138 3969 1173 4031 in
1198 3968 1302 4051 locis,
1331 3990 1409 4050 sup-

142 4091 251 4151 presso
280 4087 399 4140 tamen
430 4077 590 4156 nomine,
624 4087 765 4160 sumpta
797 4078 986 4140 occasione
1012 4079 1070 4139 dal
1094 4080 1206 4140 breve
1230 4075 1352 4139 scritto
1376 4078 1410 4138 al

143 4178 338 4263 Mogontino
377 4185 436 4247 del
473 4186 577 4266 quale
613 4186 731 4247 henne
766 4186 901 4246 havuto
941 4182 1045 4265 copia
1081 4182 1193 4245 inscio
1231 4182 1409 4245 cardinali

143 4304 201 4365 per
227 4292 367 4373 meggio
399 4292 573 4373 (utputo)
606 4291 690 4354 delli
725 4291 852 4353 occulti
885 4290 1079 4353 Lutherani
1112 4293 1178 4353 che
1209 4311 1360 4353 serveno
1391 4312 1412 4351 a

145 4392 229 4458 detto
258 4398 397 4481 signor,
433 4399 477 4461 de
511 4400 576 4461 che
610 4419 680 4461 non
711 4398 817 4479 potro
845 4398 901 4461 far
925 4400 990 4461 che
1015 4417 1084 4459 non
1109 4418 1154 4459 ne
1180 4397 1259 4459 dica
1282 4397 1341 4479 piit
1366 4399 1411 4459 de

146 4517 206 4563 una
226 4508 356 4585 parole.

223 4610 275 4674 Ha
299 4616 382 4676 dato
406 4612 511 4676 fuora
534 4622 570 4676 et
595 4615 694 4675 detto
712 4612 871 4674 Hutteno
896 4632 1028 4674 ancora
1053 4612 1142 4674 certi
1165 4611 1246 4673 libri
1270 4611 1305 4673 in
1323 4611 1411 4674 rima

147 4722 182 4771 et
198 4715 228 4777 in
250 4738 355 4799 prosa
379 4720 631 4797 Alemannica,
666 4721 789 4801 quales
814 4718 933 4781 statim
957 4718 1093 4781 iudices
1118 4739 1164 4781 ex
1188 4719 1337 4781 Hutteni
1362 4719 1410 4780 of-

148 4814 238 4883 ficina
258 4826 441 4905 prodiisse.
488 4826 555 4889 Lui
580 4826 600 4889 ὸ
624 4826 683 4907 qui
708 4846 881 4908 appresso
906 4827 952 4888 ad
977 4847 1080 4888 meno
1106 4825 1140 4887 di
1158 4847 1229 4887 una
1245 4826 1411 4906 giotnata

150 4921 182 4983 in
202 4946 240 4991 un
263 4936 405 4996 castello
430 4934 467 4996 di
490 4934 692 4997 Frencesco
718 4932 957 5016 Sichinghen‚
992 4934 1028 4995 in
1053 4936 1199 5016 specula
1227 4933 1262 4994 di
1293 4934 1411 5014 quello

180 5046 245 5105 lidan,
256 5056 394 5098 Documenta
403 5060 541 5101 Luthernna.
1234 5038 1251 5092 3
