3425 5700
673 562 920 623 &5298ss

160 710 192 772 di
217 711 336 792 quella
361 710 501 774 heresia
526 721 562 774 et
583 711 780 793 pertinacia
805 716 882 778 loro
906 709 1109 779 facilmente
1141 695 1180 777 se
1210 713 1234 777 li
1258 715 1435 795 potrebbe

159 818 374 898 provedere;
403 816 535 899 perche
566 820 792 899 quantunche
816 822 871 884 sia
893 843 980 886 vero
1005 827 1070 887 che
1102 822 1260 886 habbino
1284 830 1436 903 provato

159 925 182 987 11
204 923 318 987 infinti
344 925 426 987 mali
449 925 589 987 tumulti
613 936 648 987 et
671 928 843 990 sedicioni
868 932 934 993 che
958 952 1002 993 ne
1026 951 1114 995 sono
1131 929 1280 1011 seguite,
1305 936 1341 989 et
1356 926 1436 989 chio

160 1035 266 1095 creda
290 1034 356 1094 che
381 1052 533 1095 saranno
559 1032 708 1114 disposti
742 1056 763 1096 a
793 1038 946 1100 metterli
975 1047 1011 1100 et
1034 1059 1056 1101 a
1080 1049 1262 1101 sostenere
1286 1036 1437 1117 qualche

161 1139 284 1201 ordine
310 1152 344 1201 et
378 1139 596 1220 provisione,
630 1140 749 1205 niente
783 1142 818 1204 di
850 1164 954 1207 meno
990 1146 1025 1208 la
1053 1147 1099 1207 da
1133 1145 1280 1207 credere
1305 1142 1438 1203 Vostra

162 1244 338 1328 Signoria,
356 1249 422 1309 che
439 1256 572 1327 quanto
589 1248 623 1309 al
647 1258 739 1311 stato
763 1248 1014 1314 Ecclesiastico
1037 1254 1119 1314 tutti
1150 1250 1257 1333 quelli
1282 1249 1439 1330 Principi

161 1374 247 1415 sono
272 1356 382 1416 molto
406 1354 524 1434 pronti
557 1356 603 1415 ad
636 1356 852 1436 opprimerlo
886 1369 922 1421 et
952 1359 1033 1421 torli
1065 1360 1100 1420 la
1135 1357 1239 1419 solita
1263 1356 1439 1435 libertate,

162 1470 195 1521 et
220 1470 312 1523 tutto
336 1481 401 1542 per
425 1460 532 1522 tirare
556 1462 589 1523 le
614 1482 697 1525 cose
721 1465 755 1525 al
780 1465 966 1527 commodo
990 1475 1025 1527 et
1048 1466 1112 1526 util
1137 1466 1224 1526 1010.
1463 1535 1466 1539 ,

251 1566 356 1631 Onde
380 1566 414 1629 io
437 1587 570 1649 pens0,
602 1569 667 1629 che
697 1572 806 1633 molto
839 1571 931 1634 assai
960 1570 1013 1634 sia
1036 1573 1083 1634 da
1107 1570 1333 1633 considerare
1357 1569 1438 1651 quel

163 1676 228 1737 che
253 1673 414 1755 imponi,
447 1696 468 1735 0
500 1695 608 1755 possa
639 1675 831 1757 importare
865 1698 1058 1759 procurare
1089 1681 1155 1741 che
1185 1698 1230 1740 ne
1263 1679 1298 1739 la
1321 1677 1440 1738 futura

164 1782 259 1843 dieta
284 1782 543 1862 intervengano
573 1780 654 1843 tutti
689 1781 712 1844 11
742 1785 875 1848 oratori
899 1786 944 1847 de
968 1786 992 1848 li
1018 1785 1175 1866 Principi
1201 1794 1236 1847 et
1260 1782 1440 1846 Potentati

164 1890 207 1951 de
231 1888 433 1967 Christiani,
458 1888 492 1950 di
516 1890 583 1950 che
607 1892 783 1969 potrebbe
808 1912 873 1973 per
897 1893 973 1955 vari
997 1892 1172 1955 accidenti
1197 1901 1233 1953 et
1256 1890 1330 1954 casi
1349 1889 1442 1953 uscir

165 1999 291 2059 alcuno
326 1998 419 2058 malo
453 1994 577 2059 efferto
613 2006 649 2057 et
685 1998 912 2061 conclrisione
947 2019 992 2061 ne
1023 2000 1058 2061 la
1092 1998 1176 2061 fede
1207 1996 1382 2059 catholica
1406 2005 1441 2057 et

165 2102 417 2184 speciaimente
442 2122 462 2163 a
486 2104 605 2163 danno
630 2105 674 2164 de
699 2104 732 2165 la
757 2105 968 2185 superiorita
1004 2107 1039 2168 di
1070 2116 1195 2187 questa
1218 2115 1321 2168 santa
1345 2104 1441 2182 sede,

165 2210 294 2291 perche
320 2209 463 2290 quando
488 2209 522 2270 in
549 2218 673 2289 questa
698 2209 804 2273 Dieta
828 2211 927 2274 fusse
952 2232 1022 2275 una
1046 2215 1096 2274 tal
1119 2233 1203 2275 cosa
1227 2210 1383 2273 stabilita
1407 2222 1442 2272 et

164 2319 320 2396 risoluta,
346 2337 415 2378 non
441 2316 469 2378 si
494 2318 671 2397 potrebbe
695 2317 756 2398 poi
780 2317 982 2381 sacilmente
1007 2321 1128 2382 levare
1152 2328 1188 2381 et
1211 2320 1320 2381 molto
1344 2316 1441 2399 pegi-

165 2445 224 2485 nre
258 2426 411 2486 sarebbe
445 2424 511 2485 che
536 2425 735 2503 qualunche
760 2426 851 2487 altra
875 2427 1098 2507 pragmatica
1121 2428 1186 2489 che
1211 2426 1264 2487 sin
1288 2426 1377 2486 hora
1401 2423 1442 2484 sii

166 2540 277 2593 stata:
317 2532 350 2593 la
386 2532 469 2612 qual
504 2550 588 2593 cosa
623 2530 658 2592 in
694 2532 875 2612 presentia
911 2534 954 2595 de
980 2553 1025 2595 un
1060 2534 1199 2615 Legato
1230 2534 1383 2595 sarebbe
1408 2530 1442 2591 di

166 2638 329 2718 maggior
351 2638 517 2699 smaccho
543 2645 578 2699 et
596 2638 744 2719 cagione
770 2639 814 2701 de
838 2640 1003 2721 maggior
1026 2660 1164 2705 scorno.
1202 2639 1248 2702 Et
1264 2640 1282 2702 ὲ
1300 2640 1346 2700 da
1360 2658 1441 2719 pen·

169 2766 255 2815 saro.
281 2746 346 2807 che
372 2744 514 2825 quando
538 2744 672 2825 peggio
698 2765 767 2807 non
795 2766 838 2808 ne
864 2766 1044 2827 seguesse,
1060 2768 1166 2809 sanza
1181 2746 1289 2808 dubio
1305 2747 1444 2808 almeno

168 2853 257 2916 circa
281 2853 306 2914 li
332 2863 436 2939 cento
460 2853 668 2933 gravamini,
694 2864 729 2914 et
753 2853 847 2916 circa
872 2854 896 2916 11
921 2855 1069 2919 concilio
1092 2856 1211 2917 futuro
1235 2855 1445 2916 vorebbono

168 2962 373 3024 risolutione
398 2972 433 3024 et
457 2961 683 3025 stabilmento
709 2963 742 3024 di
769 2965 834 3025 che
859 2963 1054 3026 moltissimi
1078 2961 1291 3025 incommodi
1314 2981 1360 3023 ne
1384 2980 1443 3042 po·

169 3073 342 3132 trebbono
367 3069 531 3131 risultare
565 3070 636 3131 alla
666 3069 761 3131 Sede
792 3071 1020 3152 Apostolica,
1055 3081 1092 3133 et
1122 3072 1209 3152 perb
1242 3068 1377 3130 bench&²
1411 3067 1444 3128 io

169 3178 280 3257 pensi,
305 3177 370 3238 che
394 3176 526 3238 Nostro
552 3175 715 3258 §ignore
741 3197 804 3257 per
829 3178 864 3238 la
888 3199 951 3238 soa
975 3176 1149 3259 sapientia
1174 3185 1209 3238 et
1225 3173 1446 3256 experientia

169 3303 346 3364 cognosce
369 3283 393 3344 il
418 3293 509 3345 tutto
535 3291 570 3344 et
593 3303 664 3344 non
688 3283 820 3345 habbia
845 3284 1018 3346 necessita
1043 3284 1079 3345 di
1103 3282 1276 3364 consiglio
1301 3290 1335 3343 et
1359 3302 1444 3343 mas·

170 3390 372 3453 simamente
408 3391 466 3452 del
503 3389 571 3452 mio
606 3391 733 3452 debole
767 3411 913 3471 parere,
952 3391 1071 3453 niente
1107 3391 1143 3452 di
1190 3390 1339 3452 mancho
1375 3388 1445 3468 poi,

170 3499 231 3560 che
260 3501 333 3560 cosi
357 3497 460 3578 piace
484 3517 506 3559 a
529 3495 603 3559 Sua
626 3497 872 3575 Beatitudine,
896 3497 919 3559 il
944 3518 1050 3578 parer
1078 3498 1147 3560 mio
1176 3498 1346 3574 sarebbe,
1380 3497 1446 3556 che

170 3623 266 3668 come
302 3607 337 3666 la
379 3603 486 3666 Dieta
528 3602 563 3664 di
606 3601 679 3665 San
721 3604 866 3682 Jacomo
908 3625 927 3666 a
970 3601 1076 3684 Spira
1116 3604 1155 3665 fu
1194 3601 1374 3684 prohibita
1412 3613 1446 3662 et

170 3729 333 3792 suspesa,
377 3713 449 3772 cosi
486 3730 552 3771 con
581 3710 666 3791 ogni
698 3728 815 3772 mezzo
852 3731 871 3772 e
906 3711 963 3772 via
1000 3710 1028 3772 si
1063 3710 1273 3791 prohibesse
1306 3717 1341 3770 et
1376 3729 1445 3771 sus-

170 3819 344 3898 pendesse
374 3826 521 3898 questa,
555 3825 590 3878 et
623 3836 643 3877 3
677 3826 802 3898 questo
834 3818 987 3879 sarebbe
1015 3814 1161 3878 efficace
1186 3817 1277 3878 assai
1303 3815 1446 3877 voltarsi

170 3945 190 3986 a
218 3925 368 4003 (lesere,
406 3933 442 3985 et
473 3943 540 3985 con
571 3924 604 3986 le
634 3922 773 4004 regioni
807 3925 873 3985 che
904 3922 933 3985 si
964 3943 1082 4004 ponno
1112 3923 1266 3985 addurre
1295 3921 1448 3984 soaderli

170 4051 232 4111 per
274 4031 388 4093 salute
425 4039 461 4091 et
491 4029 609 4110 quiete
650 4030 695 4090 de
737 4032 771 4092 la
806 4030 1036 4110 Repubblica
1080 4029 1270 4091 christiana
1311 4031 1377 4091 che
1417 4030 1449 4089 al

171 4147 336 4218 presente
369 4157 440 4199 non
469 4135 553 4200 lassi
587 4135 664 4198 fare
694 4137 792 4198 detta
820 4136 931 4214 dieta,
960 4136 1242 4198 massimamente
1274 4136 1449 4197 toccando

171 4255 295 4327 questo
320 4253 431 4327 punto
457 4245 522 4306 che
547 4263 614 4324 per
637 4243 660 4305 11
685 4243 898 4306 incommodi
914 4244 979 4306 che
997 4263 1041 4304 ne
1057 4242 1275 4323 potrebbero
1293 4240 1449 4304 reuscire

172 4363 294 4414 contra
317 4353 352 4413 la
376 4351 459 4412 fede
483 4351 548 4412 che
572 4370 642 4412 non
667 4351 685 4412 ὲ
710 4351 756 4411 (13
779 4349 871 4412 13113
894 4369 1000 4412 senza
1024 4351 1058 4410 la
1081 4366 1254 4429 presenza
1269 4347 1305 4408 di
1322 4345 1358 4409 S.
1372 4346 1449 4410 M‘i.

172 4457 214 4520 Et
244 4459 387 4540 quando
418 4476 485 4538 pur
516 4477 581 4538 per
609 4456 783 4520 necessita
808 4457 852 4518 de
887 4458 922 4519 le
946 4477 1028 4520 cose
1061 4456 1106 4517 de
1137 4453 1322 4536 germania
1353 4453 1450 4516 fusse

173 4565 372 4628 necessario
396 4563 472 4626 fare
497 4564 595 4626 detta
620 4563 724 4644 dieta,
749 4564 1039 4645 precipuamente
1063 4583 1129 4643 per
1160 4562 1184 4623 il
1220 4561 1388 4642 dissegno
1412 4582 1451 4623 sa

175 4672 215 4736 V.
239 4671 276 4735 S.
302 4673 420 4734 hanno
445 4672 549 4733 delo
573 4669 718 4750 infante,
743 4673 895 4732 sarebbe
920 4672 966 4731 da
989 4667 1197 4751 ingegnarsi
1218 4669 1284 4729 che
1300 4668 1450 4730 andasse

175 4779 229 4860 pid
254 4777 393 4841 innanzi
418 4779 484 4840 che
508 4777 606 4840 fusse
629 4776 810 4859 possibile,
834 4776 966 4857 perche
999 4775 1020 4837 ’l
1045 4784 1164 4856 tempo
1198 4794 1338 4855 sempre
1374 4775 1452 4836 suol

175 4887 348 4968 partorire
373 4905 455 4949 cose
480 4906 595 4949 nuove
621 4894 657 4948 et
684 4893 828 4967 portare
860 4883 958 4945 molti
982 4881 1119 4945 rimedii
1149 4891 1184 4943 et
1215 4882 1308 4943 lume
1337 4891 1372 4942 et
1402 4880 1450 4942 in·

200 5013 278 5066 Buten,
291 5013 434 5051 Documenta
444 5013 583 5051 burburena.
1256 5001 1292 5065 34
