3425 5700
702 570 850 631 ο-ἑὶὸοῚ
890 570 949 629 ΕΗ

180 716 306 782 domos
330 716 605 784 Teutonicorum
636 721 670 783 in
705 720 905 802 Stertzing,
936 731 971 786 et
1002 722 1170 801 Botzant,
1202 721 1329 787 multas
1359 722 1465 787 etiam

181 847 284 890 arces
310 827 482 890 nobilium
506 828 767 909 spoliaverunt,
803 838 838 891 et
869 829 904 892 in
937 838 1070 891 tantam
1104 829 1197 892 versi
1221 840 1304 894 sunt
1326 831 1464 911 furiam,

179 946 219 995 ut
244 954 323 997 cum
340 934 510 1016 Episcopi
523 934 752 999 Tridentinus
777 946 812 997 et
836 935 1069 1014 Brixinensis,
1094 955 1165 998 non
1188 936 1363 1000 auderent
1386 959 1465 1001 cum

181 1040 387 1104 Archiduce
411 1040 447 1103 in
471 1041 644 1123 Inspruch
669 1041 882 1121 consistere,
912 1041 1133 1120 clandestina
1163 1042 1249 1123 fuga
1282 1045 1350 1107 sibi
1384 1065 1463 1127 pro-

180 1158 389 1229 spexerunt.
428 1148 568 1211 Rustici
593 1157 807 1211 conventum
831 1148 952 1211 fecere
976 1147 1012 1211 in
1034 1148 1159 1211 Meran
1183 1149 1317 1213 iniussu
1342 1152 1464 1215 Archi-

181 1253 299 1336 ducis,
336 1254 396 1335 qui
428 1256 474 1319 ad
511 1256 706 1318 sedandum
747 1257 934 1318 tumultum
967 1256 1099 1318 dietam
1128 1256 1384 1337 provincialem
1417 1258 1464 1321 in·

181 1361 274 1423 dixit
302 1381 350 1439 13.
374 1360 469 1439 Junii
494 1361 539 1423 ad
564 1361 745 1444 Inspruch.
794 1362 892 1424 Deus
917 1364 1145 1441 benevertat,
1181 1363 1345 1444 quoniam
1370 1364 1465 1427 fama

185 1478 242 1530 est
266 1467 380 1529 omnis
411 1468 457 1530 ad
490 1467 525 1529 id
558 1469 796 1551 conspirasse,
828 1477 867 1530 ut
901 1468 1138 1550 Exangelium
1170 1489 1259 1551 pure
1290 1481 1327 1533 et
1353 1472 1465 1534 libere

183 1574 407 1655 predicetur,
439 1584 477 1636 ut
505 1575 749 1656 predicatores
780 1575 932 1658 relegati
957 1578 1004 1639 ob
1034 1576 1212 1639 haeresim
1243 1590 1466 1658 revocentur,

182 1694 221 1743 ut
256 1680 516 1743 Ecclesiasticis
560 1680 672 1743 omnis
714 1680 910 1745 iurisdictio
949 1680 1118 1745 secularis
1150 1683 1350 1764 auferatur,
1385 1705 1464 1747 cum

181 1787 344 1869 pluribus
367 1788 456 1851 aliis.

274 1895 334 1957 Ad
368 1892 474 1957 finem
504 1894 589 1957 Maii
619 1896 796 1958 rebellant
828 1893 970 1958 Rustici
1010 1892 1043 1955 in
1080 1891 1288 1978 Saltzburg,
1322 1910 1359 1960 et
1394 1919 1465 1961 non

182 2001 291 2064 illatis
315 2000 454 2081 magnis
478 2000 631 2081 damnis,
657 2004 801 2083 dempto
825 2000 1041 2064 monasterio
1075 2000 1290 2065 Berchtolde
1326 2003 1464 2084 Gaden,

184 2110 282 2191 quod
307 2108 434 2171 misere
458 2107 728 2187 destruxerunt,
760 2108 946 2171 confestim
984 2107 1123 2170 nobiles
1147 2119 1183 2171 et
1206 2110 1406 2191 oppidanos
1429 2112 1464 2175 in

183 2236 282 2279 suam
321 2223 507 2277 traxerunt
537 2214 766 2293 sententiam,
797 2215 917 2297 itaque
951 2234 1073 2277 omnes
1107 2224 1218 2278 status
1242 2217 1320 2279 laici
1344 2219 1465 2281 unani·

185 2323 289 2385 miter
314 2321 599 2403 Archiepiscopo
623 2324 817 2385 rebellant:
849 2323 932 2385 Dux
957 2321 1160 2385 Ludovicus
1183 2322 1359 2387 Bavariae
1381 2346 1465 2388 mox

182 2430 282 2493 iussu
305 2429 428 2492 fratris
452 2428 636 2491 Wilhelmi
669 2430 714 2490 ad
739 2428 893 2492 confinia
916 2429 1015 2493 venit
1038 2448 1116 2491 cum
1141 2429 1320 2493 sexcentis
1343 2432 1464 2512 equiti·

184 2540 264 2617 buS,
288 2546 444 2600 tractare
467 2535 592 2617 incipit
616 2538 660 2599 de
684 2556 792 2618 pace:
827 2549 863 2599 et
893 2539 988 2600 bona
1019 2555 1101 2616 spes
1130 2545 1185 2598 est
1208 2537 1300 2600 hanc
1324 2538 1464 2601 seditio·
1491 2563 1498 2579 ·

185 2665 269 2707 nem
292 2644 429 2721 sedari,
454 2642 582 2705 ablatis
607 2643 817 2724 quibusdam
842 2644 944 2706 novis
972 2642 1238 2723 gravaminibus
1262 2664 1327 2725 per
1341 2646 1462 2708 Archi·

185 2752 393 2834 episcopum
429 2750 653 2813 Cardinalem
687 2770 801 2832 nuper
834 2749 1050 2821 adinventis;
1086 2748 1203 2811 amisit
1237 2760 1353 2813 autem
1386 2751 1466 2831 Car·

186 2861 316 2922 dinalis
341 2858 531 2937 civitatem,
556 2857 674 2920 omnia
698 2857 842 2940 oppida,
867 2868 903 2918 et
927 2877 1050 2920 omnes
1070 2877 1172 2920 arces
1188 2869 1332 2939 praeter
1355 2863 1466 2923 solam

185 2965 434 3048 Saltaburgen.

276 3074 357 3136 Non
382 3073 551 3156 quievere
575 3071 696 3135 rustici
720 3071 754 3134 in
779 3071 938 3153 Hegoia,
963 3079 998 3132 et
1022 3080 1146 3133 contra
1170 3091 1275 3151 quam
1299 3071 1466 3153 promise·

187 3189 285 3260 rant,
310 3181 434 3244 eodem
459 3180 555 3242 Maio
578 3180 772 3252 rebellant;
802 3178 955 3260 Augiam
980 3178 1150 3240 maiorem
1174 3177 1364 3255 invadunt,
1392 3178 1466 3241 Mo-

188 3289 383 3353 nasterium
415 3287 585 3369 spoliant,
629 3285 801 3349 festinant
837 3287 883 3348 ad
914 3286 1170 3347 Petersharsen
1201 3284 1468 3365 Monasterium,

187 3400 253 3461 sed
276 3418 298 3459 a
322 3394 651 3458 Constantiensibus
675 3394 811 3456 civibus
836 3391 1020 3455 defensum
1043 3401 1114 3453 est:
1139 3391 1310 3454 Insultum
1335 3391 1468 3456 faciunt

187 3506 222 3568 ln
256 3503 419 3567 Meinaro
448 3503 590 3565 domum
621 3501 768 3563 fratrum
800 3498 1090 3578 Teutonicorum,
1119 3499 1181 3560 sed
1216 3509 1468 3563 tormentorum

187 3611 342 3675 iactibus
365 3609 499 3691 repulsi
522 3619 618 3689 sunt,
643 3617 680 3671 et
702 3607 837 3688 aliquot
872 3606 1000 3679 occisi;
1031 3604 1197 3667 commoti
1224 3604 1284 3668 alii
1314 3610 1350 3667 ln
1380 3607 1469 3668 duas

187 3721 292 3783 villas
316 3715 620 3782 Commendatoris
648 3715 822 3777 irruentes
850 3713 1021 3795 praedam
1051 3731 1159 3792 agere
1195 3724 1383 3793 ceperunt,
1416 3733 1467 3775 su-

188 3845 388 3908 pervenere
412 3824 509 3886 cives
534 3843 580 3885 ex
605 3820 789 3884 Catholico
823 3818 957 3902 oppido
984 3817 1222 3899 Uberlingen,
1254 3829 1290 3881 et
1318 3817 1469 3880 rusticos

187 3937 234 3998 ad
258 3933 515 3997 restitutionem
540 3938 745 4011 coegerunt,
771 3937 807 3990 et
830 3946 895 3989 sex
919 3946 966 3988 ex
990 3925 1041 3987 eis
1057 3925 1266 3986 ductoribus
1282 3924 1469 3988 decollatis

190 4044 388 4124 coegerunt
411 4038 500 4101 alios
524 4038 569 4099 ad
593 4035 739 4117 propria
762 4034 891 4098 redire.

280 4146 478 4210 Undecima
502 4143 636 4224 Aprilis
671 4141 798 4205 seditio
829 4142 957 4203 oborta
980 4147 1035 4202 est
1057 4138 1093 4201 in
1123 4137 1277 4200 dioecesi
1302 4137 1469 4201 Bamber:

190 4255 304 4338 gensi,
322 4266 358 4318 et
377 4275 424 4332 13.
443 4250 577 4333 Aprilis
593 4250 728 4331 aliquas
743 4248 859 4311 curias
876 4246 1126 4315 canonicorum
1142 4245 1368 4326 Bambergae
1391 4264 1469 4325 spo-

191 4365 334 4434 liarunt;
360 4359 420 4422 diu
444 4357 632 4421 hincinde
663 4353 869 4418 fluctuatum
894 4362 967 4428 est;
1007 4352 1128 4415 similis
1159 4351 1270 4433 pestis
1305 4351 1339 4414 in
1377 4351 1468 4415 dioe-

192 4471 264 4534 cesi
278 4465 532 4550 Herbipolensi
546 4463 641 4545 cepit
656 4462 785 4526 sensim
810 4481 848 4524 se
875 4461 1017 4543 erigens
1032 4480 1143 4542 usque
1158 4460 1202 4521 ad
1217 4458 1351 4521 XXIII
1368 4458 1470 4541 Apri·

192 4579 235 4641 lis
259 4576 320 4640 ubi
344 4594 443 4638 arma
466 4571 689 4652 corripuere;
714 4579 750 4631 et
773 4567 916 4649 oppidis
940 4568 985 4631 ad
1009 4586 1049 4630 se
1073 4566 1206 4646 tractis
1230 4568 1354 4629 ambas
1377 4564 1471 4627 dioe-

192 4705 292 4748 ceses
318 4684 567 4758 devastarunt,
596 4687 632 4740 et
658 4674 895 4740 inestimabile
927 4675 1092 4737 damnum
1122 4674 1157 4736 in
1190 4672 1412 4735 monasteriis
1436 4682 1472 4734 et

192 4791 345 4869 arcibuS,
369 4789 405 4850 in
430 4785 608 4866 Ecclesiis,
632 4783 667 4846 in
692 4781 777 4845 cleri
802 4781 965 4844 domibus
988 4779 1165 4860 faciendo,
1180 4790 1218 4843 ut
1233 4790 1330 4843 totus
1344 4782 1471 4856 clerus,

192 4911 229 4964 et
253 4907 328 4962 tota
353 4893 520 4958 nobilitas
544 4895 589 4955 ad
614 4898 863 4973 paupertatem
886 4887 1023 4951 redacti
1037 4885 1115 4953 sint.
1153 4887 1353 4970 Episcopus
1369 4886 1469 4952 Bam·
