3425 5700
608 565 854 620 0·‘{329ll}⁴²

118 729 183 771 cosa
203 717 237 771 et
260 708 307 771 mi
331 709 426 772 disse
442 709 496 772 ch'
512 710 546 773 io
570 709 810 793 rengratiasse
832 733 898 794 per
921 711 1017 775 mille
1039 713 1137 776 volte
1160 713 1205 776 V.
1223 711 1259 776 S.
1274 714 1371 777 Rma

117 827 143 876 et
162 813 309 878 offereva
333 839 371 880 se
396 825 431 879 et
455 825 546 880 tutto
572 816 789 881 3133113113
813 820 846 881 al
879 820 1008 882 mondo
1039 820 1085 881 ad
1115 819 1199 901 ogni
1224 821 1369 884 3313111

117 921 200 985 118.
222 921 333 991 Rma:
461 973 468 988 .
516 925 706 988 Bruxelles
730 926 787 988 die
817 947 865 1006 15.
883 924 984 1008 Sept.
1007 926 1189 991 MDXXI.

624 1137 829 1150 mmm

695 1371 768 1435 124.

458 1484 781 1567 vicecancellarius
807 1487 997 1570 11333113.

496 1632 668 1702 (Nuntiat.
688 1633 840 1694 German.
862 1633 895 1692 11.
913 1634 967 1705 89.)

557 1754 609 1812 (18.
628 1755 790 1819 Septembris
813 1753 901 1823 1521.)

183 1885 341 1948 Havemo
366 1886 460 1948 lecto
484 1887 518 1948 le
542 1895 663 1949 vostre
688 1888 746 1950 del
771 1887 804 1950 11
828 1888 887 1950 del
910 1898 1077 1969 31333313
1084 1936 1093 1968 ‚
1128 1907 1193 1969 per
1217 1891 1250 1952 le
1275 1889 1371 1970 quali

108 1990 131 2052 si
155 1994 239 2056 vade
261 2013 331 2075 pur
355 1994 421 2056 che
445 1995 563 2074 quella
587 1994 836 2059 maledictione
864 2016 910 2058 va
933 2015 1057 2077 spesso
1082 2016 1152 2076 qua
1187 2005 1223 2057 et
1252 1997 1288 2058 la
1320 2017 1371 2059 13-

107 2100 293 2181 pululando,
320 2101 416 2164 unde
440 2121 506 2184 par
530 2122 551 2163 3
574 2100 616 2164 N.
642 2099 678 2164 S.
704 2103 770 2164 che
795 2104 952 2166 anchora
974 2102 1010 2166 in
1034 2103 1150 2184 quelle
1174 2104 1293 2165 bande
1317 2102 1370 2164 sia

106 2207 200 2269 molto
224 2207 427 2271 necessaria
451 2210 484 2270 la
514 2207 608 2270 virtic
642 2218 677 2270 et
708 2207 895 2291 diligentia
924 2218 1064 2283 vostra;
1097 2209 1211 2290 pecho
1242 2209 1277 2271 vi
1310 2229 1369 2272 ex·

106 2311 263 2376 hortiamo
288 2315 335 2376 ad
360 2333 431 2376 non
456 2313 591 2377 levarvi
614 2313 729 2377 finche
755 2325 945 2378 conoscete
977 2317 1013 2378 13
1040 2315 1216 2378 medicina
1247 2324 1370 2378 vostra

104 2418 259 2502 bisognar
282 2422 317 2483 31
343 2423 488 2502 morbo,
514 2431 549 2484 et
572 2421 607 2484 in
632 2431 757 2503 questo
783 2423 966 2487 attendete
989 2423 1050 2504 piis
1073 2433 1195 2504 presto
1220 2424 1255 2485 31
1279 2443 1369 2485 com·

106 2527 199 2589 modo
222 2528 367 2610 publico
393 2547 492 2590 come
507 2528 638 2590 havete
653 2528 750 2591 facto
774 2527 846 2592 fino
871 2528 931 2611 qui
955 2532 1021 2592 che
1045 2532 1079 2592 al
1102 2529 1254 2611 privato,
1300 2530 1370 2592 Noi

104 2643 189 2696 certo
212 2635 249 2698 vi
272 2634 584 2698 desideraressimo
613 2656 761 2718 apresso
786 2637 823 2698 di
853 2636 932 2717 noi,
965 2657 1023 2699 ma
1053 2657 1125 2699 non
1155 2636 1368 2699 vorressimo

102 2736 153 2817 gia
174 2741 321 2805 havervi
345 2742 406 2823 poi
431 2763 451 2804 a
475 2741 676 2806 rimandare
701 2742 736 2804 di
761 2763 897 2818 nuovo;
929 2744 1016 2826 pero
1045 2763 1117 2807 non
1141 2743 1161 2806 e
1185 2744 1298 2805 anche
1323 2745 1369 2805 da

102 2849 261 2931 moversi‚
284 2849 438 2913 maxime
463 2852 528 2913 che
552 2853 722 2914 vederete
745 2871 811 2933 per
834 2853 870 2913 la
892 2850 1028 2915 inclusa
1052 2852 1180 2915 cedula
1201 2852 1370 2914 mandata

100 2952 150 3016 dal
172 2955 268 3019 Rmo
285 2956 498 3038 Maguntino
522 2977 544 3018 a
567 2956 610 3020 N.
636 2955 672 3021 S.
697 2967 910 3021 novamente
934 2958 959 3020 li
983 2957 1110 3039 grandi
1135 2957 1305 3021 disordini
1334 2968 1369 3020 et

100 3063 250 3125 scandali
280 3065 346 3127 3113
370 3062 399 3127 si
425 3062 531 3126 fanno
555 3066 649 3127 nelle
674 3074 768 3128 terre
802 3074 838 3127 et
868 3073 961 3128 sotto
986 3065 1007 3126 l'
1026 3068 1150 3127 ombra
1185 3066 1242 3127 del
1267 3066 1369 3128 Duca

97 3165 127 3228 111
138 3165 315 3234 Sassonia.
355 3170 397 3233 N.
412 3168 448 3233 S.
474 3171 552 3234 dice
566 3191 612 3234 ve
626 3191 671 3233 ne
687 3171 869 3234 risentiate
886 3190 952 3233 333
970 3169 1102 3233 Cesare
1126 3181 1162 3232 et
1177 3172 1366 3253 preghiate

99 3277 211 3355 voglia
246 3279 446 3360 provedere
478 3300 499 3341 a
528 3282 556 3342 sl
590 3278 781 3361 perniciosi
823 3277 1089 3340 inconvenienti
1120 3287 1155 3340 et
1192 3279 1368 3359 procedes

98 3392 213 3447 contra
247 3385 355 3468 quelli
387 3387 452 3449 che
488 3406 532 3449 ne
568 3405 656 3449 sono
688 3386 838 3467 cagione
872 3385 1028 3446 secondo
1058 3384 1093 3445 la
1127 3384 1242 3447 forma
1272 3387 1367 3448 dello

99 3490 227 3571 edicto,
253 3495 285 3556 el
309 3495 414 3576 quale
438 3514 476 3556 se
502 3492 576 3556 Sua
607 3492 770 3556 Serenita
794 3512 865 3554 non
888 3490 926 3554 13
949 3510 1093 3554 servare
1125 3500 1261 3554 mentre
1292 3491 1312 3553 ὸ
1342 3492 1367 3555 11

96 3610 257 3676 presente
270 3602 306 3664 in
320 3601 418 3664 13313
443 3610 479 3663 31
502 3622 573 3664 333
597 3602 615 3663 ὲ
639 3602 752 3663 anche
777 3599 912 3661 asciuto
935 3599 970 3660 13
995 3597 1188 3661 inchiostro
1210 3598 1245 3660 di
1261 3601 1365 3661 decto

96 3705 214 3789 editto,
245 3728 356 3790 pensa
386 3689 487 3771 come
520 3707 549 3771 si
573 3707 717 3771 servera
742 3706 885 3788 quando
910 3704 984 3769 Sua
1006 3704 1146 3768 Maesta
1168 3705 1265 3768 fusse
1287 3726 1365 3787 pas·

96 3824 164 3874 sata
194 3813 222 3875 11
253 3834 349 3877 mare
381 3822 417 3877 et
440 3816 475 3876 la
498 3814 703 3897 provisione
726 3811 912 3877 rimanessi
935 3813 1096 3875 desolata
1120 3814 1177 3874 del
1201 3832 1265 3875 suo
1290 3834 1365 3893 pre·

94 3916 176 3982 sidio
209 3930 250 3983 et
277 3930 446 4003 presente
477 3920 601 3984 favore
635 3930 672 3983 et
694 3930 827 4003 quanta
857 3920 960 3983 stima
982 3919 1074 3981 faeci
1099 3922 1180 4000 quel
1204 3920 1306 3982 Duca
1330 3920 1366 3981 di

95 4022 160 4089 Sua
182 4027 324 4091 Maesta
360 4037 397 4092 et
421 4027 456 4089 di
480 4036 571 4090 tutto
606 4026 628 4089 l'
651 4026 804 4109 Imperio
838 4036 875 4089 et
906 4027 951 4089 de
982 4027 1017 4088 le
1050 4027 1126 4088 loro
1151 4025 1365 4088 ordinationi

93 4142 124 4193 et
144 4134 267 4199 bandi.
312 4135 404 4199 Fate
428 4135 514 4216 ogni
538 4153 648 4215 opera
673 4144 708 4197 et
732 4134 848 4197 sforzo
873 4134 939 4196 che
963 4130 1036 4195 Sua
1055 4130 1193 4200 Maesta
1218 4131 1250 4193 ci
1274 4131 1366 4193 faeci

94 4244 242 4317 qualche
273 4245 370 4306 bona
403 4250 439 4305 et
469 4244 586 4305 celere
624 4240 842 4323 provisione,
879 4240 944 4301 che
984 4248 1082 4301 certo
1115 4258 1153 4300 se
1182 4238 1217 4300 in
1251 4238 1365 4320 questi

91 4346 255 4429 principii
275 4369 347 4412 333
370 4348 407 4409 vi
431 4348 461 4410 si
483 4348 644 4430 provede
669 4348 714 4410 de
738 4356 834 4409 sorte
858 4367 958 4409 come
981 4346 1139 4408 richiede
1172 4347 1207 4407 13
1230 4364 1366 4407 summa

93 4448 307 4536 importanza
331 4454 368 4517 di
392 4457 442 4517 131
466 4464 588 4536 peste,
616 4453 841 4518 ritornerassi
872 4475 893 4516 a
922 4453 1055 4535 peggio
1089 4453 1155 4514 che
1188 4451 1301 4533 prima
1330 4462 1366 4514 et

91 4560 164 4621 sara
189 4562 226 4623 31
252 4561 441 4625 novissimo
466 4581 566 4625 error
589 4559 753 4643 maggior
776 4559 870 4623 assai
894 4561 952 4622 del
976 4560 1101 4641 primo,
1126 4568 1162 4621 31
1185 4555 1259 4621 Sua
1278 4556 1363 4620 San-

91 4663 146 4729 1111
164 4676 202 4730 31
216 4666 357 4731 Maesta
374 4670 441 4732 che
457 4688 545 4731 sono
561 4668 573 4731 i
589 4667 673 4731 duoi
691 4666 795 4749 primi
811 4666 896 4729 lumi
920 4676 957 4730 et
979 4665 1114 4748 signori
1139 4667 1197 4728 del
1221 4665 1364 4745 mond0,

89 4774 376 4839 3311133113333
400 4774 690 4857 vituperatissimi
713 4783 749 4837 et
772 4772 1028 4847 confusissimi;
1062 4793 1119 4835 ma
1148 4791 1255 4853 sopra
1283 4771 1365 4834 tutti

88 4874 157 4944 Sua
178 4881 329 4945 Altezza
350 4880 484 4964 perche
509 4880 532 4945 'l
555 4883 646 4945 male
671 4882 689 4945 ὲ
713 4882 808 4943 113113
830 4879 978 4962 11333113
1003 4899 1077 4961 suo,
1103 4888 1138 4940 et
1154 4899 1175 4940 a
1190 4877 1237 4941 131
1262 4888 1365 4941 13333

1154 4983 1204 5037 19*
