3425 5700
655 538 901 599 *diffide

139 706 201 752 eos
225 684 387 754 intactos.
434 688 680 754 Decimanona
704 688 839 771 Aprilis
864 689 980 752 denuo
999 687 1176 751 rebellant
1191 708 1269 751 cum
1295 685 1418 751 vicinis

138 796 290 859 subditis
332 797 549 861 Marcbionis
588 795 941 879 Brandeburgensis,
974 796 1146 879 oppidum
1176 794 1333 878 Otingen
1370 794 1419 857 in-

136 905 275 966 vadunt
308 913 343 967 et
382 904 544 968 comitem
578 901 797 967 Ludovicum
837 901 1011 966 iuniorem
1045 902 1223 965 incautum
1263 902 1420 983 capiunt,

137 1010 354 1073 monasteria
378 1009 548 1092 diripiunt
572 1022 608 1073 et
636 1010 830 1073 incendunt
855 1019 891 1071 et
922 1011 1003 1072 dum
1036 1020 1118 1071 sunt
1147 1009 1182 1072 in
1212 1007 1340 1072 itinere
1375 1009 1421 1071 ad

138 1116 364 1181 Heidenhem
379 1117 630 1181 monasterium
648 1116 883 1199 diripIendum
897 1118 999 1179 adest
1012 1115 1228 1179 Marchionis
1245 1116 1422 1198 equitatus

139 1234 389 1288 sexcentorum
413 1225 570 1307 equiturn
594 1244 673 1287 cum
698 1223 884 1287 comitibus
909 1223 987 1286 aliis
1010 1224 1055 1286 de
1090 1222 1247 1305 Otingen
1276 1232 1312 1286 et
1342 1242 1421 1284 curn

139 1352 253 1414 parvo
277 1332 415 1413 pedite;
441 1330 578 1394 invadit
601 1330 751 1394 rusticos
775 1330 928 1412 primum
951 1329 1136 1393 tormentis
1164 1349 1249 1393 mox
1278 1329 1421 1393 lanceis,

141 1438 286 1501 Rustici
310 1459 380 1501 non
404 1446 571 1520 potentes
594 1437 670 1501 fere
696 1438 833 1520 equites
856 1437 1041 1520 fugerunt;
1073 1457 1120 1499 ex
1149 1457 1253 1500 rrooo
1283 1436 1422 1499 rusticis

140 1544 347 1609 ceciderunt
372 1566 468 1627 2500,
500 1545 636 1627 aliquot
668 1544 780 1625 captI,
805 1544 941 1625 aliquot
975 1543 1011 1606 in
1045 1564 1114 1606 una
1142 1543 1228 1606 villa
1254 1543 1421 1607 incendio

140 1652 333 1734 perierunt,
358 1654 478 1735 plures
502 1662 628 1735 postea
652 1650 867 1734 deprehensi
892 1650 1058 1714 decollati
1077 1660 1167 1713 sunt.
1205 1651 1299 1712 Data
1322 1670 1421 1714 occa·

140 1760 238 1821 sione
268 1760 327 1841 qui
351 1759 565 1841 aufugerant
589 1760 705 1822 denuo
728 1758 848 1840 ignem
873 1758 1033 1820 excitant
1060 1768 1096 1820 et
1126 1756 1275 1820 rusticos
1307 1757 1421 1820 subie-

141 1878 217 1928 ctos
238 1866 429 1948 Proposito
454 1875 489 1929 et
513 1864 677 1947 Capitulo
701 1864 929 1946 Elwangensi
945 1865 990 1927 ad
1005 1865 1238 1927 rebellionem
1254 1864 1421 1946 excitant,

142 1973 259 2035 subito
284 1973 354 2035 duo
379 1982 496 2036 castra
520 1981 696 2053 occupant
720 1980 755 2035 et
779 1970 949 2053 oppidum
973 1970 1124 2053 Elwang
1155 1980 1191 2034 et
1222 1971 1339 2035 omnia
1363 1972 1420 2033 de·

142 2082 369 2161 praedantur.
409 2080 489 2143 Non
505 2079 652 2142 defuere
676 2100 721 2141 ex
737 2076 926 2141 Canonicis
948 2077 1007 2159 qui
1022 2078 1193 2141 Rusticos
1217 2080 1262 2140 ad
1287 2088 1421 2141 tanturn

143 2188 279 2270 nephas
295 2186 467 2250 iuvarent.
504 2186 667 2265 Juniores
685 2187 832 2249 comites
848 2185 1004 2248 Palatini
1015 2207 1061 2250 ex
1077 2186 1271 2268 Neoburgo
1285 2198 1421 2250 contra-

145 2295 209 2357 ctis
233 2294 346 2377 copiis
370 2294 496 2358 vicinis
520 2293 688 2375 Episcopi
714 2292 952 2375 Augustensis
976 2305 1011 2356 et
1027 2293 1224 2356 Willhelmi
1240 2294 1340 2356 ducis
1355 2294 1421 2356 Ba-

143 2402 263 2465 variae
293 2401 445 2465 rusticos
476 2402 649 2464 invadunt
680 2400 841 2463 incautos
877 2409 959 2463 ante
999 2400 1169 2482 oppidum
1199 2400 1349 2484 Elwang
1387 2412 1422 2464 et

144 2514 207 2587 436
232 2508 358 2571 occisis
382 2508 553 2589 plurimos
578 2507 722 2590 capiunt
747 2518 782 2570 et
806 2528 851 2569 ex
881 2508 930 2570 eis
952 2506 1085 2569 XXIII
1105 2507 1274 2570 decollari
1298 2507 1422 2570 iubent

143 2637 183 2677 ac
208 2615 388 2677 civitatem
412 2624 448 2678 et
472 2624 589 2677 castra
613 2615 769 2696 capitulo
794 2623 1018 2696 recuperant.
1066 2614 1196 2678 Actum
1225 2619 1262 2676 18
1286 2614 1384 2680 Maii.

231 2722 373 2786 Pacatis
397 2722 536 2785 rusticis
559 2721 594 2783 in
620 2720 753 2802 Algoia
776 2729 812 2783 et
836 2721 932 2783 circa
954 2722 1069 2783 lacum
1093 2720 1184 2804 Liga
1207 2722 1242 2784 in
1256 2721 1420 2785 Wirtem·

143 2833 292 2912 bergum
323 2839 494 2912 properat
535 2827 724 2910 Tibingam
756 2848 889 2891 versus.
943 2828 1084 2892 Rustici
1116 2832 1185 2892 hoc
1217 2829 1421 2909 rescientes,

143 2937 309 3000 meliores
354 2937 390 3000 in
425 2936 595 2999 auxilium
633 2936 775 2998 mittunt
817 2936 933 2999 caetui
966 2956 1079 3019 prope
1112 2937 1420 3019 Haerembergam

145 3046 357 3118 constituto;
383 3045 479 3126 quod
503 3043 673 3126 oppidum
698 3043 828 3106 insultu
853 3043 976 3124 quinto
1000 3045 1142 3106 tandem
1166 3044 1287 3107 rustici
1320 3064 1420 3129 cepe·

145 3163 235 3214 runt.
282 3151 393 3215 Erant
417 3151 626 3214 rusticorum
656 3169 760 3228 13ooo
783 3150 940 3212 virorum
955 3149 1097 3213 fortium
1112 3158 1151 3212 ut
1168 3150 1218 3213 eis
1233 3150 1421 3213 videbatur

145 3279 167 3320 a
198 3279 346 3339 quorum
379 3267 572 3340 conspectu
604 3256 674 3320 iam
701 3257 862 3339 regimen
894 3257 1076 3338 imperiale
1106 3261 1152 3321 ab
1184 3258 1353 3339 Eselinga
1386 3266 1422 3320 et

145 3365 303 3446 regimen
329 3364 567 3428 Archiducale
591 3384 613 3426 a
637 3363 831 3445 Stugardia
854 3363 1016 3446 fugerat;
1040 3366 1076 3427 in
1100 3366 1245 3446 reliquis
1262 3364 1422 3428 caetibus

146 3474 254 3535 multo
279 3474 400 3554 plures
425 3480 542 3550 erant,
574 3471 637 3533 sed
670 3471 800 3552 passim
826 3471 1019 3534 collectitia
1041 3473 1160 3553 plebs,
1189 3468 1285 3535 bello
1307 3471 1422 3534 minus

147 3589 240 3660 apta.
286 3576 373 3641 Cum
397 3577 506 3660 igitur
530 3597 658 3658 magno
684 3579 837 3639 clamore
862 3598 1003 3660 semper
1025 3578 1204 3660 petierant
1226 3578 1337 3659 Ligae
1362 3579 1421 3640 ad·

146 3695 289 3749 ventum
318 3695 355 3748 ut
387 3706 512 3749 manus
543 3693 785 3763 consererent,
817 3685 978 3748 exercitu
1017 3685 1290 3767 approximante
1327 3685 1419 3747 inter

147 3813 291 3856 nemora
313 3795 502 3864 recedunt;
528 3792 656 3874 quibus
681 3811 745 3869 4oo
770 3791 910 3872 equites
931 3813 998 3872 pro
1022 3774 1258 3856 remoratione
1277 3791 1422 3855 immissi

146 3909 241 3980 sunt,
266 3899 325 3981 qui
349 3901 493 3962 tandem
517 3898 790 3980 approximante
819 3898 979 3960 exercitu
1010 3918 1081 3960 non
1115 3900 1312 3981 expectatis
1343 3899 1423 3962 aliis

147 4006 323 4069 irruerunt
345 4005 379 4067 in
404 4005 554 4068 rusticos
580 4015 615 4067 et
639 4005 770 4088 passim
795 4005 868 4067 cesi
891 4019 972 4067 sunt
993 4026 1034 4067 ac
1055 4006 1184 4069 deinde
1207 4007 1303 4069 iussu
1327 4006 1422 4089 ligae

147 4113 319 4177 numerati
335 4117 432 4190 6465.
459 4112 550 4173 Acta
567 4112 672 4174 cedes
688 4110 762 4172 ΧΠ
777 4111 863 4174 Maii
886 4111 978 4174 inter
998 4112 1200 4194 Beblingen
1225 4124 1260 4176 et
1276 4112 1421 4176 Scudel·

147 4217 231 4302 fing;
255 4219 417 4301 pluribus
440 4228 567 4301 postea
590 4239 656 4299 per
679 4218 820 4300 singula
851 4219 984 4299 oppida
1013 4229 1048 4280 et
1078 4238 1193 4301 pagos
1226 4219 1422 4301 decollatis,

148 4337 184 4388 et
208 4326 290 4408 ipsis
323 4327 477 4410 pecunia
512 4326 705 4406 mulctatis,
737 4325 855 4388 omnia
891 4326 1110 4388 devenerunt
1140 4327 1175 4388 in
1208 4336 1421 4408 potestatem

148 4433 240 4514 ligae
263 4434 417 4516 demptis
441 4432 583 4514 oppidis
607 4453 697 4514 quae
721 4432 891 4513 contigua
915 4443 1017 4495 erant
1039 4433 1263 4496 Palatinatui.

235 4540 325 4622 Liga
349 4539 479 4602 deinde
503 4538 601 4602 ducit
633 4538 828 4602 exercitum
858 4539 892 4601 in
926 4539 1068 4602 Vallem
1092 4539 1327 4622 Weinsperg,
1359 4541 1419 4603 ubi

149 4656 274 4709 sontes
289 4646 366 4709 fere
391 4666 513 4709 omnes
536 4645 605 4709 iam
631 4645 844 4726 aufugerant
873 4646 919 4708 ad
948 4646 1099 4709 rusticos
1129 4646 1271 4711 francos
1295 4647 1422 4710 Wirtz·

148 4753 260 4833 burgi.
306 4754 430 4835 Itaque
456 4753 553 4815 XXI
583 4752 654 4815 Mai
685 4751 854 4834 oppidum
879 4762 1041 4815 exustum
1073 4763 1128 4816 est
1159 4774 1237 4816 cum
1267 4755 1423 4837 quinque

149 4858 255 4936 villis;
280 4859 529 4944 quadrIngenti
556 4859 668 4922 ferme
693 4859 812 4922 rustici
827 4858 962 4921 inventi
986 4859 1093 4921 occisi
1118 4870 1209 4928 sunt.
