3425 5700
635 551 932 607 0·²1“530ll[}·0·

140 691 336 760 atrocissime
361 697 576 760 maledicunt
600 698 866 776 actraducunt,
897 708 1033 759 tantum
1065 699 1168 761 abest
1199 706 1238 761 ut
1270 700 1398 761 vellem

139 804 254 867 Erasmi
287 803 401 884 glorie
432 813 493 866 aut
523 803 675 866 nominis
716 803 809 867 vehi.
872 803 993 866 Meror
1025 814 1079 867 est
1113 804 1196 867 mihi
1229 813 1265 866 et
1294 804 1400 867 timor

138 911 164 974 in
184 910 343 974 laudibus
366 911 453 989 mei,
477 909 646 993 gaudium
677 929 764 972 vero
798 919 833 973 et
862 911 1033 973 securitas
1068 909 1103 973 ln
1135 909 1331 974 maledictis
1364 921 1399 975 et

138 1017 357 1098 blasphemiis.
405 1015 444 1080 Si
476 1019 566 1080 haec
591 1026 672 1080 sunt
695 1016 843 1080 Erasmo
869 1015 1057 1096 mirabilia,
1090 1016 1176 1080 nihil
1199 1017 1318 1098 mirer,
1350 1018 1397 1080 di·

136 1135 197 1186 scat
219 1123 411 1204 Christum,
437 1135 472 1187 et
496 1123 697 1186 malefaciat
731 1125 907 1186 humanae
940 1124 1170 1205 prudentiae,
1208 1132 1244 1188 et
1274 1145 1398 1188 verum

135 1229 246 1292 sentiet
270 1251 349 1293 esse
373 1232 469 1312 quod
493 1231 585 1295 dico.
626 1231 800 1294 Dominus
817 1231 915 1294 illum
936 1232 1049 1298 iuvet:
1075 1252 1155 1295 eum
1171 1233 1276 1296 etiam
1293 1233 1398 1296 alium

135 1336 228 1400 faciat
249 1337 362 1400 virum
386 1359 432 1401 ex
445 1338 603 1418 Erasm0,
628 1348 664 1400 et
686 1358 811 1421 omnes
834 1358 901 1400 nos
925 1338 1028 1401 simui
1045 1348 1175 1418 servet,
1200 1347 1236 1401 et
1252 1348 1397 1420 augeat;

134 1445 190 1507 hoc
212 1454 295 1526 opto
320 1465 367 1507 ex
390 1444 525 1525 anim0‚
562 1454 730 1526 quantum
756 1446 909 1508 donatur
932 1454 1069 1526 optare.
1116 1445 1209 1508 Vale
1239 1444 1286 1508 mi
1310 1445 1397 1510 Con·

133 1551 222 1634 rade,
245 1561 279 1615 et
302 1551 496 1634 Erasmum,
521 1550 551 1616 si
574 1551 718 1634 patitur,
746 1553 863 1615 saluta
886 1551 1027 1616 nomine
1053 1572 1147 1627 meo;
1171 1551 1260 1615 nihil
1282 1551 1317 1615 in
1343 1574 1398 1616 me

133 1666 177 1720 est
190 1659 314 1739 asperi,
338 1660 402 1722 sed
419 1678 526 1721 verae
542 1657 819 1738 misericordiae,
843 1679 948 1740 quarn
964 1658 993 1720 si
1009 1659 1213 1739 contemnit,
1235 1669 1271 1722 et
1284 1659 1400 1742 magis

133 1762 212 1828 forte
234 1773 365 1848 sperat,
390 1785 481 1847 quae
505 1761 583 1847 ipse
605 1765 751 1848 cogitat,
775 1765 891 1828 libens
910 1765 1102 1849 perdidero
1126 1774 1163 1828 et
1182 1767 1251 1828 hoc
1266 1775 1397 1830 votum.

208 1871 492 1954 Wittembergae
515 1871 630 1955 prima
654 1871 821 1938 Octobris
850 1893 943 1954 15²3·

870 2003 948 2066 tuus
967 2003 1106 2067 lutiam
1124 2003 1238 2068 tutior.

657 2167 863 2178 mmmm

722 2326 795 2392 134.

423 2441 521 2524 Gari.
549 2443 783 2545 lioguntinus
811 2442 984 2524 Clementi
1009 2442 1088 2525 VIL

554 2588 652 2664 (aaut.
669 2590 826 2664 prluolpum
843 2591 879 2649 E
898 2591 961 2662 lla)

583 2707 619 2778 o.
639 2710 794 2759 Decembris
817 2710 903 2772 1523l

204 2841 314 2907 Orbis
338 2841 528 2907 Christiani
553 2841 790 2907 calamitatem
813 2853 895 2927 post
918 2843 964 2907 fe.
989 2865 1038 2908 re.
1062 2843 1213 2907 Adriani
1237 2843 1290 2906 VI
1312 2864 1398 2926 pon·

124 2946 217 3012 tificis
241 2948 389 3013 maximi
412 2949 487 3013 fata
510 2970 552 3013 ac
572 2950 967 3014 Reverendissimorum
996 2951 1216 3041 dominorum
1239 2971 1397 3015 meorum

124 3050 154 3115 S.
177 3056 223 3121 R.
248 3056 290 3120 E.
315 3056 585 3159 Cardinalium
577 3078 611 3120 m
638 3057 721 3119 novi
746 3056 902 3119 Romani
920 3056 1102 3121 Pontificis
1126 3057 1300 3125 electione
1324 3058 1397 3122 diu-

122 3170 253 3226 turnam
279 3184 413 3226 moram
437 3151 479 3226 iic
503 3164 872 3246 procrastinationem,
896 3165 1060 3234 dolenter
1085 3185 1222 3228 mecum
1246 3165 1397 3228 subinde

121 3268 230 3333 animo
261 3271 472 3351 revolvens,
507 3281 747 3353 quantumque
778 3271 814 3334 in
838 3291 953 3353 nuper
982 3255 1190 3354 expugnata
1220 3281 1397 3364 captaque

120 3374 227 3441 insula
250 3378 364 3441 Rodo
396 3377 631 3460 perfidissimo
656 3376 845 3441 Christiani
875 3377 1028 3440 nominis
1060 3376 1154 3440 hosti
1178 3378 1397 3441 Turcharum

120 3494 269 3563 tyranno
295 3484 421 3548 virium
446 3484 647 3565 accesserit,
673 3494 708 3547 et
731 3484 868 3547 miseris
892 3484 1102 3547 christicolis
1118 3484 1246 3547 mutuis
1266 3485 1300 3547 in
1318 3505 1397 3547 sese

119 3590 224 3653 versis
248 3592 360 3654 armis
391 3602 428 3655 et
450 3590 593 3674 iugibus
617 3574 937 3696 conflictationibus
960 3577 1095 3654 iactura
1125 3601 1160 3654 et
1183 3577 1396 3655 incommodi

119 3694 247 3762 illatum
273 3700 336 3779 sit,
359 3709 396 3763 et
419 3698 571 3780 denique
595 3718 699 3781 quam
724 3720 746 3760 a
770 3697 905 3761 nobis
897 3685 983 3779 rpsis
1006 3680 1313 3778 perniciosissimis
1336 3718 1395 3760 no·

118 3806 337 3869 novitatibus
368 3806 656 3887 luthereanisque
679 3804 865 3868 heresibus
897 3824 968 3868 non
992 3804 1106 3867 minus
1133 3802 1321 3866 infeliciter
1354 3824 1396 3867 ac

117 3912 310 3977 crudeliter
341 3911 457 3975 anime
490 3932 595 3993 quam
619 3932 640 3974 a
663 3908 801 3994 perfido
825 3912 927 3974 hoste
952 3910 1099 4002 Thurca·
1126 3909 1396 3973 christianorum

118 4036 264 4099 corpora
289 4021 490 4101 perdantur
511 4020 786 4101 iugulenturque
810 4019 1048 4100 perpendens,
1073 4014 1336 4080 Beatitudinem
1351 4016 1396 4081 V.

116 4144 135 4185 a
149 4124 225 4189 Deo
247 4124 388 4208 optimo
406 4125 561 4189 maximo
578 4112 785 4189 mortalibus
800 4123 1010 4188 Pontificem
1025 4125 1256 4205 prestandum
1273 4106 1396 4187 arden·

116 4230 254 4296 tissimis
279 4232 377 4296 votis
398 4232 649 4315 postulandum
666 4232 765 4313 duxi,
787 4232 955 4325 ratusita
972 4232 1189 4312 complorata
1206 4230 1397 4295 christiane

116 4338 313 4423 reipublice
345 4360 367 4402 a
390 4338 528 4420 superis
553 4341 750 4402 consultum
782 4338 842 4419 iri,
879 4337 1026 4420 darique
1056 4326 1122 4419 pro
1153 4336 1397 4419 magnitudine

116 4446 216 4511 animi
247 4446 365 4511 vestri
395 4467 437 4510 ac
460 4444 660 4510 incredibili
689 4465 806 4509 rerum
838 4444 1074 4528 gerendarum
1109 4444 1323 4508 dexteritate
1355 4465 1397 4508 ac

115 4552 392 4632 prudentissimo
422 4552 554 4617 iudicio
578 4553 718 4617 virtutis
742 4574 805 4616 sue
829 4541 1037 4615 illustranda
1063 4550 1245 4614 materiam
1275 4550 1305 4614 si
1329 4571 1397 4614 rna·

115 4658 222 4727 ximus
247 4682 293 4726 ac
321 4659 533 4725 fortissimus
556 4660 611 4724 vir
634 4670 670 4724 et
692 4660 901 4743 pontificatu
926 4657 1153 4741 dignissimus
1176 4656 1397 4739 periculosis·

115 4767 204 4831 simis
229 4778 268 4832 et
294 4766 519 4849 gravissimis
535 4769 641 4831 rebus
666 4767 793 4849 quibus
817 4766 915 4829 orbis
929 4766 1115 4828 universus
1139 4773 1193 4827 est
1207 4763 1398 4847 implicitus

114 4876 294 4941 obiiceret.
340 4874 432 4937 Dum
455 4876 522 4939 hec
546 4874 698 4938 meditor
722 4882 758 4936 et
781 4872 849 4937 iarn
865 4872 934 4935 iam
958 4892 1056 4934 mora
1079 4873 1158 4953 ipsa
1176 4872 1213 4933 in
1229 4870 1397 4955 eligendo
