3425 5700
632 528 878 585 estates*

134 673 292 755 publicae,
318 674 374 736 cui
398 673 591 756 studemus,
623 676 820 740 consultum
852 676 914 756 iri,
947 696 1058 757 quum
1084 678 1222 740 habeas
1256 676 1292 739 in
1326 678 1393 740 hoc

134 779 232 843 laudis
263 800 397 863 genere
428 801 499 846 non
531 784 644 846 solum
672 784 824 848 maiores
851 793 932 846 tuos
963 784 1026 846 sed
1054 792 1090 847 te
1122 784 1258 865 ipsum,
1290 804 1393 865 quem

133 887 272 953 imiteris,
326 888 400 952 Nos
423 909 510 952 vero
543 899 615 953 tam
647 910 713 972 pro
744 891 876 954 Nostra
907 910 995 973 erga
1025 890 1257 954 Nobilitatem
1287 900 1394 970 tuam,
1498 897 1504 912 '
1604 889 1605 896 ’

134 1003 297 1077 totamque
321 996 569 1061 Germanicam
597 996 786 1062 Nationem
810 1007 960 1080 paterna
983 1007 1018 1060 et
1041 996 1212 1079 peculiari
1241 999 1391 1060 benevo-

133 1102 237 1184 lentia,
261 1124 367 1185 quam
389 1123 456 1185 pro
480 1124 523 1168 eo
548 1104 682 1185 studio,
718 1125 787 1187 quo
816 1105 851 1168 in
877 1105 1077 1168 universale
1111 1107 1241 1167 bonum
1264 1104 1392 1166 incum-

133 1210 249 1292 bimus,
281 1212 343 1275 tali
367 1231 409 1275 ac
440 1198 554 1275 tanto
571 1212 762 1275 conventui
796 1213 939 1290 deesse,
973 1221 1033 1273 aut
1064 1211 1190 1273 abesse
1221 1213 1393 1275 nolumus.

132 1318 242 1400 ltaque
265 1318 356 1381 istuc
380 1318 554 1382 Nuneium
577 1318 824 1401 Apostolicum
850 1320 894 1381 de
911 1317 1120 1381 Venerabili
1144 1316 1292 1381 fratrum
1319 1338 1394 1380 nos·

131 1433 252 1488 trorum
276 1424 432 1490 Sanctae
456 1426 644 1489 Romanae
669 1425 850 1488 Ecclesiae
876 1424 1114 1488 Cardinalium
1134 1424 1292 1503 consili0,
1316 1444 1395 1506 pro-

131 1532 260 1610 pediem
290 1533 447 1605 missuri;
480 1532 621 1596 interim
654 1532 821 1595 dilectum
852 1532 961 1595 filium
989 1532 1245 1614 Hieronymum
1280 1531 1394 1594 Rora-

131 1637 208 1702 rium
231 1639 452 1721 familiarem,
479 1649 513 1703 et
531 1639 770 1704 Camerarium
795 1650 964 1718 nostrum,
988 1639 1048 1720 qui
1071 1640 1137 1701 has
1159 1640 1297 1719 reddet,
1321 1638 1394 1702 mit·

131 1744 241 1827 timuS,
277 1746 379 1828 quasi
413 1746 506 1810 illius
530 1745 675 1816 alterius
707 1766 986 1828 praecursorem.
1040 1745 1153 1826 Quem
1184 1746 1326 1827 quidem
1350 1747 1396 1807 ad

129 1850 349 1916 Nobilitatem
374 1863 484 1933 tuam,
514 1863 550 1917 et
580 1854 728 1936 egregia
752 1854 786 1916 in
811 1855 926 1916 Deum
950 1853 1104 1933 pietate,
1135 1862 1169 1914 et
1194 1871 1282 1934 erga
1304 1853 1396 1915 hanc

130 1955 286 2022 Sanctam
311 1957 442 2023 Sedem
467 1960 695 2024 observantia
720 1981 860 2042 semper
885 1969 1081 2041 spectatam
1112 1958 1147 2020 in
1172 1958 1293 2040 primis
1317 1957 1395 2019 diri-

127 2064 248 2146 gimuS,
283 2076 318 2130 et
342 2066 438 2129 illum
467 2068 616 2130 alterum
640 2087 723 2130 mox
749 2066 958 2150 dirigemus,
992 2076 1029 2127 ut
1059 2068 1164 2128 ambo
1193 2064 1397 2128 Nobilitatis

127 2179 200 2234 tuae
223 2173 379 2236 consiliis
404 2173 613 2255 dirigantur,
638 2184 673 2237 et
697 2174 839 2237 auxiliis
863 2174 1038 2237 iuventur.
1089 2172 1162 2234 Nos
1186 2171 1395 2254 etsisuper·

127 2297 291 2362 vacane0,
325 2288 442 2343 tamen
482 2280 587 2343 nobis
625 2279 841 2343 incumbenti
873 2278 1006 2359 offici0,
1041 2279 1271 2341 Nobilitatem
1301 2288 1395 2340 tuam

125 2384 316 2466 hortamur,
341 2398 379 2450 ut
405 2386 627 2450 Christianae
650 2385 753 2468 fidei,
777 2396 813 2449 et
836 2386 1068 2468 Apostolicae
1093 2384 1258 2467 dignitati
1281 2384 1396 2466 pristi-

126 2510 200 2554 num
223 2513 389 2571 amorem,
414 2514 456 2557 ac
480 2492 708 2557 devotionem
735 2504 933 2556 conservet.
981 2490 1040 2555 Sic
1071 2514 1093 2555 a
1115 2494 1194 2555 Deo
1219 2512 1290 2554 non
1315 2512 1395 2555 con·

125 2600 316 2663 servabitur
340 2602 454 2664 solum
479 2599 635 2685 dignitas
659 2609 737 2680 tua,
763 2600 826 2663 sed
841 2598 1056 2681 augebitur,
1086 2598 1175 2660 sicut
1209 2598 1285 2661 fore
1319 2618 1395 2680 spe-

125 2722 244 2787 ramus,
268 2717 304 2770 et
320 2716 359 2770 ut
377 2706 451 2788 fiat,
466 2707 581 2770 Deum
597 2727 747 2769 oramus.
795 2706 1100 2788 Quemadmodum
1123 2707 1213 2768 haec
1237 2705 1397 2787 pluribus

123 2813 237 2877 verbis
260 2814 357 2878 dicet
379 2814 473 2878 idem
497 2814 757 2897 Hieronymus,
783 2813 839 2877 cui
864 2834 886 2877 a
909 2812 1104 2876 Nobilitate
1128 2822 1188 2876 tua
1212 2832 1319 2895 super
1344 2810 1397 2875 his

124 2921 277 3000 cupimus
301 2921 409 2985 fidem
433 2922 605 2986 adhiberi.

206 3046 278 3109 Dat
301 3047 442 3110 Romae
468 3055 534 3110 etc.
560 3046 703 3110 XXIV.
729 3046 939 3111 Decembris
968 3066 1048 3125 ¹523
1075 3065 1168 3108 anno
1191 3045 1315 3126 primu.

706 3244 854 3258 rdtaelt‘mrd

721 3493 795 3558 140.

236 3607 395 3689 clemens
422 3607 501 3690 VII.
528 3608 691 3710 Arcbiep.
720 3609 930 3690 treverensi
957 3609 1100 3690 electori
1126 3609 1283 3710 Imperii.

437 3757 530 3824 (Oleu-
548 3755 608 3814 vu.
627 3756 715 3831 hpbt.
733 3756 764 3815 L.
784 3758 806 3815 1.
826 3772 867 3831 ep.
886 3757 925 3815 ll.
943 3755 989 3815 tol.
1008 3755 1073 3819 124.)

588 3864 643 3934 (24.
664 3868 819 3917 Decembris
842 3866 929 3934 1523.)

206 3990 436 4054 Venerabilis
459 3990 570 4054 frater
598 4001 666 4055 etc.
725 3991 839 4072 Quum
871 4013 985 4074 nuper
1012 3992 1214 4055 audiremus
1244 4011 1393 4054 conven-

120 4101 189 4158 tum
215 4097 420 4181 Principum
452 4098 711 4180 Norimbergae
744 4100 946 4162 habendum
979 4119 1078 4179 esse,
1113 4119 1183 4180 quo
1213 4107 1248 4161 et
1271 4098 1395 4162 frater-

120 4201 210 4267 nitas
234 4217 294 4267 tua
315 4202 581 4288 proficiscatur,
606 4204 681 4268 Nos
695 4207 993 4287 quemadmodum
1015 4208 1060 4269 de
1080 4214 1141 4268 tua
1164 4205 1251 4268 inibi
1275 4205 1394 4269 futura

119 4312 323 4388 praesentia
347 4311 517 4394 gratulati
541 4311 644 4375 nobis
667 4312 813 4393 fuimus,
847 4313 897 4375 ita
920 4315 984 4375 has
1007 4313 1157 4375 Nostras
1180 4312 1394 4375 fraternitati

121 4422 199 4479 tuae
224 4419 418 4502 praecipue
441 4419 651 4482 scribendas
676 4419 848 4483 duximus.
903 4419 1039 4501 Quibus
1072 4440 1157 4482 sane
1182 4419 1294 4500 primo
1319 4438 1395 4481 nos-

120 4531 209 4586 tram
232 4526 451 4589 voluntatem
474 4525 509 4589 in
545 4524 768 4589 fraternitate
800 4538 861 4589 tua
891 4535 963 4589 tam
997 4526 1043 4588 de
1073 4525 1175 4589 nobis
1207 4535 1242 4588 et
1272 4536 1396 4588 sancta

120 4626 188 4693 fide
212 4632 441 4715 benemerita,
459 4652 599 4715 semper
614 4635 775 4696 ornanda
797 4653 947 4714 pronam
971 4644 1007 4695 et
1030 4632 1170 4696 facilem
1194 4632 1257 4694 tibi
1282 4631 1395 4694 offeri-

119 4756 204 4802 mus.
244 4739 384 4804 Deinde
401 4741 468 4805 etsi
482 4760 554 4803 non
568 4760 634 4821 pro
652 4739 875 4820 necessitate,
898 4748 1015 4803 tamen
1041 4759 1106 4822 pro
1130 4737 1249 4802 officio
1274 4748 1395 4801 nostro
1462 4748 1465 4753 ’

120 4851 152 4909 te
175 4845 370 4930 hortamur,
393 4856 432 4910 ut
454 4855 490 4912 te
513 4847 629 4933 ipsum
644 4846 813 4934 deinceps
836 4847 994 4928 imiteris,
1019 4867 1090 4931 quo
1105 4846 1255 4929 amplius
1270 4856 1395 4929 optare
