3425 5700
768 918 821 981 31.

531 1035 709 1115 lleander
736 1033 1049 1115 Virecancellurio.

454 1173 571 1245 munt.
597 1172 752 1231 (tormen.
778 1171 809 1230 1l·
833 1171 891 1231 fol.
914 1172 970 1230 nu
993 1172 1129 1247 etseq.)

662 1272 717 1340 (27.
737 1274 816 1323 Febr.
839 1272 926 1343 1521.)

239 1398 557 1464 Reverendissime
573 1407 608 1461 et
624 1399 865 1462 Illustrissime
880 1398 1033 1462 Domine
1050 1401 1094 1463 D.
1116 1400 1162 1462 mi
1179 1398 1434 1463 Colendisslme

158 1508 381 1571 humillimam
405 1506 758 1569 commendationem.

240 1614 369 1678 Scrissi
400 1615 461 1677 alli
493 1615 527 1675 (11
555 1612 689 1695 passati
714 1634 735 1676 a
758 1613 892 1677 Vostra
917 1611 1085 1696 Signoria
1108 1614 1435 1697 Reverendissima,

158 1724 216 1784 che
248 1743 318 1785 non
352 1724 517 1785 obstante
547 1721 614 1783 che
638 1721 747 1783 molto
771 1720 1085 1802 rechiamassemo,
1118 1723 1184 1785 che
1208 1742 1279 1785 non
1304 1722 1333 1784 si
1356 1743 1431 1805 pro-

158 1851 304 1911 ponesse
334 1830 370 1892 in
395 1829 502 1892 Dieta
531 1829 567 1890 la
599 1848 706 1891 causa
737 1828 773 1890 di
797 1827 952 1891 Martino
984 1850 1049 1911 per
1072 1829 1096 1891 li
1122 1828 1375 1893 evidentissimi
1400 1838 1436 1892 et

158 1936 394 2000 absurdissimi
418 1935 535 1999 favori
559 1937 625 1998 che
649 1934 674 1996 li
699 1944 868 2016 prestano
900 1936 981 1998 tutti
1013 1936 1128 2027 questi
1152 1936 1326 2019 Principi,
1360 1938 1434 2000 Imo

157 2063 217 2123 per
238 2045 273 2107 le
296 2064 408 2126 pacce
433 2053 469 2105 et
492 2042 733 2106 abominevoli
750 2041 972 2123 persuasioni
989 2044 1069 2107 chel
1086 2043 1240 2107 Diabolo
1256 2042 1307 2106 ha¹
1320 2064 1435 2107 messo

157 2152 211 2212 nel
240 2171 332 2233 capo
357 2170 379 2213 a
402 2159 493 2213 tutta
523 2152 559 2212 la
582 2147 786 2228 Germania,
822 2149 1029 2213 Tuttavolta
1054 2149 1187 2214 Caesar
1217 2170 1283 2233 per
1306 2151 1331 2214 il
1356 2172 1435 2213 con-

156 2256 238 2319 selio
270 2260 315 2319 de
346 2256 423 2321 suoi
457 2256 602 2337 secreti,
637 2257 662 2320 li
693 2258 788 2338 quali
813 2258 968 2321 volendo
993 2259 1193 2341 compiacer
1217 2280 1239 2321 a
1262 2259 1332 2321 Dio
1358 2263 1435 2322 eal

157 2365 293 2444 mundo,
316 2364 428 2427 fanno
453 2365 547 2427 delle
571 2384 654 2428 cose
679 2365 745 2427 che
769 2363 977 2445 displaceno
995 2375 1031 2428 et
1050 2386 1072 2427 a
1087 2365 1109 2428 l'
1123 2385 1194 2427 uno
1210 2375 1246 2428 et
1260 2386 1282 2427 a
1297 2366 1318 2428 l'
1333 2366 1435 2447 altre,

157 2474 250 2535 volse
282 2474 348 2535 che
381 2472 411 2535 si
441 2491 662 2553 proponesse
687 2481 782 2536 sotto
806 2481 932 2553 questo
957 2474 1078 2535 colore
1103 2474 1169 2535 che
1194 2473 1303 2535 molto
1329 2473 1434 2537 melio

156 2587 188 2639 et
210 2578 271 2659 piir
295 2578 564 2661 pacificamente
588 2580 618 2642 si
651 2580 936 2661 extinguerebbe
967 2588 1093 2660 questo
1124 2578 1306 2659 incendi0,
1340 2601 1378 2643 se
1411 2580 1435 2642 li

156 2685 307 2747 mandati
338 2685 375 2747 di
398 2683 449 2748 su
472 2685 612 2749 Maesta
644 2685 783 2749 fussero
815 2686 896 2749 fatti
930 2688 975 2749 de
1008 2704 1185 2749 consensu
1218 2696 1254 2750 et
1277 2687 1434 2750 conselio

156 2791 366 2875 Principum,
391 2802 427 2856 et
449 2794 641 2875 allegando
666 2792 725 2856 noi
749 2794 782 2856 el
805 2793 966 2877 periculo
991 2793 1057 2858 che
1082 2792 1311 2872 evenirebbe,
1345 2814 1383 2858 se
1409 2794 1432 2856 11

155 2899 308 2982 Principi
341 2899 589 2965 dissentissero
614 2902 661 2965 da
685 2900 826 2982 Cesare,
851 2904 918 2965 che
942 2911 1024 2964 tune
1049 2901 1262 2964 l'harrebbe
1286 2903 1320 2964 le
1342 2903 1435 2964 mani

155 3007 270 3088 legate
277 3056 286 3088 ,
320 3028 379 3070 ma
402 3010 468 3071 che
497 3007 558 3091 piu
581 3007 698 3072 sicuro
722 3010 875 3072 sarebbe
900 3009 967 3072 che
992 3008 1101 3072 Cesar
1125 3028 1188 3072 sua
1212 3007 1434 3088 auctoritate,

155 3113 241 3177 sicut
263 3124 383 3197 potest
407 3126 443 3178 et
473 3116 595 3195 debet,
628 3116 816 3198 exequisse
848 3119 907 3179 nel
931 3113 1085 3198 Imperio
1116 3117 1152 3178 la
1176 3114 1353 3178 sententie
1377 3116 1434 3178 del

155 3221 325 3286 Pontifice
357 3223 392 3285 in
423 3243 532 3286 causa
560 3221 661 3303 fidei,
695 3243 796 3285 come
827 3221 888 3303 gie
912 3221 946 3284 in
972 3243 1033 3286 sue
1057 3231 1152 3286 terre
1177 3223 1213 3284 di
1237 3223 1435 3304 Borgogna

154 3339 188 3390 et
208 3329 366 3393 Fiandra
389 3330 438 3391 lui
461 3331 578 3393 havea
602 3329 703 3410 fatto,
735 3340 771 3392 et
795 3330 832 3390 di
856 3338 982 3411 questa
1006 3328 1174 3410 opinione
1199 3350 1265 3392 con
1290 3329 1349 3392 noi
1374 3350 1435 3392 era

154 3437 185 3498 la
207 3437 372 3520 maggior
395 3446 508 3518 parte,
533 3437 603 3500 imo
628 3436 729 3518 quasi
752 3436 858 3499 tuttdl
882 3436 1040 3499 conselio
1056 3437 1102 3499 de
1120 3435 1325 3509 Germania;
1362 3435 1434 3500 Re·

154 3563 256 3624 spose
279 3545 304 3607 il
320 3543 533 3608 Cancellieri
557 3545 623 3606 che
648 3563 719 3606 non
743 3543 772 3606 si
796 3542 984 3624 ligarebbe
1002 3543 1092 3624 perd
1118 3545 1151 3605 le
1169 3543 1262 3606 mani
1279 3565 1300 3606 a
1315 3543 1434 3624 Cesar,

156 3649 244 3713 Anci
268 3653 334 3714 che
358 3650 450 3713 satta
472 3652 507 3713 la
531 3651 601 3713 mia
624 3650 870 3732 propositione
896 3649 1040 3713 nomine
1053 3649 1245 3730 Pontificis,
1271 3653 1337 3714 che
1363 3649 1436 3713 Sua

154 3757 289 3821 Maesta
321 3779 384 3822 era
414 3778 479 3839 per
511 3758 603 3837 dire,
637 3759 704 3820 che
735 3757 771 3820 in
803 3766 927 3840 questa
958 3777 1042 3820 cosa
1073 3758 1120 3820 lui
1144 3757 1204 3839 gia
1228 3760 1273 3821 de
1298 3766 1434 3821 maturo

155 3864 298 3928 consilio
323 3864 360 3926 di
384 3873 474 3927 tutte
497 3885 559 3927 sue
584 3863 718 3928 nationi
741 3865 791 3927 lui
814 3866 955 3927 haveva
979 3864 1142 3927 ordinato
1167 3874 1203 3927 et
1226 3875 1370 3948 passato
1401 3867 1434 3927 el

154 3971 295 4034 decreto
319 3983 445 4035 contra
468 3971 603 4034 Luther
627 3981 663 4033 et
685 3971 710 4032 li
732 3969 815 4033 libri
838 3971 875 4032 di
899 3972 1027 4052 quella
1053 3973 1086 4035 el
1110 3974 1192 4053 qual
1217 3972 1362 4034 decreto
1386 3970 1433 4033 lui

154 4080 313 4143 absolute
336 4081 442 4142 volea
465 4100 504 4142 se
528 4078 717 4160 exequisse
741 4078 825 4141 nelli
849 4078 927 4141 suoi
950 4077 1073 4160 Regni
1098 4087 1133 4140 et
1158 4076 1302 4140 dominii
1329 4077 1433 4160 patri·
1541 4161 1544 4169 ι

154 4185 310 4266 moniali,
344 4195 381 4248 et
413 4185 638 4249 nihilominus
671 4186 766 4248 nello
797 4185 968 4267 Imperio:
1015 4184 1077 4247 Ma
1110 4194 1234 4267 questo
1269 4186 1314 4248 de
1345 4185 1434 4247 scitu

154 4292 348 4374 principum
372 4312 445 4356 non
469 4292 529 4374 gie
553 4291 699 4355 consilio
707 4341 715 4372 ,
740 4312 855 4373 neque
879 4312 1045 4372 assensu,
1070 4291 1094 4354 li
1118 4292 1214 4374 quali
1238 4292 1343 4356 etiam
1368 4294 1433 4355 che
1504 4353 1505 4360 ,

154 4401 446 4479 rechiamasserO,
477 4400 579 4463 dicea
613 4401 646 4462 el
671 4398 899 4478 Cancellieri,
934 4408 968 4461 et
999 4399 1080 4462 tutti
1113 4401 1137 4461 li
1165 4398 1357 4462 consiliarii
1381 4419 1432 4463 se·

155 4506 258 4587 creti,
288 4510 354 4571 che
378 4507 593 4569 nondimeno
619 4504 669 4568 St
693 4505 832 4568 Maesta
856 4505 1159 4588 proseguirebbe,
1195 4506 1290 4587 quod
1314 4518 1432 4569 tamen

156 4613 266 4676 adhuc
290 4635 359 4677 non
385 4623 440 4676 est
468 4612 611 4679 factum.
658 4613 751 4676 Anci
782 4633 893 4676 ancor
916 4614 982 4676 che
1007 4612 1130 4693 Cesar,
1155 4615 1214 4675 nel
1240 4613 1433 4676 medesimo

156 4718 188 4780 di
202 4723 270 4783 che
288 4721 322 4784 io
345 4721 504 4804 proposi,
530 4721 757 4784 dechiarasse
781 4722 816 4783 la
839 4729 958 4784 mente
982 4741 1055 4801 sua,
1080 4741 1182 4783 come
1206 4720 1241 4782 di
1265 4741 1372 4802 sopra
1386 4723 1433 4783 ho

157 4825 269 4906 detto,
301 4837 337 4891 et
361 4827 470 4909 dopoi
494 4829 529 4891 el
552 4830 588 4891 dl
611 4838 783 4911 sequente
807 4829 996 4892 mandasse
1020 4829 1090 4890 alla
1114 4829 1191 4891 sala
1215 4829 1249 4890 di
1275 4827 1433 4911 Principi

156 4952 220 4995 uno
244 4934 423 4999 consilieri
446 4957 468 4997 a
491 4935 678 4998 dechiarar
702 4936 737 4997 di
752 4956 870 4999 nuovo
886 4945 1012 5017 questo
1028 4956 1091 4998 suo
1107 4936 1217 5017 voler,
1242 4937 1432 5001 tuttavolta
