3425 5700
807 532 1053 589 *diuae*

290 689 325 741 et
349 681 444 760 apud
462 700 585 742 omnes
603 681 808 764 auctoritas)
832 692 932 745 tanto
949 686 1041 745 malo
1058 691 1260 764 opportuna
1274 682 1442 763 remedia,
1465 700 1569 765 prout

288 786 373 849 facti
398 787 566 849 atrocitas
590 786 714 870 exigit,
738 810 844 870 quarn
865 789 1050 852 celerrime
1075 789 1274 852 adhibitum
1298 790 1350 853 iri.
1388 786 1460 852 Sed
1486 811 1568 872 quo-

289 893 384 956 niam
407 903 479 957 tarn
504 897 613 958 multa
636 896 732 959 circa
754 898 821 959 hoc
846 906 1140 979 occurruntque
1165 899 1382 979 exemplaris
1405 900 1571 981 angustia

289 1021 419 1083 capere
443 1022 514 1064 non
537 1013 678 1084 posset,
703 1007 751 1066 ob
785 1004 822 1066 id
856 1004 1085 1068 Laurentium
1116 1007 1329 1069 Tarcereum
1359 1008 1571 1071 servitorem

289 1116 446 1170 nostrum
471 1110 516 1171 ad
541 1109 752 1173 Caesaream
776 1111 1002 1175 Maiestatem
1034 1121 1069 1175 et
1100 1113 1146 1175 ad
1174 1132 1240 1176 vos
1272 1112 1453 1177 mittimus.
1505 1114 1570 1177 Cui

288 1217 485 1295 superbae
510 1236 549 1278 re
574 1215 749 1298 integram
773 1217 879 1281 fidem
904 1220 1036 1283 habeat
1060 1220 1107 1281 R.
1132 1220 1175 1282 D.
1203 1219 1245 1283 V.
1270 1220 1371 1301 Quae
1405 1220 1466 1283 diu
1490 1221 1567 1285 feli·

289 1322 377 1384 citer
407 1324 535 1385 valeat.
588 1325 718 1387 Datum
751 1324 956 1408 Olisipone,
989 1326 1044 1389 XI
1077 1326 1160 1389 Kal.
1194 1326 1280 1389 Maii
1313 1342 1406 1390 anno
1440 1329 1571 1391 natalis

289 1429 455 1492 dominici
479 1430 661 1495 MDXXI.

1273 1541 1305 1605 u
1323 1541 1391 1615 luy.

902 1937 953 2001 73.

331 2049 509 2131 deendor
537 2051 799 2153 archiepiscopo
828 2052 1039 2134 treverensi
1066 2050 1218 2133 Ricardo
1247 2050 1347 2133 Serri
1374 2052 1531 2132 Romani

757 2186 906 2287 Imperii
933 2185 1096 2267 Eleuteti.

697 2333 798 2401 (Auta
819 2332 981 2393 wormac.
1007 2332 1063 2393 fot
1082 2334 1149 2407 tut.)

767 2454 854 2522 (ηρ)
875 2454 977 2521 Aprilis
999 2456 1083 2517 1521.)

376 2587 692 2651 Reverendissime
721 2598 755 2649 et
781 2586 1020 2651 illustrissime
1045 2588 1244 2669 Domine‚¹)
1268 2588 1366 2651 Deus
1390 2587 1497 2667 faxit,
1534 2599 1576 2653 ut

285 2696 353 2757 hoc
379 2694 578 2775 negocium,
602 2716 624 2758 a
647 2695 966 2759 Reverendissimae
982 2694 1233 2758 Dominatione
1251 2695 1382 2758 Vestra
1405 2696 1451 2757 ad
1475 2705 1574 2758 tran-

286 2802 497 2885 quillitatem
531 2801 754 2866 Christianae
785 2802 1025 2884 Reipublicae
1059 2813 1272 2886 peragatur,
1307 2803 1371 2866 sed
1404 2802 1577 2866 advertat

287 2931 509 2994 nequaquam
539 2909 574 2972 id
608 2909 684 2972 fieri
708 2931 833 2993 posse,
870 2910 937 2973 nisi
960 2909 1164 2993 pontificiae
1188 2911 1388 2977 autoritatis
1410 2910 1503 2974 ratio
1537 2909 1575 2973 in

286 3017 408 3100 primis
431 3018 622 3087 habeatur:
655 3017 827 3099 quidquid
852 3038 956 3080 secus
978 3015 1028 3096 fit,
1052 3016 1264 3099 praesertim
1287 3016 1322 3079 in
1347 3015 1499 3100 negocio
1526 3019 1577 3080 ad

286 3124 518 3206 Religionem
542 3123 778 3187 Christianam
801 3123 1021 3206 pertinente,
1046 3133 1167 3205 preter
1190 3122 1263 3203 fas,
1287 3133 1480 3204 preterque
1504 3121 1577 3203 ius,

287 3242 323 3295 et
346 3232 381 3294 in
403 3252 570 3313 magnum
584 3231 846 3294 incommodum
867 3231 1021 3296 universi
1037 3231 1134 3294 orbis
1157 3230 1234 3295 fieri
1252 3229 1576 3312 compertissimum

288 3348 351 3402 est.
401 3339 479 3402 Hoc
510 3338 626 3400 scribo
651 3359 722 3401 non
755 3337 837 3419 quia
862 3358 932 3400 non
958 3358 1097 3420 sperem
1121 3335 1473 3401 Reverendissimam
1500 3337 1576 3399 Do-

287 3445 513 3509 minationem
537 3445 704 3508 Vestram
728 3445 823 3508 omni
846 3444 932 3523 fide,
957 3444 1085 3526 studio,
1110 3444 1296 3526 diligentia
1321 3452 1386 3508 etc.
1410 3445 1476 3506 hec
1502 3453 1576 3508 tra·

287 3563 477 3633 ctaturam,
514 3552 577 3616 sed
609 3552 692 3635 quia
722 3552 806 3616 mihi
830 3552 1087 3616 insusurratum
1117 3562 1188 3632 est,
1224 3551 1343 3614 nescio
1375 3571 1464 3632 quos
1489 3571 1577 3615 con-

287 3670 412 3744 ceptus
436 3659 542 3723 initos
550 3708 559 3740 ‚
595 3660 654 3741 qui
678 3680 749 3723 non
775 3680 1030 3743 usquequaque
1054 3659 1138 3722 mihi
1162 3661 1376 3740 probantur,
1401 3657 1430 3719 si
1454 3657 1506 3720 sic
1535 3680 1577 3722 se

287 3771 459 3841 habeant;
492 3769 555 3831 sed
579 3770 630 3849 (ut
653 3765 742 3847 dixi)
776 3789 846 3830 non
871 3787 1015 3849 possum
1040 3767 1085 3828 de
1109 3761 1427 3830 Reuerendissima
1450 3765 1577 3830 Domi·

287 3876 431 3940 natione
455 3884 576 3938 vestra
600 3894 671 3936 non
695 3873 762 3936 nisi
787 3874 922 3956 optima
946 3873 1029 3937 mihi
1053 3873 1230 3955 polliceri,
1261 3893 1352 3954 quae
1375 3867 1489 3936 foelix
1514 3893 1578 3938 va-

286 3986 369 4063 leat,
394 3981 536 4045 etmihi
560 3982 717 4045 adhaec
742 3982 960 4063 respondere
985 3981 1162 4063 dignetur.

376 4087 714 4153 Reverendissimae
740 4099 775 4151 et
798 4088 1060 4152 illustrissimae
1084 4087 1326 4151 Dominationi
1350 4095 1493 4150 vestrae

1205 4223 1392 4272 Deditissimus

1032 4320 1218 4393 lllrnnmu
1235 4317 1384 4389 domur.
1403 4320 1539 4372 Nuncius

320 4525 340 4581 ¹)
360 4521 456 4583 Agitur
481 4521 514 4569 de
539 4521 647 4584 privatis
666 4521 808 4585 colloquiis
836 4537 852 4569 a
871 4519 1028 4568 'l'reverensi
1054 4518 1183 4568 habendis
1203 4533 1261 4566 cum
1282 4517 1413 4576 Luthero,
1442 4531 1490 4582 spe
1518 4533 1577 4568 non

358 4602 500 4657 admodum
520 4601 651 4664 prudenti,
669 4602 755 4667 ipsum
774 4601 916 4650 reducendi
937 4601 970 4648 ad
990 4599 1125 4649 meliorem
1144 4599 1254 4661 frugem.

827 4779 834 4788 ¹
872 4779 876 4787 “
887 4783 894 4792 ,ι
897 4779 920 4792 w
924 4779 998 4792 ‘cmv'
