<?xml version="1.0" encoding="UTF-8"?>
<!DOCTYPE html PUBLIC "-//W3C//DTD XHTML 1.0 Transitional//EN"
    "http://www.w3.org/TR/xhtml1/DTD/xhtml1-transitional.dtd">
<html xmlns="http://www.w3.org/1999/xhtml" xml:lang="en" lang="en">
 <head>
  <title>
</title>
<meta http-equiv="Content-Type" content="text/html;charset=utf-8" />
  <meta name='ocr-system' content='tesseract 3.04.00' />
  <meta name='ocr-capabilities' content='ocr_page ocr_carea ocr_par ocr_line ocrx_word'/>
</head>
<body>
  <div class='ocr_page' id='page_1' title='image "./monumentareform00unkngoog_0193.png"; bbox 0 0 3425 5700; ppageno 0'>
   <div class='ocr_carea' id='block_1_1' title="bbox 635 591 882 646">
    <p class='ocr_par' dir='ltr' id='par_1_1' title="bbox 635 591 882 646">
     <span class='ocr_line' id='line_1_1' title="bbox 635 591 882 646; baseline 0 -1"><span class='ocrx_word' id='word_1_1' title='bbox 635 591 882 646; x_wconf 42' lang='lat' dir='ltr'>eulalia*</span> 
     </span>
    </p>
   </div>
   <div class='ocr_carea' id='block_1_2' title="bbox 123 734 1399 4887">
    <p class='ocr_par' dir='ltr' id='par_1_2' title="bbox 135 734 1398 1143">
     <span class='ocr_line' id='line_1_2' title="bbox 137 734 1398 820; baseline -0.002 -19"><span class='ocrx_word' id='word_1_2' title='bbox 137 752 168 801; x_wconf 90' lang='lat' dir='ltr'>et</span> <span class='ocrx_word' id='word_1_3' title='bbox 186 750 270 803; x_wconf 90' lang='lat' dir='ltr'>tutto</span> <span class='ocrx_word' id='word_1_4' title='bbox 292 740 318 802; x_wconf 94' lang='lat' dir='ltr'>il</span> <span class='ocrx_word' id='word_1_5' title='bbox 343 740 474 802; x_wconf 90' lang='lat' dir='ltr'>mundo</span> <span class='ocrx_word' id='word_1_6' title='bbox 499 738 597 801; x_wconf 90' lang='lat' dir='ltr'>crida</span> <span class='ocrx_word' id='word_1_7' title='bbox 621 738 655 798; x_wconf 87' lang='lat' dir='ltr'>la</span> <span class='ocrx_word' id='word_1_8' title='bbox 678 747 792 799; x_wconf 89' lang='lat' dir='ltr'>morte</span> <span class='ocrx_word' id='word_1_9' title='bbox 807 757 828 798; x_wconf 88' lang='lat' dir='ltr'>a</span> <span class='ocrx_word' id='word_1_10' title='bbox 843 735 936 817; x_wconf 89' lang='lat' dir='ltr'>preti</span> <span class='ocrx_word' id='word_1_11' title='bbox 954 744 989 798; x_wconf 89' lang='lat' dir='ltr'>et</span> <span class='ocrx_word' id='word_1_12' title='bbox 1003 755 1226 798; x_wconf 86' lang='lat' dir='ltr'>mormorano</span> <span class='ocrx_word' id='word_1_13' title='bbox 1244 734 1296 820; x_wconf 84' lang='lat' dir='ltr'>(ut</span> <span class='ocrx_word' id='word_1_14' title='bbox 1311 734 1398 799; x_wconf 88' lang='lat' dir='ltr'>alias</span> 
     </span>
     <span class='ocr_line' id='line_1_3' title="bbox 136 843 1394 929; baseline -0.002 -20"><span class='ocrx_word' id='word_1_15' title='bbox 136 847 257 929; x_wconf 81' lang='lat' dir='ltr'>scripsi)</span> <span class='ocrx_word' id='word_1_16' title='bbox 280 848 326 910; x_wconf 88' lang='lat' dir='ltr'>de</span> <span class='ocrx_word' id='word_1_17' title='bbox 351 847 530 909; x_wconf 75' lang='lat' dir='ltr'>convertit</span> <span class='ocrx_word' id='word_1_18' title='bbox 554 846 587 907; x_wconf 86' lang='lat' dir='ltr'>le</span> <span class='ocrx_word' id='word_1_19' title='bbox 611 854 741 906; x_wconf 87' lang='lat' dir='ltr'>annate</span> <span class='ocrx_word' id='word_1_20' title='bbox 765 843 800 905; x_wconf 93' lang='lat' dir='ltr'>in</span> <span class='ocrx_word' id='word_1_21' title='bbox 825 844 955 906; x_wconf 85' lang='lat' dir='ltr'>salario</span> <span class='ocrx_word' id='word_1_22' title='bbox 980 844 1025 905; x_wconf 90' lang='lat' dir='ltr'>de</span> <span class='ocrx_word' id='word_1_23' title='bbox 1050 844 1073 905; x_wconf 94' lang='lat' dir='ltr'>li</span> <span class='ocrx_word' id='word_1_24' title='bbox 1098 843 1235 906; x_wconf 89' lang='lat' dir='ltr'>consilii</span> <span class='ocrx_word' id='word_1_25' title='bbox 1260 844 1295 905; x_wconf 90' lang='lat' dir='ltr'>di</span> <span class='ocrx_word' id='word_1_26' title='bbox 1312 843 1394 907; x_wconf 87' lang='lat' dir='ltr'>Ger·</span> 
     </span>
     <span class='ocr_line' id='line_1_4' title="bbox 136 948 1398 1035; baseline -0.002 -20"><span class='ocrx_word' id='word_1_27' title='bbox 136 954 254 1035; x_wconf 87' lang='lat' dir='ltr'>mania,</span> <span class='ocrx_word' id='word_1_28' title='bbox 287 963 412 1017; x_wconf 90' lang='lat' dir='ltr'>contra</span> <span class='ocrx_word' id='word_1_29' title='bbox 447 952 507 1016; x_wconf 90' lang='lat' dir='ltr'>dio</span> <span class='ocrx_word' id='word_1_30' title='bbox 541 963 577 1015; x_wconf 88' lang='lat' dir='ltr'>et</span> <span class='ocrx_word' id='word_1_31' title='bbox 607 963 732 1015; x_wconf 87' lang='lat' dir='ltr'>contra</span> <span class='ocrx_word' id='word_1_32' title='bbox 756 972 879 1025; x_wconf 89' lang='lat' dir='ltr'>rason;</span> <span class='ocrx_word' id='word_1_33' title='bbox 917 963 952 1014; x_wconf 86' lang='lat' dir='ltr'>et</span> <span class='ocrx_word' id='word_1_34' title='bbox 976 948 1070 1012; x_wconf 90' lang='lat' dir='ltr'>mille</span> <span class='ocrx_word' id='word_1_35' title='bbox 1094 950 1183 1012; x_wconf 87' lang='lat' dir='ltr'>altre</span> <span class='ocrx_word' id='word_1_36' title='bbox 1208 949 1398 1013; x_wconf 83' lang='lat' dir='ltr'>ribaldarie</span> 
     </span>
     <span class='ocr_line' id='line_1_5' title="bbox 135 1058 929 1143; baseline -0.001 -21"><span class='ocrx_word' id='word_1_37' title='bbox 135 1062 190 1123; x_wconf 86' lang='lat' dir='ltr'>che</span> <span class='ocrx_word' id='word_1_38' title='bbox 211 1063 317 1143; x_wconf 82' lang='lat' dir='ltr'>longo</span> <span class='ocrx_word' id='word_1_39' title='bbox 342 1064 495 1123; x_wconf 86' lang='lat' dir='ltr'>sarebbe</span> <span class='ocrx_word' id='word_1_40' title='bbox 519 1070 555 1122; x_wconf 84' lang='lat' dir='ltr'>et</span> <span class='ocrx_word' id='word_1_41' title='bbox 579 1059 717 1121; x_wconf 89' lang='lat' dir='ltr'>tedioso</span> <span class='ocrx_word' id='word_1_42' title='bbox 741 1080 762 1121; x_wconf 84' lang='lat' dir='ltr'>a</span> <span class='ocrx_word' id='word_1_43' title='bbox 786 1058 929 1121; x_wconf 86' lang='lat' dir='ltr'>scriver.</span> 
     </span>
    </p>

    <p class='ocr_par' dir='ltr' id='par_1_3' title="bbox 131 1146 1399 1676">
     <span class='ocr_line' id='line_1_6' title="bbox 209 1146 1399 1247; baseline -0.003 -17"><span class='ocrx_word' id='word_1_44' title='bbox 209 1169 261 1230; x_wconf 88' lang='lat' dir='ltr'>De</span> <span class='ocrx_word' id='word_1_45' title='bbox 285 1168 444 1230; x_wconf 89' lang='lat' dir='ltr'>Martino</span> <span class='ocrx_word' id='word_1_46' title='bbox 480 1146 646 1228; x_wconf 81' lang='lat' dir='ltr'>habiamo</span> <span class='ocrx_word' id='word_1_47' title='bbox 670 1187 764 1229; x_wconf 88' lang='lat' dir='ltr'>nove</span> <span class='ocrx_word' id='word_1_48' title='bbox 800 1166 910 1228; x_wconf 73' lang='lat' dir='ltr'>cheb</span> <span class='ocrx_word' id='word_1_49' title='bbox 948 1164 983 1226; x_wconf 91' lang='lat' dir='ltr'>in</span> <span class='ocrx_word' id='word_1_50' title='bbox 1013 1163 1150 1227; x_wconf 87' lang='lat' dir='ltr'>camino</span> <span class='ocrx_word' id='word_1_51' title='bbox 1176 1175 1211 1227; x_wconf 87' lang='lat' dir='ltr'>et</span> <span class='ocrx_word' id='word_1_52' title='bbox 1235 1166 1314 1229; x_wconf 68' lang='lat' dir='ltr'>sar‘a</span> <span class='ocrx_word' id='word_1_53' title='bbox 1339 1166 1399 1247; x_wconf 91' lang='lat' dir='ltr'>qui</span> 
     </span>
     <span class='ocr_line' id='line_1_7' title="bbox 133 1270 1395 1355; baseline 0 -22"><span class='ocrx_word' id='word_1_54' title='bbox 133 1272 212 1337; x_wconf 89' lang='lat' dir='ltr'>intra</span> <span class='ocrx_word' id='word_1_55' title='bbox 234 1275 291 1337; x_wconf 91' lang='lat' dir='ltr'>doi</span> <span class='ocrx_word' id='word_1_56' title='bbox 316 1273 454 1355; x_wconf 87' lang='lat' dir='ltr'>giorni;</span> <span class='ocrx_word' id='word_1_57' title='bbox 488 1275 547 1336; x_wconf 90' lang='lat' dir='ltr'>del</span> <span class='ocrx_word' id='word_1_58' title='bbox 570 1272 664 1335; x_wconf 88' lang='lat' dir='ltr'>fasto</span> <span class='ocrx_word' id='word_1_59' title='bbox 691 1274 771 1335; x_wconf 90' lang='lat' dir='ltr'>chel</span> <span class='ocrx_word' id='word_1_60' title='bbox 795 1293 899 1335; x_wconf 86' lang='lat' dir='ltr'>mena</span> <span class='ocrx_word' id='word_1_61' title='bbox 924 1292 1002 1333; x_wconf 89' lang='lat' dir='ltr'>cum</span> <span class='ocrx_word' id='word_1_62' title='bbox 1027 1292 1109 1334; x_wconf 83' lang='lat' dir='ltr'>seco</span> <span class='ocrx_word' id='word_1_63' title='bbox 1146 1272 1191 1333; x_wconf 92' lang='lat' dir='ltr'>de</span> <span class='ocrx_word' id='word_1_64' title='bbox 1216 1270 1395 1335; x_wconf 86' lang='lat' dir='ltr'>Gentilho·</span> 
     </span>
     <span class='ocr_line' id='line_1_8' title="bbox 134 1378 1398 1460; baseline 0 -19"><span class='ocrx_word' id='word_1_65' title='bbox 134 1379 206 1443; x_wconf 89' lang='lat' dir='ltr'>mini</span> <span class='ocrx_word' id='word_1_66' title='bbox 226 1391 261 1444; x_wconf 87' lang='lat' dir='ltr'>et</span> <span class='ocrx_word' id='word_1_67' title='bbox 283 1381 336 1445; x_wconf 86' lang='lat' dir='ltr'>sei</span> <span class='ocrx_word' id='word_1_68' title='bbox 360 1380 497 1444; x_wconf 91' lang='lat' dir='ltr'>doctori</span> <span class='ocrx_word' id='word_1_69' title='bbox 522 1390 558 1443; x_wconf 87' lang='lat' dir='ltr'>et</span> <span class='ocrx_word' id='word_1_70' title='bbox 582 1381 627 1442; x_wconf 90' lang='lat' dir='ltr'>de</span> <span class='ocrx_word' id='word_1_71' title='bbox 651 1382 762 1442; x_wconf 88' lang='lat' dir='ltr'>haver</span> <span class='ocrx_word' id='word_1_72' title='bbox 781 1378 968 1460; x_wconf 89' lang='lat' dir='ltr'>predicato</span> <span class='ocrx_word' id='word_1_73' title='bbox 992 1379 1025 1441; x_wconf 95' lang='lat' dir='ltr'>in</span> <span class='ocrx_word' id='word_1_74' title='bbox 1043 1378 1219 1459; x_wconf 84' lang='lat' dir='ltr'>Erfordia,</span> <span class='ocrx_word' id='word_1_75' title='bbox 1245 1380 1337 1441; x_wconf 92' lang='lat' dir='ltr'>dove</span> <span class='ocrx_word' id='word_1_76' title='bbox 1360 1379 1398 1441; x_wconf 86' lang='lat' dir='ltr'>fu</span> 
     </span>
     <span class='ocr_line' id='line_1_9' title="bbox 133 1477 1398 1570; baseline 0.002 -23"><span class='ocrx_word' id='word_1_77' title='bbox 133 1499 271 1569; x_wconf 82' lang='lat' dir='ltr'>excepto</span> <span class='ocrx_word' id='word_1_78' title='bbox 307 1489 353 1549; x_wconf 87' lang='lat' dir='ltr'>da</span> <span class='ocrx_word' id='word_1_79' title='bbox 388 1477 501 1549; x_wconf 89' lang='lat' dir='ltr'>artisti</span> <span class='ocrx_word' id='word_1_80' title='bbox 536 1496 573 1550; x_wconf 90' lang='lat' dir='ltr'>et</span> <span class='ocrx_word' id='word_1_81' title='bbox 596 1486 715 1570; x_wconf 85' lang='lat' dir='ltr'><strong>legisti</strong></span> <span class='ocrx_word' id='word_1_82' title='bbox 744 1485 957 1566; x_wconf 89' lang='lat' dir='ltr'>honorifice,</span> <span class='ocrx_word' id='word_1_83' title='bbox 983 1505 1052 1548; x_wconf 92' lang='lat' dir='ltr'>non</span> <span class='ocrx_word' id='word_1_84' title='bbox 1077 1506 1121 1550; x_wconf 89' lang='lat' dir='ltr'>ne</span> <span class='ocrx_word' id='word_1_85' title='bbox 1146 1486 1240 1549; x_wconf 91' lang='lat' dir='ltr'>volio</span> <span class='ocrx_word' id='word_1_86' title='bbox 1265 1486 1398 1549; x_wconf 89' lang='lat' dir='ltr'>scriver</span> 
     </span>
     <span class='ocr_line' id='line_1_10' title="bbox 131 1593 1397 1676; baseline 0.002 -21"><span class='ocrx_word' id='word_1_87' title='bbox 131 1603 375 1674; x_wconf 82' lang='lat' dir='ltr'>asseveranter,</span> <span class='ocrx_word' id='word_1_88' title='bbox 398 1593 481 1676; x_wconf 89' lang='lat' dir='ltr'>quia</span> <span class='ocrx_word' id='word_1_89' title='bbox 494 1594 591 1657; x_wconf 87' lang='lat' dir='ltr'>multi</span> <span class='ocrx_word' id='word_1_90' title='bbox 605 1596 715 1657; x_wconf 88' lang='lat' dir='ltr'>multa</span> <span class='ocrx_word' id='word_1_91' title='bbox 739 1596 929 1674; x_wconf 90' lang='lat' dir='ltr'>loquuntur</span> <span class='ocrx_word' id='word_1_92' title='bbox 954 1594 1017 1655; x_wconf 88' lang='lat' dir='ltr'>sed</span> <span class='ocrx_word' id='word_1_93' title='bbox 1033 1615 1078 1657; x_wconf 92' lang='lat' dir='ltr'>ex</span> <span class='ocrx_word' id='word_1_94' title='bbox 1095 1614 1234 1657; x_wconf 90' lang='lat' dir='ltr'>rumore</span> <span class='ocrx_word' id='word_1_95' title='bbox 1252 1594 1397 1657; x_wconf 82' lang='lat' dir='ltr'>incerte.</span> 
     </span>
    </p>

    <p class='ocr_par' dir='ltr' id='par_1_4' title="bbox 124 1699 1399 3496">
     <span class='ocr_line' id='line_1_11' title="bbox 207 1699 1399 1783; baseline 0 -20"><span class='ocrx_word' id='word_1_96' title='bbox 207 1702 274 1765; x_wconf 94' lang='lat' dir='ltr'>Noi</span> <span class='ocrx_word' id='word_1_97' title='bbox 298 1702 359 1764; x_wconf 92' lang='lat' dir='ltr'>diu</span> <span class='ocrx_word' id='word_1_98' title='bbox 384 1711 562 1783; x_wconf 87' lang='lat' dir='ltr'>noctuque</span> <span class='ocrx_word' id='word_1_99' title='bbox 586 1722 663 1763; x_wconf 90' lang='lat' dir='ltr'>cum</span> <span class='ocrx_word' id='word_1_100' title='bbox 690 1701 843 1764; x_wconf 82' lang='lat' dir='ltr'>Caesare</span> <span class='ocrx_word' id='word_1_101' title='bbox 877 1712 1014 1763; x_wconf 88' lang='lat' dir='ltr'>etcum</span> <span class='ocrx_word' id='word_1_102' title='bbox 1040 1702 1073 1764; x_wconf 87' lang='lat' dir='ltr'>el</span> <span class='ocrx_word' id='word_1_103' title='bbox 1098 1699 1289 1765; x_wconf 83' lang='lat' dir='ltr'>Confessor</span> <span class='ocrx_word' id='word_1_104' title='bbox 1315 1712 1350 1765; x_wconf 89' lang='lat' dir='ltr'>et</span> <span class='ocrx_word' id='word_1_105' title='bbox 1374 1702 1399 1763; x_wconf 89' lang='lat' dir='ltr'>li</span> 
     </span>
     <span class='ocr_line' id='line_1_12' title="bbox 130 1806 1398 1889; baseline 0.003 -22"><span class='ocrx_word' id='word_1_106' title='bbox 130 1808 180 1869; x_wconf 86' lang='lat' dir='ltr'>del</span> <span class='ocrx_word' id='word_1_107' title='bbox 210 1808 366 1871; x_wconf 89' lang='lat' dir='ltr'>conselio</span> <span class='ocrx_word' id='word_1_108' title='bbox 399 1817 537 1872; x_wconf 87' lang='lat' dir='ltr'>secreto</span> <span class='ocrx_word' id='word_1_109' title='bbox 562 1807 757 1889; x_wconf 85' lang='lat' dir='ltr'>satagimus</span> <span class='ocrx_word' id='word_1_110' title='bbox 791 1808 835 1869; x_wconf 89' lang='lat' dir='ltr'>de</span> <span class='ocrx_word' id='word_1_111' title='bbox 865 1806 920 1869; x_wconf 82' lang='lat' dir='ltr'>iar</span> <span class='ocrx_word' id='word_1_112' title='bbox 950 1810 1016 1869; x_wconf 89' lang='lat' dir='ltr'>che</span> <span class='ocrx_word' id='word_1_113' title='bbox 1047 1807 1261 1871; x_wconf 69' lang='lat' dir='ltr'>l’authoritit</span> <span class='ocrx_word' id='word_1_114' title='bbox 1287 1810 1331 1871; x_wconf 87' lang='lat' dir='ltr'>de</span> <span class='ocrx_word' id='word_1_115' title='bbox 1356 1809 1398 1871; x_wconf 92' lang='lat' dir='ltr'>N.</span> 
     </span>
     <span class='ocr_line' id='line_1_13' title="bbox 130 1912 1399 1998; baseline 0.004 -24"><span class='ocrx_word' id='word_1_116' title='bbox 130 1912 160 1975; x_wconf 90' lang='lat' dir='ltr'>S.</span> <span class='ocrx_word' id='word_1_117' title='bbox 188 1915 232 1977; x_wconf 90' lang='lat' dir='ltr'>sit</span> <span class='ocrx_word' id='word_1_118' title='bbox 254 1936 395 1997; x_wconf 86' lang='lat' dir='ltr'>semper</span> <span class='ocrx_word' id='word_1_119' title='bbox 427 1918 527 1979; x_wconf 89' lang='lat' dir='ltr'>salva</span> <span class='ocrx_word' id='word_1_120' title='bbox 551 1926 588 1978; x_wconf 89' lang='lat' dir='ltr'>et</span> <span class='ocrx_word' id='word_1_121' title='bbox 611 1925 737 1998; x_wconf 86' lang='lat' dir='ltr'>questa</span> <span class='ocrx_word' id='word_1_122' title='bbox 761 1923 894 1976; x_wconf 86' lang='lat' dir='ltr'>venuta.</span> <span class='ocrx_word' id='word_1_123' title='bbox 918 1913 958 1978; x_wconf 90' lang='lat' dir='ltr'>sii</span> <span class='ocrx_word' id='word_1_124' title='bbox 983 1913 1141 1995; x_wconf 87' lang='lat' dir='ltr'>proficua</span> <span class='ocrx_word' id='word_1_125' title='bbox 1165 1917 1235 1979; x_wconf 87' lang='lat' dir='ltr'>alla</span> <span class='ocrx_word' id='word_1_126' title='bbox 1260 1916 1399 1979; x_wconf 84' lang='lat' dir='ltr'>Chiesia</span> 
     </span>
     <span class='ocr_line' id='line_1_14' title="bbox 128 2020 1398 2105; baseline 0.006 -26"><span class='ocrx_word' id='word_1_127' title='bbox 128 2020 167 2082; x_wconf 87' lang='lat' dir='ltr'>de</span> <span class='ocrx_word' id='word_1_128' title='bbox 187 2022 265 2102; x_wconf 91' lang='lat' dir='ltr'>Dio,</span> <span class='ocrx_word' id='word_1_129' title='bbox 290 2024 332 2086; x_wconf 73' lang='lat' dir='ltr'>ne</span> <span class='ocrx_word' id='word_1_130' title='bbox 357 2042 541 2085; x_wconf 88' lang='lat' dir='ltr'>mancamo</span> <span class='ocrx_word' id='word_1_131' title='bbox 566 2024 611 2085; x_wconf 86' lang='lat' dir='ltr'>de</span> <span class='ocrx_word' id='word_1_132' title='bbox 635 2022 690 2085; x_wconf 81' lang='lat' dir='ltr'>far</span> <span class='ocrx_word' id='word_1_133' title='bbox 715 2024 747 2084; x_wconf 91' lang='lat' dir='ltr'>el</span> <span class='ocrx_word' id='word_1_134' title='bbox 778 2022 914 2102; x_wconf 86' lang='lat' dir='ltr'>sforzo,</span> <span class='ocrx_word' id='word_1_135' title='bbox 948 2030 984 2083; x_wconf 88' lang='lat' dir='ltr'>et</span> <span class='ocrx_word' id='word_1_136' title='bbox 1014 2025 1083 2085; x_wconf 92' lang='lat' dir='ltr'>ben</span> <span class='ocrx_word' id='word_1_137' title='bbox 1108 2025 1286 2105; x_wconf 83' lang='lat' dir='ltr'>besogna,</span> <span class='ocrx_word' id='word_1_138' title='bbox 1320 2044 1398 2105; x_wconf 88' lang='lat' dir='ltr'>per-</span> 
     </span>
     <span class='ocr_line' id='line_1_15' title="bbox 128 2126 1399 2214; baseline 0.005 -26"><span class='ocrx_word' id='word_1_139' title='bbox 128 2129 184 2190; x_wconf 69' lang='lat' dir='ltr'>che</span> <span class='ocrx_word' id='word_1_140' title='bbox 213 2132 243 2191; x_wconf 94' lang='lat' dir='ltr'>el</span> <span class='ocrx_word' id='word_1_141' title='bbox 269 2129 415 2192; x_wconf 82' lang='lat' dir='ltr'>Saxone</span> <span class='ocrx_word' id='word_1_142' title='bbox 448 2149 513 2211; x_wconf 91' lang='lat' dir='ltr'>per</span> <span class='ocrx_word' id='word_1_143' title='bbox 547 2128 643 2191; x_wconf 88' lang='lat' dir='ltr'>mille</span> <span class='ocrx_word' id='word_1_144' title='bbox 678 2128 735 2190; x_wconf 88' lang='lat' dir='ltr'>vie</span> <span class='ocrx_word' id='word_1_145' title='bbox 776 2139 812 2191; x_wconf 90' lang='lat' dir='ltr'>et</span> <span class='ocrx_word' id='word_1_146' title='bbox 846 2128 914 2191; x_wconf 89' lang='lat' dir='ltr'>arti</span> <span class='ocrx_word' id='word_1_147' title='bbox 950 2129 1123 2211; x_wconf 79' lang='lat' dir='ltr'>(quamvis</span> <span class='ocrx_word' id='word_1_148' title='bbox 1158 2126 1262 2214; x_wconf 88' lang='lat' dir='ltr'>clam)</span> <span class='ocrx_word' id='word_1_149' title='bbox 1296 2130 1331 2193; x_wconf 86' lang='lat' dir='ltr'>fa</span> <span class='ocrx_word' id='word_1_150' title='bbox 1365 2133 1399 2194; x_wconf 89' lang='lat' dir='ltr'>el</span> 
     </span>
     <span class='ocr_line' id='line_1_16' title="bbox 127 2236 1395 2319; baseline 0.002 -20"><span class='ocrx_word' id='word_1_151' title='bbox 127 2236 249 2319; x_wconf 81' lang='lat' dir='ltr'>peggio</span> <span class='ocrx_word' id='word_1_152' title='bbox 273 2239 339 2300; x_wconf 91' lang='lat' dir='ltr'>che</span> <span class='ocrx_word' id='word_1_153' title='bbox 363 2248 449 2318; x_wconf 89' lang='lat' dir='ltr'>pote</span> <span class='ocrx_word' id='word_1_154' title='bbox 473 2247 510 2300; x_wconf 84' lang='lat' dir='ltr'>et</span> <span class='ocrx_word' id='word_1_155' title='bbox 532 2245 624 2299; x_wconf 91' lang='lat' dir='ltr'>tutto</span> <span class='ocrx_word' id='word_1_156' title='bbox 649 2238 682 2299; x_wconf 89' lang='lat' dir='ltr'>el</span> <span class='ocrx_word' id='word_1_157' title='bbox 707 2237 839 2299; x_wconf 92' lang='lat' dir='ltr'>mundo</span> <span class='ocrx_word' id='word_1_158' title='bbox 864 2238 1049 2317; x_wconf 88' lang='lat' dir='ltr'>tumultua,</span> <span class='ocrx_word' id='word_1_159' title='bbox 1073 2258 1094 2299; x_wconf 84' lang='lat' dir='ltr'>a</span> <span class='ocrx_word' id='word_1_160' title='bbox 1118 2240 1167 2299; x_wconf 91' lang='lat' dir='ltr'>tal</span> <span class='ocrx_word' id='word_1_161' title='bbox 1185 2239 1250 2300; x_wconf 90' lang='lat' dir='ltr'>che</span> <span class='ocrx_word' id='word_1_162' title='bbox 1271 2238 1295 2300; x_wconf 94' lang='lat' dir='ltr'>li</span> <span class='ocrx_word' id='word_1_163' title='bbox 1313 2240 1395 2302; x_wconf 79' lang='lat' dir='ltr'>Cae·</span> 
     </span>
     <span class='ocr_line' id='line_1_17' title="bbox 126 2342 1399 2426; baseline 0.004 -23"><span class='ocrx_word' id='word_1_164' title='bbox 126 2343 244 2407; x_wconf 91' lang='lat' dir='ltr'>sariani</span> <span class='ocrx_word' id='word_1_165' title='bbox 280 2346 487 2407; x_wconf 87' lang='lat' dir='ltr'>vorebbeno</span> <span class='ocrx_word' id='word_1_166' title='bbox 523 2345 590 2406; x_wconf 89' lang='lat' dir='ltr'>che</span> <span class='ocrx_word' id='word_1_167' title='bbox 614 2343 768 2406; x_wconf 89' lang='lat' dir='ltr'>Martino</span> <span class='ocrx_word' id='word_1_168' title='bbox 804 2364 882 2405; x_wconf 91' lang='lat' dir='ltr'>non</span> <span class='ocrx_word' id='word_1_169' title='bbox 908 2342 1005 2405; x_wconf 88' lang='lat' dir='ltr'>iusse</span> <span class='ocrx_word' id='word_1_170' title='bbox 1029 2344 1097 2407; x_wconf 90' lang='lat' dir='ltr'>mai</span> <span class='ocrx_word' id='word_1_171' title='bbox 1121 2365 1184 2425; x_wconf 89' lang='lat' dir='ltr'>per</span> <span class='ocrx_word' id='word_1_172' title='bbox 1210 2345 1327 2426; x_wconf 89' lang='lat' dir='ltr'>venir,</span> <span class='ocrx_word' id='word_1_173' title='bbox 1363 2355 1399 2408; x_wconf 89' lang='lat' dir='ltr'>et</span> 
     </span>
     <span class='ocr_line' id='line_1_18' title="bbox 127 2449 1396 2532; baseline 0.006 -25"><span class='ocrx_word' id='word_1_174' title='bbox 127 2452 255 2514; x_wconf 83' lang='lat' dir='ltr'>vedeno</span> <span class='ocrx_word' id='word_1_175' title='bbox 279 2453 345 2515; x_wconf 91' lang='lat' dir='ltr'>che</span> <span class='ocrx_word' id='word_1_176' title='bbox 368 2452 428 2514; x_wconf 92' lang='lat' dir='ltr'>noi</span> <span class='ocrx_word' id='word_1_177' title='bbox 452 2469 592 2532; x_wconf 90' lang='lat' dir='ltr'>sempre</span> <span class='ocrx_word' id='word_1_178' title='bbox 617 2449 640 2511; x_wconf 93' lang='lat' dir='ltr'>li</span> <span class='ocrx_word' id='word_1_179' title='bbox 664 2449 891 2530; x_wconf 88' lang='lat' dir='ltr'>prediceamo</span> <span class='ocrx_word' id='word_1_180' title='bbox 918 2449 942 2511; x_wconf 90' lang='lat' dir='ltr'>il</span> <span class='ocrx_word' id='word_1_181' title='bbox 967 2470 1053 2514; x_wconf 86' lang='lat' dir='ltr'>vero</span> <span class='ocrx_word' id='word_1_182' title='bbox 1079 2460 1113 2512; x_wconf 90' lang='lat' dir='ltr'>et</span> <span class='ocrx_word' id='word_1_183' title='bbox 1138 2451 1162 2513; x_wconf 91' lang='lat' dir='ltr'>il</span> <span class='ocrx_word' id='word_1_184' title='bbox 1180 2453 1310 2526; x_wconf 91' lang='lat' dir='ltr'>dever;</span> <span class='ocrx_word' id='word_1_185' title='bbox 1336 2450 1396 2515; x_wconf 88' lang='lat' dir='ltr'>Ce-</span> 
     </span>
     <span class='ocr_line' id='line_1_19' title="bbox 125 2556 1396 2639; baseline 0.005 -24"><span class='ocrx_word' id='word_1_186' title='bbox 125 2575 176 2618; x_wconf 86' lang='lat' dir='ltr'>sar</span> <span class='ocrx_word' id='word_1_187' title='bbox 198 2578 261 2639; x_wconf 87' lang='lat' dir='ltr'>par</span> <span class='ocrx_word' id='word_1_188' title='bbox 286 2560 351 2622; x_wconf 93' lang='lat' dir='ltr'>che</span> <span class='ocrx_word' id='word_1_189' title='bbox 375 2558 417 2620; x_wconf 91' lang='lat' dir='ltr'>sii</span> <span class='ocrx_word' id='word_1_190' title='bbox 442 2556 726 2621; x_wconf 87' lang='lat' dir='ltr'>constantissimo</span> <span class='ocrx_word' id='word_1_191' title='bbox 756 2566 791 2619; x_wconf 88' lang='lat' dir='ltr'>et</span> <span class='ocrx_word' id='word_1_192' title='bbox 814 2557 875 2618; x_wconf 88' lang='lat' dir='ltr'>vol</span> <span class='ocrx_word' id='word_1_193' title='bbox 899 2558 965 2619; x_wconf 90' lang='lat' dir='ltr'>che</span> <span class='ocrx_word' id='word_1_194' title='bbox 989 2557 1131 2619; x_wconf 90' lang='lat' dir='ltr'>omnino</span> <span class='ocrx_word' id='word_1_195' title='bbox 1155 2568 1315 2621; x_wconf 87' lang='lat' dir='ltr'>servetur</span> <span class='ocrx_word' id='word_1_196' title='bbox 1340 2560 1396 2621; x_wconf 92' lang='lat' dir='ltr'>de·</span> 
     </span>
     <span class='ocr_line' id='line_1_20' title="bbox 126 2664 1397 2746; baseline 0.005 -24"><span class='ocrx_word' id='word_1_197' title='bbox 126 2673 250 2726; x_wconf 88' lang='lat' dir='ltr'>cretum</span> <span class='ocrx_word' id='word_1_198' title='bbox 273 2665 431 2746; x_wconf 88' lang='lat' dir='ltr'>imperii,</span> <span class='ocrx_word' id='word_1_199' title='bbox 467 2664 547 2726; x_wconf 93' lang='lat' dir='ltr'>anci</span> <span class='ocrx_word' id='word_1_200' title='bbox 570 2686 592 2725; x_wconf 92' lang='lat' dir='ltr'>a</span> <span class='ocrx_word' id='word_1_201' title='bbox 616 2664 728 2745; x_wconf 85' lang='lat' dir='ltr'>quest’</span> <span class='ocrx_word' id='word_1_202' title='bbox 755 2683 817 2725; x_wconf 89' lang='lat' dir='ltr'>ora</span> <span class='ocrx_word' id='word_1_203' title='bbox 853 2666 911 2726; x_wconf 89' lang='lat' dir='ltr'>nel</span> <span class='ocrx_word' id='word_1_204' title='bbox 942 2664 1035 2727; x_wconf 86' lang='lat' dir='ltr'>uscir</span> <span class='ocrx_word' id='word_1_205' title='bbox 1060 2664 1095 2725; x_wconf 94' lang='lat' dir='ltr'>di</span> <span class='ocrx_word' id='word_1_206' title='bbox 1119 2684 1271 2745; x_wconf 88' lang='lat' dir='ltr'>vespero</span> <span class='ocrx_word' id='word_1_207' title='bbox 1296 2666 1327 2728; x_wconf 93' lang='lat' dir='ltr'>ci</span> <span class='ocrx_word' id='word_1_208' title='bbox 1351 2668 1397 2728; x_wconf 87' lang='lat' dir='ltr'>ha</span> 
     </span>
     <span class='ocr_line' id='line_1_21' title="bbox 126 2768 1397 2854; baseline 0.006 -26"><span class='ocrx_word' id='word_1_209' title='bbox 126 2768 216 2833; x_wconf 90' lang='lat' dir='ltr'>detto</span> <span class='ocrx_word' id='word_1_210' title='bbox 240 2773 319 2833; x_wconf 91' lang='lat' dir='ltr'>chel</span> <span class='ocrx_word' id='word_1_211' title='bbox 343 2791 450 2854; x_wconf 89' lang='lat' dir='ltr'>spera</span> <span class='ocrx_word' id='word_1_212' title='bbox 475 2771 529 2835; x_wconf 88' lang='lat' dir='ltr'>far</span> <span class='ocrx_word' id='word_1_213' title='bbox 554 2791 662 2833; x_wconf 87' lang='lat' dir='ltr'>ancor</span> <span class='ocrx_word' id='word_1_214' title='bbox 685 2769 791 2833; x_wconf 89' lang='lat' dir='ltr'>melio</span> <span class='ocrx_word' id='word_1_215' title='bbox 816 2772 882 2833; x_wconf 90' lang='lat' dir='ltr'>che</span> <span class='ocrx_word' id='word_1_216' title='bbox 897 2773 1015 2854; x_wconf 88' lang='lat' dir='ltr'>quello</span> <span class='ocrx_word' id='word_1_217' title='bbox 1040 2772 1105 2833; x_wconf 90' lang='lat' dir='ltr'>che</span> <span class='ocrx_word' id='word_1_218' title='bbox 1130 2771 1159 2852; x_wconf 78' lang='grc' dir='ltr'>ὲ,</span> <span class='ocrx_word' id='word_1_219' title='bbox 1184 2792 1284 2835; x_wconf 93' lang='lat' dir='ltr'>como</span> <span class='ocrx_word' id='word_1_220' title='bbox 1310 2774 1397 2836; x_wconf 84' lang='lat' dir='ltr'>alias</span> 
     </span>
     <span class='ocr_line' id='line_1_22' title="bbox 125 2876 1398 2954; baseline 0.005 -18"><span class='ocrx_word' id='word_1_221' title='bbox 125 2876 166 2937; x_wconf 92' lang='lat' dir='ltr'>ho</span> <span class='ocrx_word' id='word_1_222' title='bbox 190 2879 328 2954; x_wconf 90' lang='lat' dir='ltr'>scritto;</span> <span class='ocrx_word' id='word_1_223' title='bbox 357 2881 424 2942; x_wconf 88' lang='lat' dir='ltr'>che</span> <span class='ocrx_word' id='word_1_224' title='bbox 440 2901 478 2941; x_wconf 90' lang='lat' dir='ltr'>se</span> <span class='ocrx_word' id='word_1_225' title='bbox 493 2879 649 2941; x_wconf 88' lang='lat' dir='ltr'>Martino</span> <span class='ocrx_word' id='word_1_226' title='bbox 674 2899 745 2940; x_wconf 92' lang='lat' dir='ltr'>non</span> <span class='ocrx_word' id='word_1_227' title='bbox 769 2880 828 2940; x_wconf 93' lang='lat' dir='ltr'>vol</span> <span class='ocrx_word' id='word_1_228' title='bbox 854 2899 1002 2942; x_wconf 75' lang='lat' dir='ltr'>revocas</span> <span class='ocrx_word' id='word_1_229' title='bbox 1027 2879 1050 2940; x_wconf 94' lang='lat' dir='ltr'>li</span> <span class='ocrx_word' id='word_1_230' title='bbox 1075 2878 1154 2941; x_wconf 92' lang='lat' dir='ltr'>libri</span> <span class='ocrx_word' id='word_1_231' title='bbox 1180 2880 1336 2942; x_wconf 86' lang='lat' dir='ltr'>damnati</span> <span class='ocrx_word' id='word_1_232' title='bbox 1361 2891 1398 2944; x_wconf 93' lang='lat' dir='ltr'>et</span> 
     </span>
     <span class='ocr_line' id='line_1_23' title="bbox 125 2985 1395 3067; baseline 0.004 -25"><span class='ocrx_word' id='word_1_233' title='bbox 125 2985 199 3046; x_wconf 87' lang='lat' dir='ltr'>altri</span> <span class='ocrx_word' id='word_1_234' title='bbox 221 2988 286 3050; x_wconf 87' lang='lat' dir='ltr'>che</span> <span class='ocrx_word' id='word_1_235' title='bbox 309 2986 345 3049; x_wconf 92' lang='lat' dir='ltr'>in</span> <span class='ocrx_word' id='word_1_236' title='bbox 363 3007 401 3049; x_wconf 89' lang='lat' dir='ltr'>se</span> <span class='ocrx_word' id='word_1_237' title='bbox 426 2985 667 3067; x_wconf 88' lang='lat' dir='ltr'>contenghino</span> <span class='ocrx_word' id='word_1_238' title='bbox 682 2988 811 3048; x_wconf 86' lang='lat' dir='ltr'>alcuna</span> <span class='ocrx_word' id='word_1_239' title='bbox 825 3006 910 3048; x_wconf 90' lang='lat' dir='ltr'>cosa</span> <span class='ocrx_word' id='word_1_240' title='bbox 930 2995 1053 3047; x_wconf 89' lang='lat' dir='ltr'>contra</span> <span class='ocrx_word' id='word_1_241' title='bbox 1069 2985 1263 3048; x_wconf 88' lang='lat' dir='ltr'>Ecclesiam</span> <span class='ocrx_word' id='word_1_242' title='bbox 1277 2989 1395 3049; x_wconf 87' lang='lat' dir='ltr'>catho-</span> 
     </span>
     <span class='ocr_line' id='line_1_24' title="bbox 124 3087 1396 3175; baseline 0.005 -26"><span class='ocrx_word' id='word_1_243' title='bbox 124 3087 230 3171; x_wconf 85' lang='lat' dir='ltr'>licam,</span> <span class='ocrx_word' id='word_1_244' title='bbox 255 3095 363 3175; x_wconf 85' lang='lat' dir='ltr'>leges,</span> <span class='ocrx_word' id='word_1_245' title='bbox 389 3104 425 3157; x_wconf 92' lang='lat' dir='ltr'>et</span> <span class='ocrx_word' id='word_1_246' title='bbox 439 3093 529 3155; x_wconf 90' lang='lat' dir='ltr'>ritus</span> <span class='ocrx_word' id='word_1_247' title='bbox 545 3093 581 3156; x_wconf 95' lang='lat' dir='ltr'>in</span> <span class='ocrx_word' id='word_1_248' title='bbox 596 3096 688 3156; x_wconf 90' lang='lat' dir='ltr'>banc</span> <span class='ocrx_word' id='word_1_249' title='bbox 704 3113 816 3174; x_wconf 86' lang='lat' dir='ltr'>usque</span> <span class='ocrx_word' id='word_1_250' title='bbox 834 3093 927 3156; x_wconf 86' lang='lat' dir='ltr'>diem</span> <span class='ocrx_word' id='word_1_251' title='bbox 944 3095 1163 3172; x_wconf 87' lang='lat' dir='ltr'>observatos,</span> <span class='ocrx_word' id='word_1_252' title='bbox 1190 3095 1254 3155; x_wconf 89' lang='lat' dir='ltr'>che</span> <span class='ocrx_word' id='word_1_253' title='bbox 1275 3094 1298 3154; x_wconf 90' lang='lat' dir='ltr'>li</span> <span class='ocrx_word' id='word_1_254' title='bbox 1316 3093 1396 3155; x_wconf 90' lang='lat' dir='ltr'>libri</span> 
     </span>
     <span class='ocr_line' id='line_1_25' title="bbox 124 3199 1394 3281; baseline 0.006 -25"><span class='ocrx_word' id='word_1_255' title='bbox 124 3215 159 3258; x_wconf 90' lang='lat' dir='ltr'>se</span> <span class='ocrx_word' id='word_1_256' title='bbox 175 3200 369 3279; x_wconf 89' lang='lat' dir='ltr'>abruscin0‚</span> <span class='ocrx_word' id='word_1_257' title='bbox 384 3209 419 3262; x_wconf 86' lang='lat' dir='ltr'>et</span> <span class='ocrx_word' id='word_1_258' title='bbox 434 3199 589 3263; x_wconf 91' lang='lat' dir='ltr'>Martino</span> <span class='ocrx_word' id='word_1_259' title='bbox 604 3199 729 3280; x_wconf 84' lang='lat' dir='ltr'>vigore</span> <span class='ocrx_word' id='word_1_260' title='bbox 742 3199 1029 3263; x_wconf 88' lang='lat' dir='ltr'>salviconductus</span> <span class='ocrx_word' id='word_1_261' title='bbox 1045 3201 1169 3263; x_wconf 89' lang='lat' dir='ltr'>redeat</span> <span class='ocrx_word' id='word_1_262' title='bbox 1182 3200 1322 3281; x_wconf 89' lang='lat' dir='ltr'>quidem</span> <span class='ocrx_word' id='word_1_263' title='bbox 1336 3204 1394 3263; x_wconf 89' lang='lat' dir='ltr'>do·</span> 
     </span>
     <span class='ocr_line' id='line_1_26' title="bbox 125 3305 1396 3389; baseline 0.005 -25"><span class='ocrx_word' id='word_1_264' title='bbox 125 3323 220 3386; x_wconf 89' lang='lat' dir='ltr'>mum,</span> <span class='ocrx_word' id='word_1_265' title='bbox 234 3309 296 3370; x_wconf 84' lang='lat' dir='ltr'>sed</span> <span class='ocrx_word' id='word_1_266' title='bbox 306 3310 457 3389; x_wconf 88' lang='lat' dir='ltr'>posthac</span> <span class='ocrx_word' id='word_1_267' title='bbox 468 3309 642 3370; x_wconf 89' lang='lat' dir='ltr'>habeatur</span> <span class='ocrx_word' id='word_1_268' title='bbox 653 3318 692 3369; x_wconf 93' lang='lat' dir='ltr'>ut</span> <span class='ocrx_word' id='word_1_269' title='bbox 704 3305 904 3370; x_wconf 88' lang='lat' dir='ltr'>haereticus</span> <span class='ocrx_word' id='word_1_270' title='bbox 917 3306 952 3369; x_wconf 94' lang='lat' dir='ltr'>in</span> <span class='ocrx_word' id='word_1_271' title='bbox 966 3327 1070 3388; x_wconf 89' lang='lat' dir='ltr'>quem</span> <span class='ocrx_word' id='word_1_272' title='bbox 1083 3327 1205 3369; x_wconf 90' lang='lat' dir='ltr'>omnes</span> <span class='ocrx_word' id='word_1_273' title='bbox 1216 3307 1396 3388; x_wconf 83' lang='lat' dir='ltr'>principes</span> 
     </span>
     <span class='ocr_line' id='line_1_27' title="bbox 124 3411 1394 3496; baseline 0.006 -26"><span class='ocrx_word' id='word_1_274' title='bbox 124 3421 157 3472; x_wconf 91' lang='lat' dir='ltr'>et</span> <span class='ocrx_word' id='word_1_275' title='bbox 167 3413 287 3495; x_wconf 90' lang='lat' dir='ltr'>populi</span> <span class='ocrx_word' id='word_1_276' title='bbox 299 3415 495 3496; x_wconf 83' lang='lat' dir='ltr'>insurgant.</span> <span class='ocrx_word' id='word_1_277' title='bbox 514 3416 543 3477; x_wconf 93' lang='lat' dir='ltr'>Il</span> <span class='ocrx_word' id='word_1_278' title='bbox 555 3417 620 3477; x_wconf 85' lang='lat' dir='ltr'>che</span> <span class='ocrx_word' id='word_1_279' title='bbox 631 3435 697 3496; x_wconf 94' lang='lat' dir='ltr'>pur</span> <span class='ocrx_word' id='word_1_280' title='bbox 711 3415 776 3478; x_wconf 88' lang='lat' dir='ltr'>che</span> <span class='ocrx_word' id='word_1_281' title='bbox 785 3411 924 3494; x_wconf 83' lang='lat' dir='ltr'>sisacci,</span> <span class='ocrx_word' id='word_1_282' title='bbox 937 3415 970 3476; x_wconf 90' lang='lat' dir='ltr'>le</span> <span class='ocrx_word' id='word_1_283' title='bbox 981 3431 1063 3476; x_wconf 88' lang='lat' dir='ltr'>cose</span> <span class='ocrx_word' id='word_1_284' title='bbox 1075 3415 1279 3476; x_wconf 81' lang='lat' dir='ltr'>auderanno</span> <span class='ocrx_word' id='word_1_285' title='bbox 1292 3417 1394 3478; x_wconf 89' lang='lat' dir='ltr'>bene.</span> 
     </span>
    </p>

    <p class='ocr_par' dir='ltr' id='par_1_5' title="bbox 123 3518 1395 4887">
     <span class='ocr_line' id='line_1_28' title="bbox 208 3518 1392 3604; baseline 0.001 -21"><span class='ocrx_word' id='word_1_286' title='bbox 208 3521 367 3585; x_wconf 90' lang='lat' dir='ltr'>Havemo</span> <span class='ocrx_word' id='word_1_287' title='bbox 391 3522 482 3587; x_wconf 83' lang='lat' dir='ltr'>fatto</span> <span class='ocrx_word' id='word_1_288' title='bbox 506 3521 673 3584; x_wconf 90' lang='lat' dir='ltr'>instantia</span> <span class='ocrx_word' id='word_1_289' title='bbox 696 3523 741 3584; x_wconf 91' lang='lat' dir='ltr'>ad</span> <span class='ocrx_word' id='word_1_290' title='bbox 767 3518 898 3584; x_wconf 85' lang='lat' dir='ltr'>Caesar</span> <span class='ocrx_word' id='word_1_291' title='bbox 923 3522 988 3583; x_wconf 89' lang='lat' dir='ltr'>che</span> <span class='ocrx_word' id='word_1_292' title='bbox 1013 3541 1059 3583; x_wconf 84' lang='lat' dir='ltr'>ex</span> <span class='ocrx_word' id='word_1_293' title='bbox 1083 3541 1152 3603; x_wconf 92' lang='lat' dir='ltr'>quo</span> <span class='ocrx_word' id='word_1_294' title='bbox 1186 3522 1293 3604; x_wconf 88' lang='lat' dir='ltr'>quelli</span> <span class='ocrx_word' id='word_1_295' title='bbox 1318 3522 1392 3585; x_wconf 89' lang='lat' dir='ltr'>dot·</span> 
     </span>
     <span class='ocr_line' id='line_1_29' title="bbox 125 3626 1394 3692; baseline 0.005 -7"><span class='ocrx_word' id='word_1_296' title='bbox 125 3626 189 3688; x_wconf 88' lang='lat' dir='ltr'>tori</span> <span class='ocrx_word' id='word_1_297' title='bbox 210 3630 273 3690; x_wconf 89' lang='lat' dir='ltr'>che</span> <span class='ocrx_word' id='word_1_298' title='bbox 296 3629 450 3692; x_wconf 88' lang='lat' dir='ltr'>vieneno</span> <span class='ocrx_word' id='word_1_299' title='bbox 475 3649 554 3691; x_wconf 91' lang='lat' dir='ltr'>cum</span> <span class='ocrx_word' id='word_1_300' title='bbox 575 3629 706 3691; x_wconf 88' lang='lat' dir='ltr'>Luther</span> <span class='ocrx_word' id='word_1_301' title='bbox 731 3649 819 3691; x_wconf 89' lang='lat' dir='ltr'>sono</span> <span class='ocrx_word' id='word_1_302' title='bbox 845 3627 1139 3691; x_wconf 84' lang='lat' dir='ltr'>excommunicati</span> <span class='ocrx_word' id='word_1_303' title='bbox 1163 3636 1199 3690; x_wconf 88' lang='lat' dir='ltr'>et</span> <span class='ocrx_word' id='word_1_304' title='bbox 1222 3627 1394 3691; x_wconf 88' lang='lat' dir='ltr'>interditti</span> 
     </span>
     <span class='ocr_line' id='line_1_30' title="bbox 123 3734 1393 3816; baseline 0.003 -22"><span class='ocrx_word' id='word_1_305' title='bbox 123 3750 185 3811; x_wconf 89' lang='lat' dir='ltr'>per</span> <span class='ocrx_word' id='word_1_306' title='bbox 207 3756 300 3800; x_wconf 87' lang='lat' dir='ltr'>esser</span> <span class='ocrx_word' id='word_1_307' title='bbox 324 3736 403 3798; x_wconf 90' lang='lat' dir='ltr'>suoi</span> <span class='ocrx_word' id='word_1_308' title='bbox 426 3734 556 3799; x_wconf 84' lang='lat' dir='ltr'>fautori</span> <span class='ocrx_word' id='word_1_309' title='bbox 579 3744 614 3796; x_wconf 91' lang='lat' dir='ltr'>et</span> <span class='ocrx_word' id='word_1_310' title='bbox 639 3734 802 3816; x_wconf 89' lang='lat' dir='ltr'>complici</span> <span class='ocrx_word' id='word_1_311' title='bbox 824 3744 859 3798; x_wconf 87' lang='lat' dir='ltr'>et</span> <span class='ocrx_word' id='word_1_312' title='bbox 876 3755 946 3797; x_wconf 90' lang='lat' dir='ltr'>non</span> <span class='ocrx_word' id='word_1_313' title='bbox 962 3737 1081 3798; x_wconf 87' lang='lat' dir='ltr'>hanno</span> <span class='ocrx_word' id='word_1_314' title='bbox 1097 3736 1196 3798; x_wconf 90' lang='lat' dir='ltr'>salvo</span> <span class='ocrx_word' id='word_1_315' title='bbox 1213 3737 1393 3816; x_wconf 86' lang='lat' dir='ltr'>condott0,</span> 
     </span>
     <span class='ocr_line' id='line_1_31' title="bbox 125 3841 1393 3918; baseline 0.004 -17"><span class='ocrx_word' id='word_1_316' title='bbox 125 3841 228 3918; x_wconf 84' lang='lat' dir='ltr'>perhb</span> <span class='ocrx_word' id='word_1_317' title='bbox 252 3863 321 3906; x_wconf 89' lang='lat' dir='ltr'>non</span> <span class='ocrx_word' id='word_1_318' title='bbox 347 3843 376 3905; x_wconf 93' lang='lat' dir='ltr'>si</span> <span class='ocrx_word' id='word_1_319' title='bbox 401 3843 531 3907; x_wconf 90' lang='lat' dir='ltr'>lassino</span> <span class='ocrx_word' id='word_1_320' title='bbox 548 3842 660 3904; x_wconf 88' lang='lat' dir='ltr'>intrar</span> <span class='ocrx_word' id='word_1_321' title='bbox 684 3843 718 3905; x_wconf 90' lang='lat' dir='ltr'>in</span> <span class='ocrx_word' id='word_1_322' title='bbox 745 3844 779 3906; x_wconf 86' lang='lat' dir='ltr'>la</span> <span class='ocrx_word' id='word_1_323' title='bbox 803 3852 914 3916; x_wconf 86' lang='lat' dir='ltr'>terra;</span> <span class='ocrx_word' id='word_1_324' title='bbox 941 3843 1071 3906; x_wconf 88' lang='lat' dir='ltr'>Caesar</span> <span class='ocrx_word' id='word_1_325' title='bbox 1087 3843 1178 3904; x_wconf 87' lang='lat' dir='ltr'>intra</span> <span class='ocrx_word' id='word_1_326' title='bbox 1194 3843 1285 3904; x_wconf 85' lang='lat' dir='ltr'>assai</span> <span class='ocrx_word' id='word_1_327' title='bbox 1301 3845 1393 3906; x_wconf 85' lang='lat' dir='ltr'>bene</span> 
     </span>
     <span class='ocr_line' id='line_1_32' title="bbox 126 3943 1393 4042; baseline 0.006 -37"><span class='ocrx_word' id='word_1_328' title='bbox 126 3943 160 4007; x_wconf 91' lang='lat' dir='ltr'>in</span> <span class='ocrx_word' id='word_1_329' title='bbox 182 3950 213 4010; x_wconf 90' lang='lat' dir='ltr'>la</span> <span class='ocrx_word' id='word_1_330' title='bbox 234 3949 379 4031; x_wconf 91' lang='lat' dir='ltr'>opinion</span> <span class='ocrx_word' id='word_1_331' title='bbox 414 3959 551 4028; x_wconf 88' lang='lat' dir='ltr'>nostra,</span> <span class='ocrx_word' id='word_1_332' title='bbox 585 3970 643 4010; x_wconf 87' lang='lat' dir='ltr'>ma</span> <span class='ocrx_word' id='word_1_333' title='bbox 667 3949 745 4012; x_wconf 92' lang='lat' dir='ltr'>dice</span> <span class='ocrx_word' id='word_1_334' title='bbox 761 3951 869 4013; x_wconf 74' lang='lat' dir='ltr'>,voler</span> <span class='ocrx_word' id='word_1_335' title='bbox 893 3951 1072 4012; x_wconf 89' lang='lat' dir='ltr'>consultar</span> <span class='ocrx_word' id='word_1_336' title='bbox 1096 3969 1174 4011; x_wconf 92' lang='lat' dir='ltr'>cum</span> <span class='ocrx_word' id='word_1_337' title='bbox 1199 3949 1223 4011; x_wconf 92' lang='lat' dir='ltr'>li</span> <span class='ocrx_word' id='word_1_338' title='bbox 1248 3949 1393 4042; x_wconf 79' lang='lat' dir='ltr'>electori</span> 
     </span>
     <span class='ocr_line' id='line_1_33' title="bbox 126 4055 1393 4138; baseline 0 -20"><span class='ocrx_word' id='word_1_339' title='bbox 126 4063 161 4112; x_wconf 90' lang='lat' dir='ltr'>et</span> <span class='ocrx_word' id='word_1_340' title='bbox 191 4057 243 4119; x_wconf 89' lang='lat' dir='ltr'>del</span> <span class='ocrx_word' id='word_1_341' title='bbox 278 4066 371 4119; x_wconf 91' lang='lat' dir='ltr'>tutto</span> <span class='ocrx_word' id='word_1_342' title='bbox 396 4058 459 4119; x_wconf 88' lang='lat' dir='ltr'>dar</span> <span class='ocrx_word' id='word_1_343' title='bbox 484 4058 579 4119; x_wconf 87' lang='lat' dir='ltr'>buon</span> <span class='ocrx_word' id='word_1_344' title='bbox 605 4056 746 4138; x_wconf 80' lang='lat' dir='ltr'>ordine,</span> <span class='ocrx_word' id='word_1_345' title='bbox 775 4059 841 4120; x_wconf 89' lang='lat' dir='ltr'>che</span> <span class='ocrx_word' id='word_1_346' title='bbox 866 4057 935 4120; x_wconf 92' lang='lat' dir='ltr'>Dio</span> <span class='ocrx_word' id='word_1_347' title='bbox 960 4067 996 4120; x_wconf 88' lang='lat' dir='ltr'>et</span> <span class='ocrx_word' id='word_1_348' title='bbox 1019 4057 1059 4120; x_wconf 90' lang='lat' dir='ltr'>N.</span> <span class='ocrx_word' id='word_1_349' title='bbox 1085 4055 1121 4120; x_wconf 92' lang='lat' dir='ltr'>S.</span> <span class='ocrx_word' id='word_1_350' title='bbox 1148 4076 1300 4118; x_wconf 85' lang='lat' dir='ltr'>saranno</span> <span class='ocrx_word' id='word_1_351' title='bbox 1325 4059 1393 4119; x_wconf 89' lang='lat' dir='ltr'>ben</span> 
     </span>
     <span class='ocr_line' id='line_1_34' title="bbox 126 4162 1393 4245; baseline 0.005 -25"><span class='ocrx_word' id='word_1_352' title='bbox 126 4163 288 4238; x_wconf 86' lang='lat' dir='ltr'>contenti;</span> <span class='ocrx_word' id='word_1_353' title='bbox 318 4163 343 4225; x_wconf 94' lang='lat' dir='ltr'>il</span> <span class='ocrx_word' id='word_1_354' title='bbox 377 4165 442 4226; x_wconf 90' lang='lat' dir='ltr'>che</span> <span class='ocrx_word' id='word_1_355' title='bbox 474 4164 582 4226; x_wconf 87' lang='lat' dir='ltr'>credo</span> <span class='ocrx_word' id='word_1_356' title='bbox 608 4165 673 4225; x_wconf 86' lang='lat' dir='ltr'>che</span> <span class='ocrx_word' id='word_1_357' title='bbox 698 4162 779 4226; x_wconf 72' lang='lat' dir='ltr'>sara</span> <span class='ocrx_word' id='word_1_358' title='bbox 801 4185 840 4226; x_wconf 86' lang='lat' dir='ltr'>se</span> <span class='ocrx_word' id='word_1_359' title='bbox 864 4184 931 4245; x_wconf 89' lang='lat' dir='ltr'>pur</span> <span class='ocrx_word' id='word_1_360' title='bbox 955 4164 1004 4226; x_wconf 94' lang='lat' dir='ltr'>lui</span> <span class='ocrx_word' id='word_1_361' title='bbox 1029 4183 1138 4245; x_wconf 87' lang='lat' dir='ltr'>segue</span> <span class='ocrx_word' id='word_1_362' title='bbox 1161 4162 1187 4225; x_wconf 89' lang='lat' dir='ltr'>il</span> <span class='ocrx_word' id='word_1_363' title='bbox 1211 4184 1273 4225; x_wconf 91' lang='lat' dir='ltr'>suo</span> <span class='ocrx_word' id='word_1_364' title='bbox 1298 4167 1393 4226; x_wconf 90' lang='lat' dir='ltr'>buon</span> 
     </span>
     <span class='ocr_line' id='line_1_35' title="bbox 127 4269 1393 4352; baseline 0.005 -26"><span class='ocrx_word' id='word_1_365' title='bbox 127 4285 221 4330; x_wconf 87' lang='lat' dir='ltr'>senso</span> <span class='ocrx_word' id='word_1_366' title='bbox 245 4279 280 4333; x_wconf 86' lang='lat' dir='ltr'>et</span> <span class='ocrx_word' id='word_1_367' title='bbox 304 4290 375 4333; x_wconf 92' lang='lat' dir='ltr'>non</span> <span class='ocrx_word' id='word_1_368' title='bbox 401 4271 445 4332; x_wconf 90' lang='lat' dir='ltr'>de</span> <span class='ocrx_word' id='word_1_369' title='bbox 469 4271 587 4332; x_wconf 89' lang='lat' dir='ltr'>alcuni</span> <span class='ocrx_word' id='word_1_370' title='bbox 610 4269 697 4351; x_wconf 91' lang='lat' dir='ltr'>suoi,</span> <span class='ocrx_word' id='word_1_371' title='bbox 722 4271 746 4335; x_wconf 93' lang='lat' dir='ltr'>li</span> <span class='ocrx_word' id='word_1_372' title='bbox 772 4270 866 4352; x_wconf 90' lang='lat' dir='ltr'>quali</span> <span class='ocrx_word' id='word_1_373' title='bbox 890 4272 1008 4334; x_wconf 88' lang='lat' dir='ltr'>hanno</span> <span class='ocrx_word' id='word_1_374' title='bbox 1033 4271 1093 4352; x_wconf 77' lang='lat' dir='ltr'>pili</span> <span class='ocrx_word' id='word_1_375' title='bbox 1118 4280 1275 4352; x_wconf 87' lang='lat' dir='ltr'>respetto</span> <span class='ocrx_word' id='word_1_376' title='bbox 1301 4272 1345 4332; x_wconf 89' lang='lat' dir='ltr'>de</span> <span class='ocrx_word' id='word_1_377' title='bbox 1369 4271 1393 4333; x_wconf 96' lang='lat' dir='ltr'>li</span> 
     </span>
     <span class='ocr_line' id='line_1_36' title="bbox 127 4373 1395 4441; baseline 0.006 -8"><span class='ocrx_word' id='word_1_378' title='bbox 127 4373 248 4438; x_wconf 88' lang='lat' dir='ltr'>homini</span> <span class='ocrx_word' id='word_1_379' title='bbox 272 4378 338 4441; x_wconf 91' lang='lat' dir='ltr'>che</span> <span class='ocrx_word' id='word_1_380' title='bbox 356 4377 400 4439; x_wconf 91' lang='lat' dir='ltr'>de</span> <span class='ocrx_word' id='word_1_381' title='bbox 413 4375 483 4439; x_wconf 92' lang='lat' dir='ltr'>Dio</span> <span class='ocrx_word' id='word_1_382' title='bbox 508 4386 543 4439; x_wconf 90' lang='lat' dir='ltr'>et</span> <span class='ocrx_word' id='word_1_383' title='bbox 568 4378 626 4440; x_wconf 86' lang='lat' dir='ltr'>del</span> <span class='ocrx_word' id='word_1_384' title='bbox 641 4398 706 4440; x_wconf 92' lang='lat' dir='ltr'>suo</span> <span class='ocrx_word' id='word_1_385' title='bbox 719 4377 875 4440; x_wconf 88' lang='lat' dir='ltr'>Vicario.</span> <span class='ocrx_word' id='word_1_386' title='bbox 923 4379 968 4440; x_wconf 87' lang='lat' dir='ltr'>Et</span> <span class='ocrx_word' id='word_1_387' title='bbox 982 4377 1051 4440; x_wconf 92' lang='lat' dir='ltr'>Dio</span> <span class='ocrx_word' id='word_1_388' title='bbox 1077 4399 1122 4439; x_wconf 92' lang='lat' dir='ltr'>un</span> <span class='ocrx_word' id='word_1_389' title='bbox 1147 4380 1181 4439; x_wconf 89' lang='lat' dir='ltr'>dl</span> <span class='ocrx_word' id='word_1_390' title='bbox 1197 4377 1395 4440; x_wconf 73' lang='lat' dir='ltr'>monstrarit</span> 
     </span>
     <span class='ocr_line' id='line_1_37' title="bbox 128 4478 1394 4566; baseline 0.008 -29"><span class='ocrx_word' id='word_1_391' title='bbox 128 4478 196 4542; x_wconf 89' lang='lat' dir='ltr'>loro</span> <span class='ocrx_word' id='word_1_392' title='bbox 227 4485 291 4547; x_wconf 89' lang='lat' dir='ltr'>che</span> <span class='ocrx_word' id='word_1_393' title='bbox 316 4482 377 4566; x_wconf 83' lang='lat' dir='ltr'>piu</span> <span class='ocrx_word' id='word_1_394' title='bbox 401 4492 486 4564; x_wconf 88' lang='lat' dir='ltr'>pote</span> <span class='ocrx_word' id='word_1_395' title='bbox 511 4484 577 4546; x_wconf 89' lang='lat' dir='ltr'>che</span> <span class='ocrx_word' id='word_1_396' title='bbox 600 4483 625 4546; x_wconf 91' lang='lat' dir='ltr'>li</span> <span class='ocrx_word' id='word_1_397' title='bbox 648 4483 799 4565; x_wconf 90' lang='lat' dir='ltr'>homini,</span> <span class='ocrx_word' id='word_1_398' title='bbox 829 4485 865 4547; x_wconf 92' lang='lat' dir='ltr'>in</span> <span class='ocrx_word' id='word_1_399' title='bbox 890 4485 986 4566; x_wconf 87' lang='lat' dir='ltr'>quali</span> <span class='ocrx_word' id='word_1_400' title='bbox 1010 4494 1177 4565; x_wconf 89' lang='lat' dir='ltr'>questoro</span> <span class='ocrx_word' id='word_1_401' title='bbox 1202 4505 1241 4546; x_wconf 88' lang='lat' dir='ltr'>se</span> <span class='ocrx_word' id='word_1_402' title='bbox 1264 4483 1394 4547; x_wconf 86' lang='lat' dir='ltr'>fidano.</span> 
     </span>
     <span class='ocr_line' id='line_1_38' title="bbox 129 4583 1395 4674; baseline 0.004 -25"><span class='ocrx_word' id='word_1_403' title='bbox 129 4583 158 4644; x_wconf 92' lang='lat' dir='ltr'>ll</span> <span class='ocrx_word' id='word_1_404' title='bbox 179 4591 236 4652; x_wconf 92' lang='lat' dir='ltr'>che</span> <span class='ocrx_word' id='word_1_405' title='bbox 259 4590 705 4671; x_wconf 70' lang='lat' dir='ltr'>ancorcheapertamente</span> <span class='ocrx_word' id='word_1_406' title='bbox 729 4591 753 4653; x_wconf 93' lang='lat' dir='ltr'>li</span> <span class='ocrx_word' id='word_1_407' title='bbox 778 4591 929 4654; x_wconf 90' lang='lat' dir='ltr'>diciamo</span> <span class='ocrx_word' id='word_1_408' title='bbox 955 4600 991 4654; x_wconf 88' lang='lat' dir='ltr'>et</span> <span class='ocrx_word' id='word_1_409' title='bbox 1019 4591 1307 4654; x_wconf 88' lang='lat' dir='ltr'>demonstramoli</span> <span class='ocrx_word' id='word_1_410' title='bbox 1330 4611 1395 4674; x_wconf 86' lang='lat' dir='ltr'>per</span> 
     </span>
     <span class='ocr_line' id='line_1_39' title="bbox 131 4691 1395 4780; baseline 0.006 -28"><span class='ocrx_word' id='word_1_411' title='bbox 131 4691 214 4758; x_wconf 88' lang='lat' dir='ltr'>mille</span> <span class='ocrx_word' id='word_1_412' title='bbox 236 4696 374 4779; x_wconf 77' lang='lat' dir='ltr'>regioni</span> <span class='ocrx_word' id='word_1_413' title='bbox 398 4697 420 4759; x_wconf 93' lang='lat' dir='ltr'>l&#39;</span> <span class='ocrx_word' id='word_1_414' title='bbox 436 4717 535 4760; x_wconf 88' lang='lat' dir='ltr'>error</span> <span class='ocrx_word' id='word_1_415' title='bbox 558 4699 635 4761; x_wconf 92' lang='lat' dir='ltr'>loro</span> <span class='ocrx_word' id='word_1_416' title='bbox 659 4707 759 4760; x_wconf 87' lang='lat' dir='ltr'>tanto</span> <span class='ocrx_word' id='word_1_417' title='bbox 784 4719 944 4780; x_wconf 86' lang='lat' dir='ltr'>enorme,</span> <span class='ocrx_word' id='word_1_418' title='bbox 969 4699 1049 4761; x_wconf 86' lang='lat' dir='ltr'>anci</span> <span class='ocrx_word' id='word_1_419' title='bbox 1073 4698 1097 4760; x_wconf 94' lang='lat' dir='ltr'>li</span> <span class='ocrx_word' id='word_1_420' title='bbox 1128 4698 1346 4780; x_wconf 81' lang='lat' dir='ltr'>prodiciamo</span> <span class='ocrx_word' id='word_1_421' title='bbox 1370 4697 1395 4761; x_wconf 92' lang='lat' dir='ltr'>li</span> 
     </span>
     <span class='ocr_line' id='line_1_40' title="bbox 131 4804 1393 4887; baseline 0.006 -28"><span class='ocrx_word' id='word_1_422' title='bbox 131 4804 276 4867; x_wconf 87' lang='lat' dir='ltr'>scandali</span> <span class='ocrx_word' id='word_1_423' title='bbox 310 4815 346 4867; x_wconf 91' lang='lat' dir='ltr'>et</span> <span class='ocrx_word' id='word_1_424' title='bbox 381 4805 489 4866; x_wconf 84' lang='lat' dir='ltr'>dauni</span> <span class='ocrx_word' id='word_1_425' title='bbox 522 4806 588 4868; x_wconf 87' lang='lat' dir='ltr'>che</span> <span class='ocrx_word' id='word_1_426' title='bbox 612 4806 816 4887; x_wconf 90' lang='lat' dir='ltr'>procedeno</span> <span class='ocrx_word' id='word_1_427' title='bbox 841 4808 887 4868; x_wconf 87' lang='lat' dir='ltr'>da</span> <span class='ocrx_word' id='word_1_428' title='bbox 912 4815 1037 4887; x_wconf 83' lang='lat' dir='ltr'>questa</span> <span class='ocrx_word' id='word_1_429' title='bbox 1061 4807 1136 4868; x_wconf 92' lang='lat' dir='ltr'>loro</span> <span class='ocrx_word' id='word_1_430' title='bbox 1162 4826 1182 4868; x_wconf 95' lang='lat' dir='ltr'>o</span> <span class='ocrx_word' id='word_1_431' title='bbox 1207 4826 1336 4886; x_wconf 89' lang='lat' dir='ltr'>paura,</span> <span class='ocrx_word' id='word_1_432' title='bbox 1373 4825 1393 4867; x_wconf 95' lang='lat' dir='ltr'>o</span> 
     </span>
    </p>
   </div>
   <div class='ocr_carea' id='block_1_3' title="bbox 130 4908 1394 5086">
    <p class='ocr_par' dir='ltr' id='par_1_6' title="bbox 130 4908 1394 5086">
     <span class='ocr_line' id='line_1_41' title="bbox 130 4908 1394 4994; baseline 0.004 -24"><span class='ocrx_word' id='word_1_433' title='bbox 130 4908 346 4992; x_wconf 78' lang='lat' dir='ltr'>negligentia,</span> <span class='ocrx_word' id='word_1_434' title='bbox 372 4932 393 4974; x_wconf 92' lang='lat' dir='ltr'>o</span> <span class='ocrx_word' id='word_1_435' title='bbox 418 4910 613 4994; x_wconf 73' lang='lat' dir='ltr'>malignita,</span> <span class='ocrx_word' id='word_1_436' title='bbox 638 4911 704 4974; x_wconf 91' lang='lat' dir='ltr'>mai</span> <span class='ocrx_word' id='word_1_437' title='bbox 730 4912 908 4994; x_wconf 88' lang='lat' dir='ltr'>possiamo</span> <span class='ocrx_word' id='word_1_438' title='bbox 933 4914 1018 4976; x_wconf 85' lang='lat' dir='ltr'>tirar</span> <span class='ocrx_word' id='word_1_439' title='bbox 1043 4912 1088 4974; x_wconf 91' lang='lat' dir='ltr'>da</span> <span class='ocrx_word' id='word_1_440' title='bbox 1112 4913 1189 4974; x_wconf 92' lang='lat' dir='ltr'>loro</span> <span class='ocrx_word' id='word_1_441' title='bbox 1213 4914 1303 4975; x_wconf 88' lang='lat' dir='ltr'>altro</span> <span class='ocrx_word' id='word_1_442' title='bbox 1328 4914 1394 4975; x_wconf 87' lang='lat' dir='ltr'>che</span> 
     </span>
     <span class='ocr_line' id='line_1_42' title="bbox 160 5019 1250 5086; baseline 0.006 -12"><span class='ocrx_word' id='word_1_443' title='bbox 160 5030 228 5086; x_wconf 68' lang='lat' dir='ltr'>Bnln,</span> <span class='ocrx_word' id='word_1_444' title='bbox 238 5037 378 5078; x_wconf 74' lang='lat' dir='ltr'>Documenta</span> <span class='ocrx_word' id='word_1_445' title='bbox 388 5037 526 5078; x_wconf 68' lang='lat' dir='ltr'>barbanus„</span> <span class='ocrx_word' id='word_1_446' title='bbox 1220 5019 1250 5072; x_wconf 77' lang='lat' dir='ltr'>ll</span> 
     </span>
    </p>
   </div>
   <div class='ocr_carea' id='block_1_4' title="bbox 0 0 1718 5700">
    <p class='ocr_par' dir='ltr' id='par_1_7' title="bbox 0 0 1718 5700">
     <span class='ocr_line' id='line_1_43' title="bbox 0 0 1718 5700; baseline 0 1"><span class='ocrx_word' id='word_1_447' title='bbox 0 0 1718 5700; x_wconf 95' lang='lat' dir='ltr'> </span> 
     </span>
    </p>
   </div>
  </div>
 </body>
</html>
