3425 5700
846 530 1074 586 04380&

318 673 454 758 figliolo
491 695 601 759 segue
637 675 784 758 egregie
819 679 852 739 el
885 678 1012 757 padre:
1068 674 1238 740 Similiter
1272 686 1308 738 et
1338 677 1440 740 Duca
1471 677 1599 756 Joanni

318 783 460 846 fratello
493 785 551 846 del
581 783 684 845 Duca
707 780 852 846 Saxone
877 783 1015 846 Elettor
1046 783 1205 865 sequitur
1236 783 1395 858 fratrem3
1442 785 1485 847 El
1508 785 1600 847 Mar-

319 892 425 953 chese
440 889 611 969 Joacchin
636 892 764 953 elettor
787 889 930 954 fratello
956 893 1014 952 del
1030 891 1255 972 Moguntin0,
1280 900 1409 973 potens
1432 902 1468 956 et
1491 913 1601 974 opere

320 1007 356 1060 et
379 1017 542 1060 sermone
566 997 585 1060 ὲ
609 1006 700 1059 tutto
725 1007 847 1061 nostro
872 1001 906 1060 al
931 1007 1103 1079 extremo,
1128 999 1174 1060 ad
1199 1000 1271 1061 tale
1295 999 1361 1061 che
1386 1001 1486 1081 quasi
1510 1020 1602 1061 vene

319 1105 354 1166 in
379 1106 414 1168 la
438 1106 512 1168 sala
536 1105 607 1166 alla
631 1103 855 1167 diffidatione
883 1105 941 1166 del
965 1102 1120 1167 Saxone.

409 1211 479 1275 Per
502 1232 588 1274 vero
612 1211 672 1293 qui
697 1232 734 1274 se
760 1211 838 1274 dice
863 1215 931 1275 che
954 1211 988 1275 in
1014 1232 1098 1275 casa
1122 1215 1182 1274 del
1206 1214 1309 1276 Duca
1339 1214 1374 1274 di
1400 1212 1602 1276 Saxoniae

320 1339 390 1382 una
418 1319 550 1401 pittura
583 1319 675 1381 dove
700 1319 834 1380 Luther
863 1318 1026 1399 davanti,
1058 1330 1093 1382 et
1117 1319 1252 1383 Hutten
1277 1341 1299 1382 a
1322 1331 1426 1402 tergo
1449 1331 1602 1401 portano

320 1447 390 1488 una
414 1445 523 1506 capsa
546 1444 653 1506 sopra
677 1427 711 1487 la
734 1426 840 1505 quale
865 1445 953 1488 sono
977 1424 1038 1487 dui
1054 1426 1156 1488 calici
1179 1446 1257 1489 cum
1274 1426 1503 1508 inscriptione
1521 1429 1601 1488 hac:

321 1533 418 1595 Arca
441 1552 549 1594 verae
572 1530 666 1594 fidei.
691 1531 825 1594 Avanti
841 1532 989 1596 Erasmo
1014 1533 1032 1595 ὲ
1057 1543 1165 1615 pento
1190 1554 1257 1596 con
1274 1554 1345 1596 una
1360 1535 1497 1596 cithara
1512 1537 1598 1616 psal-

320 1641 426 1705 lendo
458 1659 558 1702 come
582 1637 711 1702 David.
754 1639 799 1702 Et
823 1641 870 1701 da
897 1649 992 1704 retro
1017 1640 1157 1722 seguita
1180 1641 1337 1719 Joannes
1360 1643 1438 1722 huS,
1463 1644 1495 1703 el
1521 1641 1603 1721 qual

320 1748 454 1810 Luther
478 1747 593 1808 scrive
617 1766 715 1809 esser
739 1757 794 1809 sta
817 1756 917 1809 tanto
942 1755 1044 1810 santo
1069 1767 1169 1810 come
1189 1747 1323 1810 Vostra
1339 1746 1508 1830 Signoria
1532 1749 1602 1810 Re-

320 1853 576 1918 verendissima
599 1853 710 1916 vedra
734 1852 770 1916 in
794 1864 921 1935 questo
945 1853 1037 1916 libro
1062 1855 1128 1916 che
1151 1853 1186 1917 io
1211 1856 1351 1917 mando.
1386 1855 1425 1916 In
1440 1856 1497 1919 un'
1513 1857 1605 1917 altra

320 1972 423 2044 parte
448 1961 542 2024 della
567 1960 706 2024 Pittura
730 1961 748 2024 ὲ
773 1969 883 2043 pento
907 1961 932 2024 il
946 1961 1048 2043 Papa
1072 1981 1139 2024 con
1164 1961 1188 2024 li
1213 1962 1289 2026 suoi
1304 1962 1485 2025 Cardinali
1509 1961 1603 2024 cinto

321 2069 405 2132 dalli
432 2068 647 2131 Alabarderi
672 2068 767 2131 della
791 2067 949 2132 Guarda.

361 2180 362 2183 ’
412 2175 458 2238 Et
480 2196 502 2238 a
517 2177 637 2240 Roma
660 2175 689 2238 si
714 2177 821 2239 crede
845 2177 916 2239 allo
940 2177 1007 2238 che
1031 2175 1146 2238 scrive
1163 2175 1310 2239 Erasmo
1335 2185 1461 2239 contra
1483 2176 1521 2238 di
1538 2198 1603 2252 me,

322 2293 357 2345 et
381 2303 419 2346 se
444 2282 468 2345 li
492 2283 621 2345 manda
644 2281 757 2360 brevi,
781 2281 806 2344 li
830 2281 927 2364 quali
951 2283 1021 2345 Dio
1045 2282 1140 2346 volia
1164 2304 1236 2346 non
1252 2283 1342 2346 siino
1357 2304 1458 2347 come
1473 2286 1603 2365 quello,

322 2391 387 2453 che
418 2389 466 2452 lui
499 2391 546 2453 ha
578 2389 668 2454 fatto
701 2389 903 2472 imprimere
934 2390 970 2452 in
1000 2390 1119 2454 fronte
1144 2391 1228 2453 novi
1250 2391 1465 2472 testamenti,
1500 2391 1605 2453 Dore

321 2497 453 2560 Nostro
477 2494 631 2579 Signore
655 2501 819 2580 approba
842 2497 877 2560 la
900 2517 964 2560 sua
988 2518 1119 2579 opera,
1153 2497 1188 2560 in
1212 2499 1247 2560 la
1271 2500 1354 2580 qual
1378 2499 1473 2560 circa
1496 2507 1603 2561 mate-

322 2604 410 2668 riam
426 2604 672 2686 confessionis,
688 2605 1004 2687 Indulgentiarum,
1023 2605 1419 2684 Excommunicationis‚
1439 2605 1604 2679 Divortii‚

323 2713 510 2794 potestatis
534 2713 656 2794 Papae
687 2723 722 2774 et
753 2713 842 2776 altre
876 2712 979 2776 simili
1010 2712 1174 2792 materie,
1209 2712 1256 2776 lui
1287 2714 1334 2775 ha
1366 2712 1488 2775 scritto
1513 2721 1604 2774 tutto

323 2822 441 2902 quello
459 2821 524 2883 che
541 2819 675 2883 Luther
696 2822 743 2883 ha
767 2840 873 2903 preso
898 2821 961 2884 sed
985 2839 1064 2883 cum
1088 2819 1346 2903 periculosiore
1369 2839 1528 2897 venen0,
1561 2821 1605 2880 de.

324 2936 456 3009 quanto
481 2926 615 2990 Luther
644 2948 713 3009 per
743 2929 777 2991 le
810 2950 872 2991 sue
906 2939 1025 3010 satyre
1056 2937 1093 2990 et
1123 2928 1234 2990 libelli
1262 2926 1389 2989 famosi
1413 2926 1528 2988 minus
1553 2936 1605 2988 est

323 3032 394 3098 fide
425 3034 564 3115 dignus.
613 3034 656 3097 Et
687 3055 724 3097 se
752 3034 786 3097 io
809 3036 844 3097 lo
869 3035 984 3099 scrivo
1008 3033 1108 3097 costa
1132 3044 1167 3097 et
1192 3054 1236 3097 ne
1260 3034 1463 3097 advertisco
1487 3032 1605 3095 subito

324 3164 362 3204 se
388 3142 465 3204 dice
489 3143 554 3205 che
579 3142 613 3204 io
636 3144 671 3205 lo
698 3141 732 3203 fo
757 3141 887 3223 perche
912 3143 958 3204 ho
983 3142 1116 3204 havuto
1140 3143 1229 3204 altre
1255 3142 1352 3205 volte
1376 3140 1605 3203 contentione

324 3270 389 3312 eon
415 3249 573 3329 Erasm0‚
598 3247 693 3329 quod
718 3269 896 3330 nunquam
920 3247 1003 3327 fuit,
1034 3269 1091 3310 ma
1114 3250 1184 3310 ben
1210 3249 1363 3311 addesso
1387 3248 1412 3310 li
1436 3266 1526 3311 sono
1551 3269 1605 3309 ne-

324 3358 414 3419 mico
445 3375 511 3438 per
539 3375 644 3419 causa
669 3356 726 3419 del
751 3356 852 3438 Papa
877 3365 912 3418 et
936 3357 1031 3418 della
1054 3354 1155 3434 fede,
1189 3364 1224 3416 et
1247 3366 1367 3417 tamen
1392 3375 1430 3418 se
1455 3357 1563 3418 crede
1587 3376 1606 3416 a

323 3463 372 3526 lui
396 3473 432 3527 et
454 3482 526 3525 non
551 3482 572 3524 a
596 3483 664 3525 me:
712 3460 786 3525 Sed
816 3463 862 3524 de
893 3481 948 3524 me
976 3461 1062 3524 nihil
1087 3472 1157 3536 est;
1182 3462 1252 3524 Dio
1277 3462 1373 3524 volia
1396 3464 1461 3526 che
1486 3465 1605 3545 quello

324 3575 445 3650 breve,
470 3572 536 3633 che
560 3590 599 3634 se
623 3568 799 3633 limanda
823 3570 859 3631 in
884 3579 1047 3651 resposta
1072 3570 1116 3631 de
1140 3572 1175 3632 lo
1199 3571 1265 3632 che
1283 3571 1329 3632 ha
1345 3570 1469 3633 scritto
1486 3571 1523 3632 di
1542 3591 1606 3647 me,

324 3699 396 3742 non
420 3678 463 3740 sii
486 3676 716 3760 preiudieiale
740 3698 761 3739 a
778 3677 909 3739 Nostro
931 3675 1084 3759 Signore
1110 3686 1145 3738 et
1169 3678 1203 3738 la
1227 3675 1340 3739 Santa
1363 3676 1505 3757 Chiesa‚
1530 3697 1605 3760 per·

325 3786 388 3848 che
423 3784 565 3849 subbito
590 3784 737 3849 Erasmo
771 3787 806 3849 lo
838 3784 916 3848 fara
947 3784 1145 3867 imprimer,
1179 3805 1279 3847 come
1302 3786 1338 3847 la
1361 3805 1425 3847 sua
1448 3794 1549 3848 secta
1571 3784 1607 3846 fa

326 3894 370 3955 de
395 3892 480 3973 ogni
504 3912 588 3955 cosa
611 3893 675 3956 che
700 3913 786 3974 pare
810 3892 902 3955 faeci
925 3894 959 3955 al
983 3891 1168 3974 proposito
1192 3893 1238 3954 de
1255 3891 1405 3973 Luther;
1430 3912 1452 3954 o
1476 3892 1570 3955 falsa
1586 3912 1606 3953 o

326 4020 411 4062 vera
434 4000 550 4063 chesi
575 3999 615 4063 sii
640 4000 783 4064 subbito
808 4003 842 4064 la
867 4000 1089 4082 imprimeno,
1114 4019 1214 4062 come
1238 4020 1276 4062 se
1301 3998 1470 4061 mandeti
1495 4019 1562 4081 per
1584 3998 1607 4059 il

324 4106 450 4187 primo*
471 4116 567 4170 certe
600 4106 734 4190 buggie
758 4107 931 4189 impresse
955 4105 992 4168 in
1016 4105 1120 4168 favor
1143 4106 1179 4167 di
1203 4107 1338 4168 Luther
1362 4114 1442 4168 eta
1466 4106 1605 4187 depres-

326 4215 403 4277 sion
427 4214 463 4277 di
487 4214 618 4277 Nostro
644 4211 798 4297 Signore
823 4224 858 4277 et
882 4216 917 4277 la
941 4214 1061 4277 chiesa
1085 4215 1297 4277 orthodoxa.

416 4318 587 4403 Supplico
612 4320 744 4383 Vostra
768 4319 938 4401 Signoria
961 4321 1037 4383 R¹¹¹³
1069 4321 1115 4383 mi
1148 4321 1300 4404 perdoni
1330 4340 1370 4383 se
1401 4339 1472 4382 non
1500 4338 1605 4402 posso

325 4429 458 4492 tolerer
474 4430 540 4492 che
564 4428 592 4490 si
616 4426 751 4491 diffami
775 4428 797 4490 l'
814 4429 929 4491 honor
944 4428 1031 4501 mio;
1057 4449 1128 4491 non
1144 4448 1201 4491 me
1216 4430 1372 4491 lamento
1388 4427 1425 4489 di
1445 4428 1605 4509 peretto,

326 4556 396 4598 non
421 4536 598 4599 demando
623 4536 799 4618 praemio,
834 4537 947 4598 solum
971 4546 1137 4618 parcatur
1160 4536 1277 4599 famae
1301 4546 1336 4599 et
1359 4534 1488 4598 honori
1517 4554 1605 4610 meo,

326 4644 391 4705 che
416 4642 484 4705 mai
509 4644 543 4705 lo
567 4644 695 4725 patiri),
728 4646 867 4706 almeno
892 4642 928 4705 di
952 4645 1229 4707 lamentarmene
1253 4642 1440 4725 presertim
1464 4643 1605 4724 quando

326 4750 492 4813 credesse
516 4750 546 4813 si
569 4753 673 4814 desse
697 4750 781 4813 fede
797 4771 819 4813 a
835 4750 951 4832 questi
967 4750 1093 4832 spioni,
1118 4750 1291 4831 maledici,
1315 4749 1519 4833 buggiardi,
1542 4750 1605 4810 che

327 4858 470 4923 trovero
495 4856 651 4943 migliaia
664 4857 710 4937 ¹di
734 4856 926 4921 testimonii
951 4856 985 4920 in
1003 4858 1180 4940 opposit0‚
1206 4858 1229 4920 li
1244 4858 1339 4941 quali
1355 4856 1506 4920 faranno
1525 4856 1604 4919 fede
