3425 5700
612 563 670 618 Η]
709 565 762 619 237
801 561 860 616 ΕΜ

121 709 166 771 alli
193 709 224 770 (1(
258 710 391 790 passati
417 712 482 772 che
508 713 625 772 hanno
656 711 728 773 tale
753 709 920 792 opinione
945 710 1011 770 che
1035 708 1156 770 avanti
1179 727 1245 788 per
1268 708 1376 769 molte

121 818 255 879 decenne
280 818 325 880 de
353 815 436 879 anni
460 837 569 880 erano
594 817 677 880 stati
701 816 857 898 coperti,
883 825 919 879 et
942 813 1049 896 dopoi
1074 813 1245 896 publicati
1269 823 1305 877 et
1327 814 1375 876 fa-

121 923 298 1004 voreggiati
328 923 442 1004 questi
474 923 554 986 libri
586 925 630 987 de
655 925 804 1004 Luther,
834 926 952 986 hanno
984 942 1089 1003 preso
1114 923 1209 984 ardir
1233 922 1278 983 de
1302 940 1375 984 sco·

120 1029 220 1111 prirse.

191 1137 236 1198 La
260 1146 388 1218 quarta
411 1158 521 1219 opera
546 1141 611 1201 che
636 1159 691 1200 me
716 1137 839 1200 dubito
873 1139 917 1200 de
947 1146 1073 1219 questo
1105 1135 1265 1215 ribaldo,
1296 1134 1375 1197 sara

119 1245 170 1306 che
192 1244 358 1306 Dominus
384 1244 513 1307 Noster
536 1245 665 1324 Jeshus
691 1244 850 1308 Christus
884 1264 954 1306 non
984 1252 1039 1306 est
1062 1241 1375 1306 consubstantialis

120 1351 221 1431 patri,
240 1361 275 1413 et
307 1353 401 1433 quod
436 1361 513 1414 crat
545 1361 685 1434 tempus
710 1353 853 1433 quando
878 1371 948 1414 non
974 1361 1050 1413 erat
1073 1349 1180 1429 lilius,
1212 1359 1248 1411 et
1279 1350 1372 1430 quod

118 1455 193 1519 filius
215 1469 267 1521 est
292 1459 455 1521 creat'ura
479 1461 542 1521 sed
567 1479 635 1522 non
662 1469 700 1521 ut
724 1468 866 1521 ceterae
891 1467 1085 1537 creaturae,
1111 1467 1146 1520 et
1163 1458 1259 1538 quod
1282 1455 1374 1518 filius

119 1574 163 1624 est
182 1566 222 1627 de
244 1565 348 1627 nullis
374 1565 579 1628 extantibus
604 1576 639 1629 et
663 1587 734 1628 non
759 1568 804 1627 de
829 1567 908 1628 Deo
932 1575 1052 1647 patre,
1085 1566 1119 1626 le
1143 1563 1239 1646 quali
1263 1563 1373 1644 opini-

118 1669 164 1732 oni
184 1671 281 1735 furno
307 1673 365 1735 del
389 1672 625 1754 perfidissimo
650 1682 685 1735 et
709 1672 888 1735 diabolico
913 1671 1039 1751 Arrio,
1064 1691 1171 1734 causa
1195 1672 1240 1732 de
1264 1681 1376 1732 morte

118 1777 153 1839 de
181 1787 273 1842 tante
304 1779 454 1842 milliara
487 1779 532 1841 de
557 1778 748 1842 christiani.
796 1779 840 1840 Et
872 1788 997 1861 questo
1029 1799 1099 1841 non
1131 1798 1237 1840 senza
1269 1797 1376 1840 causa

117 1885 200 1964 parlo
229 1887 360 1969 perche
393 1889 426 1948 el
455 1885 646 1949 Confessor
676 1887 721 1948 de
747 1885 857 1949 Cesar
889 1886 996 1948 m'ha
1028 1885 1127 1948 detto
1159 1887 1225 1947 che
1256 1885 1374 1965 quello

116 1988 234 2054 ribaldo
259 1992 314 2054 fra
336 1993 492 2056 Martino
507 1993 634 2056 Putzer
649 1993 864 2074 predicator,
889 1995 922 2055 el
938 1995 1019 2074 qual
1037 1992 1155 2056 scrissi
1171 1993 1261 2054 altre
1277 1993 1375 2054 volte

116 2117 198 2158 esser
226 2099 339 2182 fugito
374 2111 409 2162 et
443 2121 540 2162 esser
564 2100 599 2163 in
624 2100 658 2162 la
682 2099 836 2163 fortezza
866 2101 900 2162 di
926 2100 1118 2162 Francisco
1142 2098 1373 2180 Sichinghen,

116 2205 169 2267 hor
189 2219 310 2288 questo
335 2207 474 2270 ribaldo
499 2206 716 2270 conferendo
741 2227 762 2270 a
787 2209 937 2288 qualche
962 2205 1146 2288 proposito
1171 2226 1249 2268 cum
1274 2207 1373 2268 detto

115 2312 280 2376 confessor
303 2313 397 2377 disse
422 2322 666 2395 apertamente
684 2315 749 2375 che
774 2313 821 2376 lui
838 2322 945 2375 tenea
968 2315 1034 2376 che
1052 2313 1158 2376 Arrio
1183 2333 1254 2376 non
1277 2313 1374 2376 fusse

114 2429 192 2482 stato
229 2423 297 2483 ben
337 2431 373 2482 et
411 2421 622 2483 iustamente
659 2421 885 2482 condennato
914 2422 970 2483 nel
996 2420 1154 2484 Concilio
1178 2420 1315 2483 Niceno
1340 2429 1375 2482 et

115 2527 248 2604 qualche
278 2549 349 2590 uno
382 2529 426 2590 de
457 2547 547 2608 gran
582 2547 686 2590 nome
715 2527 749 2590 in
775 2537 900 2608 questo
925 2538 1046 2591 nostro
1071 2537 1191 2609 tempo
1215 2527 1250 2590 in
1275 2538 1328 2589 tre
1354 2547 1374 2589 o

114 2644 239 2712 quattro
272 2635 364 2697 lochi
399 2637 443 2697 de
474 2655 536 2697 sue
561 2654 670 2715 opere
701 2654 767 2715 par
798 2636 864 2697 cbe
887 2645 988 2697 senta
1019 2635 1052 2697 el
1076 2634 1209 2707 simile3
1234 2644 1271 2696 et
1293 2634 1376 2696 tutti

114 2741 212 2818 questi
240 2763 327 2805 sono
361 2740 556 2820 lutherani,
597 2741 756 2822 quamvls
797 2741 1018 2804 dissimulent
1051 2741 1219 2814 maxime3
1261 2742 1374 2822 perhd

113 2845 192 2911 Rme
207 2849 357 2913 Domine
381 2871 426 2913 ne
450 2870 599 2932 spernas
623 2850 735 2911 verba
758 2847 898 2929 parvuli
923 2869 1041 2912 coram
1066 2860 1102 2912 te
1126 2847 1314 2930 loquentis,
1340 2858 1375 2911 et

113 2952 240 3019 lacciasi
259 2957 317 3039 piu
334 2957 531 3039 provisioni
555 2976 593 3019 se
618 2966 750 3038 poteno
775 2976 840 3037 per
864 2955 969 3039 piliar
992 2966 1117 3037 questo
1142 2977 1230 3019 cane
1255 2956 1374 3018 avanti

112 3061 178 3123 chel
200 3065 282 3126 vadi
305 3064 340 3126 in
362 3063 510 3127 Boemia
533 3072 569 3126 et
593 3067 659 3126 che
682 3064 820 3143 venghi-
839 3066 887 3125 tal
910 3062 1150 3126 abomination
1175 3065 1209 3127 al
1233 3064 1374 3143 mundo,

111 3168 191 3230 etin
214 3171 269 3233 his
293 3172 456 3233 omnibus
483 3170 548 3233 Dio
573 3171 657 3233 volii
683 3171 748 3233 che
773 3171 807 3232 io
832 3170 952 3233 menti.

186 3278 278 3341 Altri
308 3280 428 3341 hanno
460 3278 626 3360 opinione
660 3279 725 3341 che
750 3278 884 3340 Luther
917 3298 955 3341 se
984 3277 1080 3340 retiri
1105 3277 1140 3339 in
1165 3276 1271 3339 Datia
1296 3277 1374 3340 ete

110 3379 191 3445 lama
225 3388 291 3448 che
331 3406 396 3467 per
426 3385 546 3448 avanti
583 3388 616 3447 el
639 3406 678 3449 re
703 3386 737 3447 lo
762 3386 877 3447 havea
901 3385 990 3448 fatto
1014 3384 1200 3447 rechieder
1223 3386 1316 3447 assai
1340 3394 1376 3447 et

110 3506 167 3550 non
201 3494 359 3572 potendo
394 3493 541 3555 haverlo
576 3494 623 3554 ha
658 3492 804 3555 retirato
837 3491 896 3574 gii
931 3490 1044 3577 (come
1069 3512 1124 3554 me
1148 3494 1195 3554 ha
1218 3471 1317 3554 detto
1342 3492 1374 3553 el

109 3593 215 3660 dottor
239 3596 381 3684 Capito)
414 3599 580 3683 Philippo
604 3600 810 3662 Melancton
845 3600 878 3661 el
909 3600 1013 3680 quale
1041 3601 1087 3661 ha
1111 3619 1158 3661 un
1181 3598 1375 3661 bellissimo

109 3720 155 3765 ma
175 3706 430 3787 malignissimo
454 3706 624 3788 ingegno,
649 3715 684 3769 et
708 3708 815 3769 credo
841 3708 907 3769 che
922 3704 971 3768 lui
985 3705 1082 3768 habii
1097 3714 1281 3787 composto
1305 3725 1375 3767 una

108 3810 189 3873 bona
219 3824 324 3895 parte
350 3814 394 3875 de
423 3813 447 3876 li
479 3814 558 3876 libri
591 3816 635 3876 de
660 3814 795 3876 Luther
818 3834 839 3875 o
864 3814 988 3875 saltem
1012 3814 1121 3875 molto
1146 3812 1314 3875 adiutado
1340 3821 1376 3874 et

108 3924 193 3982 tanto
229 3920 292 4003 piir
333 3923 366 3984 el
406 3942 444 3983 re
478 3922 523 3984 de
547 3921 655 3983 Datia
679 3920 825 3983 cercard
848 3921 960 3982 haver
984 3928 1151 4001 questoro
1176 3940 1241 4001 per
1264 3921 1376 3981 haver

108 4022 237 4105 aliquod
270 4028 434 4091 solatium
466 4039 503 4091 et
530 4027 756 4110 refrigerium
785 4028 830 4090 de
858 4030 893 4089 la
926 4026 1118 4089 coscientia
1142 4048 1208 4110 per
1231 4046 1374 4089 enorme

108 4130 200 4195 crime
225 4136 294 4197 che
318 4136 364 4196 ha
387 4134 477 4197 fatto
503 4135 537 4197 in
563 4154 757 4197 ammazzar
780 4134 889 4215 quelli
914 4134 1088 4215 episcopi,
1113 4154 1151 4196 se
1175 4154 1243 4216 pur
1266 4154 1305 4195 se
1328 4152 1373 4194 ne

107 4236 145 4297 ha
165 4242 383 4305 conscientia
405 4244 487 4323 quel
511 4262 550 4304 re
581 4243 646 4304 che
677 4240 745 4305 mai
769 4242 889 4303 bebbe
917 4240 1153 4314 conscientia;
1191 4240 1303 4321 perbb
1335 4260 1373 4301 se

108 4363 160 4422 per
189 4358 365 4411 aventura
394 4350 442 4412 lui
476 4370 580 4413 cerea
604 4370 625 4410 a
649 4349 768 4411 Roma
802 4348 824 4411 l'
837 4348 1081 4427 absolutione,
1118 4368 1188 4410 non
1221 4349 1373 4409 sarebbe

107 4454 165 4513 mal
186 4455 407 4537 redarguere
432 4456 574 4536 quidem
599 4466 634 4517 et
658 4454 788 4518 acriter
811 4458 920 4517 talem
944 4476 1067 4537 regem
1091 4475 1148 4517 ma
1171 4474 1242 4517 non
1267 4454 1290 4516 li
1322 4474 1373 4516 es·

108 4574 173 4620 sere
195 4570 328 4645 troppo
351 4561 519 4626 renitenti
543 4563 600 4625 all'
626 4562 859 4641 absolutione,
885 4562 1049 4625 accioehe
1074 4582 1140 4643 per
1163 4562 1328 4642 despetto
1353 4581 1373 4622 0

106 4680 160 4741 per
181 4668 432 4752 desperatione
463 4689 533 4732 non
564 4690 602 4731 se
632 4671 784 4733 donasse
820 4670 879 4731 del
912 4677 1002 4731 tutto
1033 4689 1054 4730 a
1078 4670 1196 4750 quella
1219 4668 1373 4750 pessima

106 4770 153 4831 via
176 4774 218 4837 de
243 4776 397 4853 Lutber,
426 4776 461 4837 la
492 4778 575 4857 qual
608 4776 770 4839 conforta
802 4776 848 4837 ad
879 4796 1055 4838 ammazar
1087 4774 1110 4838 li
1133 4775 1242 4857 preti,
1273 4784 1373 4837 tanto

107 4880 269 4949 crudelior
294 4884 458 4968 Johanne
483 4883 630 4950 Hussita
660 4893 829 4971 quantum
860 4884 921 4949 ille
954 4884 1158 4953 sacerdotes
1187 4894 1372 4970 presentes
