3425 5700
702 599 930 658 0-4359Ε5Ἁ

173 750 294 830 libros,
318 749 382 812 sed
406 748 612 831 priusquam
631 749 700 810 hae
716 746 835 828 sigillo
851 768 1022 810 caesareo
1038 753 1295 823 autorarentur,
1320 751 1456 804 tantum

177 856 284 920 valuit
308 856 557 919 nonnullorum
581 855 774 937 malignum
790 855 986 934 consilium,
1011 862 1049 916 ut
1063 874 1121 916 res
1136 853 1181 915 sit
1196 853 1241 914 ad
1257 850 1456 914 Germanos

173 963 355 1045 principes
379 973 415 1026 et
439 963 592 1044 populos
616 963 676 1044 qui
699 960 735 1025 in
752 973 931 1026 conventu
946 971 1058 1044 agunt
1072 961 1196 1040 relata,
1221 979 1277 1022 me
1292 957 1455 1042 profecto

174 1072 362 1154 plurimum
393 1071 457 1133 sed
487 1070 620 1133 frustra
651 1072 877 1134 reclamante.
928 1067 1104 1132 Videbam
1132 1067 1225 1132 enim
1248 1065 1354 1130 facile
1378 1065 1455 1128 fore

175 1188 212 1240 ut
236 1178 265 1240 si
288 1177 325 1239 id
349 1179 394 1240 ad
418 1177 506 1240 istos
530 1177 756 1258 misomystas
779 1176 985 1258 referretur,
1013 1176 1098 1239 nihil
1123 1176 1206 1238 inde
1230 1173 1315 1236 boni
1339 1172 1454 1236 eveni-

173 1297 238 1348 ret.
287 1285 485 1366 Utcumque
515 1284 713 1366 parendum
743 1283 810 1346 fuit
838 1283 982 1346 Caesari
1014 1305 1059 1346 ex
1094 1283 1212 1346 alieno
1236 1280 1383 1348 consilio
1408 1277 1456 1340 ita

172 1392 310 1455 iubenti
341 1400 379 1454 ut
408 1412 483 1454 rem
509 1392 747 1454 Lutheranam
780 1411 900 1452 coram
931 1411 970 1454 se
1000 1400 1035 1454 et
1064 1389 1206 1472 Imperii
1237 1387 1456 1470 principibus

173 1508 445 1582 proponeretur.
493 1498 561 1580 Egi
596 1497 703 1580 igitur
736 1519 879 1562 causam
913 1500 1005 1561 hanc
1039 1497 1096 1560 die
1128 1495 1273 1560 cinerali
1298 1494 1456 1557 adduas

174 1609 282 1670 horas
314 1626 446 1688 magna
477 1605 639 1669 Caesaris
671 1615 706 1667 et
739 1604 938 1687 principum
971 1605 1182 1676 attentione;
1218 1601 1349 1665 Caesar
1378 1601 1456 1682 ipse

173 1733 315 1795 semper
345 1723 384 1775 ut
409 1713 507 1795 prius
531 1734 552 1774 a
576 1710 647 1775 fide
671 1713 769 1774 stetit
792 1713 899 1794 inque
924 1711 998 1776 eius
1022 1711 1233 1776 sententiam
1259 1707 1312 1798 (ut
1335 1704 1456 1791 audio)

172 1821 354 1902 principes
384 1822 558 1883 electores
590 1839 713 1882 omnes
744 1820 900 1900 iverunt,
935 1830 1079 1901 praeter
1110 1817 1291 1882 Saxonem
1323 1814 1382 1897 qui
1416 1824 1454 1876 ut

173 1927 334 1991 febribus
364 1936 533 2009 aegrotus
565 1929 700 1991 aberat.
748 1926 885 2007 Rogati
918 1927 1094 1990 sententia
1119 1925 1251 1988 caeteri
1275 1921 1455 2006 principes

173 2035 355 2116 petierunt
386 2034 453 2097 sibi
485 2045 625 2115 tempus
657 2036 704 2096 ad
735 2034 1004 2097 deliberandum
1037 2033 1133 2112 dari,
1166 2051 1237 2114 quo
1261 2040 1367 2113 pacto
1391 2050 1456 2092 sex

173 2142 251 2204 dies
274 2144 446 2222 petebant
471 2141 766 2222 quemadmodum
791 2151 827 2203 et
848 2139 1050 2204 Simonides
1075 2138 1189 2227 (puto)
1214 2137 1362 2202 Hieroni
1386 2157 1455 2200 res-

172 2268 361 2330 ponsurus.
399 2247 531 2310 Caesar
554 2248 670 2310 adhuc
696 2247 849 2311 triduum
873 2258 991 2312 tamen
1015 2246 1200 2312 concessit.
1237 2245 1277 2308 Id
1302 2243 1456 2306 crastino

173 2355 233 2418 die
256 2355 408 2435 finietur,
433 2375 548 2436 neque
573 2355 658 2437 quid
682 2354 727 2417 sit
751 2355 908 2419 futurum
933 2355 1019 2418 certi
1044 2353 1178 2436 aliquid
1199 2353 1383 2422 habemus;
1408 2349 1457 2412 ita

171 2483 232 2525 res
251 2471 322 2525 tam
346 2462 545 2542 manifesta,
570 2472 713 2544 tamque
737 2465 844 2544 clara,
869 2463 1113 2544 pugnantibus
1137 2459 1322 2524 sententiis
1345 2458 1456 2520 invol-

171 2568 279 2632 vitur.

280 2676 521 2757 Expectamus
551 2676 661 2758 igitur
691 2677 825 2740 exitum
857 2679 902 2741 de
935 2699 1005 2760 quo
1041 2687 1077 2740 te
1109 2687 1236 2759 postea
1269 2672 1455 2738 certiorem

170 2784 331 2846 reddam.
380 2782 462 2846 Vidi
486 2783 656 2848 Coloniae
688 2805 735 2848 ex
765 2785 892 2848 litteris
924 2805 1012 2868 quas
1037 2786 1083 2847 ad
1106 2784 1336 2847 Hocstratum
1361 2779 1455 2843 dedi-

172 2891 237 2969 sti,
262 2901 367 2954 etex
392 2890 446 2953 his
469 2891 553 2954 item
578 2912 667 2973 quas
691 2893 737 2955 ad
760 2914 816 2957 me
840 2913 972 2975 nuper,
1005 2894 1089 2974 quid
1113 2902 1237 2975 perte
1262 2890 1307 2953 sit
1329 2889 1364 2951 in
1389 2889 1454 2951 hac

171 3018 213 3061 re
244 3009 375 3079 actum,
408 3009 444 3062 et
468 3000 551 3080 quid
577 2999 660 3062 mihi
685 3004 850 3065 consulas
875 3000 1034 3064 similiter
1061 3000 1273 3062 faciendum.
1320 2996 1359 3059 In
1385 3016 1455 3078 quo

171 3125 254 3168 amo
278 3114 324 3185 te,
349 3108 394 3168 mi
410 3106 505 3185 Ecci,
530 3108 686 3188 multum,
712 3108 794 3188 quia
818 3107 980 3171 tractasti
1005 3117 1039 3171 et
1062 3106 1216 3169 fideliter
1240 3114 1276 3169 et
1297 3103 1457 3188 graviter
1505 3104 1508 3111 ’

171 3234 218 3274 ea
242 3213 359 3275 omnia
382 3214 597 3277 adamussim
621 3234 769 3295 quorum
794 3216 858 3277 tibi
883 3214 1071 3298 negocium
1092 3216 1211 3277 datum
1228 3221 1291 3277 est.
1323 3210 1368 3273 Et
1385 3230 1454 3293 ego

171 3339 315 3401 quoque
348 3321 473 3382 eodem
505 3320 569 3382 tibi
603 3321 750 3384 consilio
775 3321 959 3384 Pontificis
992 3322 1172 3385 decretum
1201 3320 1237 3383 in
1263 3320 1455 3381 Lutherum

172 3434 211 3488 et
242 3426 316 3489 eius
348 3427 550 3490 coniuratos
575 3426 736 3491 omnibus
760 3428 948 3511 Episcopis
973 3428 1103 3509 obtuli,
1139 3437 1173 3490 et
1198 3428 1365 3489 mandata
1388 3424 1455 3487 rite

171 3553 251 3595 sum
282 3543 454 3596 executus
484 3555 705 3616 quacumque
736 3537 909 3600 hactenus
933 3536 1000 3599 iter
1024 3535 1107 3607 feci;
1142 3544 1178 3595 et
1201 3532 1230 3597 si
1254 3554 1343 3615 quos
1368 3531 1456 3595 alios

171 3640 209 3702 in
234 3640 300 3701 hoc
325 3638 611 3721 frequentissimo
636 3653 814 3704 conventu
839 3643 1033 3723 inveniam,
1065 3641 1197 3704 ididem
1221 3640 1367 3721 faciam,
1392 3640 1455 3700 sed

172 3747 338 3828 profecto
362 3750 451 3811 haec
475 3749 593 3811 omnia
617 3767 741 3831 parum
765 3750 869 3813 nobis
893 3750 998 3814 video
1023 3748 1217 3831 profutura,
1243 3746 1309 3811 nisi
1329 3748 1455 3811 Caesa·

171 3854 224 3915 ris
253 3854 424 3917 autoritas
457 3854 559 3918 adsit.
607 3856 676 3936 Qui
701 3857 793 3919 enim
825 3878 958 3939 quaeso
990 3857 1051 3921 fiat
1075 3868 1113 3921 ut
1137 3858 1159 3918 ii
1185 3855 1332 3919 timeant
1356 3852 1453 3934 Epis-

170 3980 344 4040 coporum
367 3961 480 4025 minas
504 3964 563 4044 qui
588 3963 722 4025 Summi
747 3963 931 4027 Pontificis
956 3965 1213 4044 execrationes
1241 3962 1311 4025 imo
1337 3958 1454 4023 Ponti·

171 4065 275 4129 ficem
305 4066 421 4149 ipsum
453 4069 515 4131 vix
548 4070 610 4152 pili
640 4070 794 4134 faciant?
843 4072 1029 4136 Plectendi
1054 4081 1135 4134 sunt
1157 4069 1328 4134 haeretici
1351 4067 1454 4149 virga

169 4174 292 4237 ferrea
324 4184 360 4237 et
389 4174 465 4257 igni
497 4177 558 4239 ubi
583 4177 760 4242 obstinate
784 4191 941 4262 pergunt
965 4190 1001 4242 et
1025 4200 1175 4262 peccare
1199 4178 1282 4261 ipsi,
1307 4186 1342 4239 et
1366 4175 1455 4238 aiios

168 4279 321 4345 miseros
354 4280 388 4344 in
422 4282 638 4365 profundam
671 4284 808 4349 ruinam
841 4308 959 4349 secum
988 4289 1138 4367 habere,
1172 4294 1208 4349 et
1232 4283 1394 4348 tradendi
1419 4282 1453 4343 in

167 4390 352 4452 interitum
377 4390 492 4452 carnis
517 4412 586 4472 quo
611 4391 755 4473 spiritus
770 4395 890 4457 salvus
906 4394 978 4475 fiat,
1004 4406 1041 4458 ut
1056 4394 1091 4457 in
1107 4391 1340 4476 Vigilantium
1358 4399 1455 4453 recte

167 4495 395 4575 cognominis
432 4518 530 4560 meus
565 4499 668 4561 divus
705 4500 882 4563 consuluit
918 4501 1167 4583 Hieronymus
1227 4498 1455 4580 Quapropter

168 4602 286 4665 maius
319 4623 388 4685 ego
422 4606 542 4667 nescio
574 4606 659 4687 quid
692 4609 737 4668 ab
763 4606 864 4670 initio
889 4608 1008 4671 statim
1033 4628 1108 4670 sum
1133 4626 1326 4688 aggressus
1350 4624 1454 4685 quam

167 4719 234 4771 aut
257 4709 425 4772 Pontifex
460 4710 542 4774 mihi
571 4711 763 4775 iniunxerit
796 4716 891 4796 quod
923 4713 1005 4777 fidei
1030 4716 1150 4778 hostes
1181 4713 1247 4776 sibi
1280 4710 1454 4794 quispiam

166 4817 435 4899 persuaderem.
490 4818 578 4881 Nam
614 4820 795 4883 decretum
831 4821 1038 4884 Caesaris
1030 4842 1064 4883 m
1027 4821 1242 4925 ”primis
1254 4818 1454 4902 procuravi,

168 4922 271 4987 cuius
296 4924 454 4987 maximo
476 4927 521 4988 ad
541 4928 787 5008 exequendam
803 4928 987 4991 Pontificis
1003 4929 1214 4991 sententiam
1230 4927 1453 5007 adminicu10,
