3425 5700
830 499 1076 560 masse*

313 652 484 734 quirente‚
508 652 699 732 plerasque
723 649 916 732 religiones
940 660 976 713 et
1000 651 1144 714 ordines
1159 655 1442 735 exemplaritate,
1467 655 1579 718 sancti-

312 757 430 822 monia
454 779 495 821 ac
514 757 693 822 hominum
711 756 872 820 doctrina
893 767 1119 839 praestantes
1134 759 1287 841 elegisse
1311 781 1353 824 ac
1368 763 1580 825 substituisse

312 867 372 948 qui
396 865 525 931 Christi
557 885 685 930 nomen
716 865 751 927 in
783 865 880 928 orbis
910 875 1032 947 partes
1062 867 1329 947 praedicarent,
1366 870 1581 952 evangelium

311 975 498 1053 docerent,
524 973 702 1036 erroribus
734 981 769 1034 et
802 972 1065 1036 declinantibus
1098 985 1345 1056 occurrerent,
1379 976 1472 1039 inter
1503 996 1581 1058 quos
1682 970 1683 973 '

311 1082 454 1142 celeber
484 1081 572 1142 ordo
596 1079 888 1142 Praedicatorum
913 1090 984 1160 est,
1020 1082 1081 1162 qui
1110 1080 1287 1163 religiosis
1310 1081 1396 1145 viris
1419 1082 1583 1166 singulari

311 1187 473 1251 doctrina
496 1188 684 1249 admodum
709 1185 826 1250 floruit
857 1207 899 1249 ac
922 1185 1044 1268 floret,
1080 1187 1181 1250 titulo
1206 1188 1497 1253 Praedicatorum
1521 1211 1580 1253 me·

309 1295 376 1357 rito
402 1295 591 1358 decoratus
615 1293 780 1374 quoniam
799 1293 891 1356 inter
908 1302 1070 1357 caeteros
1085 1295 1228 1358 ordines
1248 1297 1390 1378 pondus
1403 1297 1583 1360 veritatem

309 1402 515 1483 indagandi,
540 1401 635 1464 illam
651 1401 894 1482 praedicandi,
920 1411 1081 1464 errantes
1097 1401 1305 1486 instruendi,
1327 1405 1492 1484 docendi,
1508 1405 1583 1466 dolo

309 1528 396 1572 vero
430 1518 465 1572 et
497 1507 706 1570 infidelitate
739 1507 987 1570 insidiantibus
1021 1508 1230 1588 resistendi,
1265 1509 1346 1574 illos
1378 1510 1584 1593 inquirendi,

310 1615 510 1698 castigandi
541 1614 675 1678 eisdem
705 1613 875 1677 fratribus
905 1618 950 1678 ab
975 1615 1137 1680 Ecclesia
1161 1617 1229 1680 Dei
1253 1616 1387 1681 Sancta
1417 1620 1585 1682 creditum

308 1722 443 1786 fuitne
467 1721 679 1785 christianae
703 1720 865 1784 veritatis
894 1720 1143 1805 interpretatio
1167 1723 1367 1805 iniquorum
1391 1724 1530 1788 malicia
1551 1724 1584 1785 in

308 1829 505 1894 contrarios
530 1837 566 1891 et
589 1827 789 1891 haereticos
813 1849 938 1892 sensus
962 1839 1240 1893 converteretur.

398 1937 502 2018 Quod
535 1945 652 1998 autem
677 1935 818 1998 Ulricus
842 1935 987 1999 Huuten
1021 1947 1082 2000 aut
1105 1937 1164 2000 alii
1187 1937 1281 2000 forte
1305 1936 1504 2020 iniquitatis
1526 1936 1585 1999 filii

308 2044 451 2108 Martini
475 2041 621 2106 Lutheri
652 2043 926 2106 haeresiarchae
957 2063 1130 2125 sequaces
1163 2044 1299 2107 animos
1332 2045 1514 2108 hominum
1547 2064 1587 2106 ac

307 2173 405 2215 arma
429 2158 553 2214 contra
576 2151 721 2213 eosdem
745 2148 875 2234 fratres
894 2150 1065 2213 suscitent
1088 2160 1124 2214 et
1147 2151 1333 2233 impellant
1347 2172 1455 2215 nosce
1469 2161 1589 2234 potest

306 2259 473 2322 nobilitas
512 2267 589 2333 tua,
628 2255 883 2319 concitationes
918 2257 1089 2321 adversus
1129 2258 1417 2339 praedicatorum
1458 2257 1588 2320 fratres
1652 2323 1655 2327 ἵ

306 2365 430 2446 factas,
455 2374 578 2427 contra
594 2363 693 2426 Petri
718 2374 753 2424 et
776 2364 1020 2445 apostolorum
1044 2385 1127 2446 ymo
1152 2375 1277 2428 contra
1291 2365 1421 2429 Christi
1437 2365 1590 2428 nuncios

307 2483 343 2536 et
367 2481 491 2535 contra
513 2471 628 2553 ipsum
652 2469 830 2533 Christum
853 2489 920 2551 pro
945 2491 1015 2552 quo
1040 2471 1168 2534 Petrus
1193 2482 1229 2534 et
1253 2471 1419 2555 Apostoli
1443 2471 1589 2535 fuerunt

307 2590 343 2644 et
372 2599 437 2663 pro
469 2599 539 2661 quo
564 2578 751 2642 Romanus
777 2576 947 2640 Pontifex
978 2586 1014 2639 et
1037 2586 1161 2641 sancta
1182 2579 1352 2642 Romana
1375 2579 1531 2643 ecclesia
1554 2579 1589 2640 in

306 2687 409 2750 terris
433 2697 495 2766 est,
521 2705 542 2748 a
566 2683 694 2766 quibus
717 2683 847 2746 fratres
869 2683 939 2766 ipsi
954 2683 1137 2747 mittuntur
1159 2683 1237 2747 fieri
1262 2707 1303 2748 ac
1327 2686 1436 2748 fuisse
1454 2686 1589 2756 factas:

307 2815 371 2859 nec
405 2813 507 2858 secus
531 2795 620 2857 haec
644 2812 735 2855 nunc
770 2793 816 2854 ab
841 2791 963 2856 Ulrico
986 2791 1022 2853 in
1047 2790 1240 2857 Germania
1266 2802 1458 2876 geruntur,
1495 2813 1591 2875 quae

305 2911 429 2966 contra
461 2903 604 2964 eosdem
628 2900 758 2962 fratres
789 2907 850 2963 aut
874 2897 963 2963 alios
987 2898 1164 2963 Christum
1194 2908 1229 2963 et
1253 2900 1328 2964 eius
1351 2902 1592 2985 Evangelium

303 3010 339 3072 in
364 3010 499 3072 Turcas
528 3006 738 3089 praedicare
761 3008 925 3069 volentes
958 3026 1080 3069 omnes
1105 3009 1275 3088 expulsos
1307 3010 1367 3071 vel
1389 3009 1593 3073 trucidatos

305 3125 341 3178 et
371 3115 466 3178 facta
497 3113 607 3177 fuisse
642 3123 678 3176 et
709 3112 786 3175 fieri
810 3111 968 3193 quotidie
1001 3113 1260 3194 cognoscimus.
1307 3114 1446 3196 Quibus
1479 3119 1594 3180 rebus

303 3224 436 3286 factum
467 3231 521 3285 est
551 3232 589 3284 ut
620 3220 744 3303 populi
775 3220 883 3282 rudes
915 3220 1140 3301 evangelium
1170 3220 1300 3284 Christi
1320 3232 1428 3305 ¹recte
1463 3224 1595 3288 audire

304 3338 524 3412 nequeuntes
555 3328 721 3391 adiuncta
744 3327 888 3390 licentia
918 3325 1074 3389 libidinis
1099 3349 1119 3390 a
1143 3326 1283 3393 Christo
1317 3350 1356 3393 se
1380 3350 1419 3393 se
1443 3352 1595 3414 separa·

303 3437 420 3500 verint
454 3457 496 3498 ac
531 3434 794 3519 spurcissimum
828 3442 865 3495 et
898 3432 1078 3497 infelicem
1107 3435 1374 3500 Mahumethum
1408 3457 1476 3520 pro
1510 3440 1595 3503 Deo

303 3546 423 3607 colant
445 3544 612 3622 adorent,
648 3549 702 3604 tot
725 3540 945 3603 exercituum
969 3541 1164 3604 animarum
1194 3541 1231 3606 in
1255 3542 1361 3625 Asia,
1396 3544 1534 3609 Africa
1559 3555 1598 3609 et

302 3650 468 3733 Europae
490 3657 594 3731 parte
618 3646 819 3731 perditione
843 3656 880 3710 et
902 3656 1003 3710 tanto
1026 3647 1111 3712 fidei
1135 3648 1266 3713 Christi
1290 3650 1510 3716 detrimento
1537 3674 1594 3717 ea·

303 3758 382 3821 dem
399 3757 651 3819 Maumethana
672 3775 771 3818 mens
795 3754 893 3835 (licet
909 3753 1160 3839 diversimode)
1183 3756 1221 3820 in
1237 3757 1452 3840 impiissimis
1469 3760 1598 3824 Ulrici

301 3864 487 3927 conatibus
505 3872 560 3926 est
576 3881 679 3942 nunc,
700 3861 760 3943 qui
777 3881 950 3944 personas
968 3871 1003 3926 et
1019 3865 1115 3925 bona
1130 3863 1279 3927 fratrum
1293 3865 1598 3946 praedicatorum

299 3992 366 4054 pro
389 3970 550 4034 Ecclesia
574 3969 644 4032 Dei
667 3978 791 4031 sancta
817 3988 883 4051 pro
908 3968 986 4051 ipso
1011 3968 1151 4032 Christo
1176 3971 1504 4053 evangelizantium
1531 3996 1599 4058 po·

300 4077 392 4162 pulis
423 4077 631 4159 dirripenda
663 4075 771 4138 tradit
799 4085 837 4137 ut
861 4077 968 4138 escha
991 4075 1164 4139 avaritiae
1195 4086 1232 4141 et
1261 4098 1378 4140 rerum
1408 4098 1600 4146 novarum

301 4186 428 4267 quibus
451 4183 574 4266 populi
598 4185 823 4245 oblectantur
850 4182 930 4244 illos
955 4192 1176 4246 commoveat
1199 4182 1413 4267 incitetque,
1438 4196 1479 4249 et
1506 4188 1599 4252 defi·

300 4292 474 4356 cientibus
498 4291 533 4353 in
557 4290 619 4353 illa
642 4288 856 4354 Germaniae
880 4298 982 4371 parte
1009 4288 1097 4369 ipsis
1121 4290 1334 4355 doctissimis
1357 4301 1393 4355 et
1415 4290 1602 4360 fidelibus

300 4399 385 4462 viris
416 4418 482 4481 pro
507 4397 610 4460 nobis
642 4406 678 4459 et
699 4397 767 4459 hac
792 4404 917 4459 sancta
940 4392 1050 4476 Sede,
1079 4416 1146 4477 pro
1171 4396 1311 4460 Christo
1335 4401 1601 4480 evangelizari.

299 4505 394 4568 tibus
418 4514 454 4568 et
476 4503 649 4585 impietati
667 4502 866 4585 iniquorum
883 4501 1143 4583 resistentibus,
1167 4502 1310 4567 Ulricus
1333 4503 1410 4586 ipse
1425 4512 1604 4589 populos

299 4610 373 4698 (qui
404 4610 546 4693 plurimi
569 4608 699 4691 ubique
723 4610 830 4671 rudes
854 4608 947 4690 sunt)
979 4630 1001 4672 a
1033 4609 1278 4674 sanctionibus
1301 4611 1493 4678 Ecclesiae
1521 4618 1602 4681 Dei

299 4728 335 4781 et
358 4721 404 4781 ab
428 4718 506 4800 ipso
524 4715 663 4779 Christo
687 4728 831 4797 separet
855 4724 891 4778 et
913 4715 1050 4797 laqueis
1073 4715 1208 4779 diaboli
1228 4716 1327 4800 liget,
1351 4716 1602 4790 Germaniam

297 4825 381 4889 fidei
393 4823 707 4908 propugnatricem
719 4821 1024 4905 persequutricem
1038 4821 1157 4904 saciat,
1173 4844 1220 4886 ex
1232 4822 1439 4890 fidelissima
1448 4825 1604 4896 Christi
