3425 5700
660 623 890 677 &wib-0

148 791 253 833 amore
284 769 352 833 Dei
384 769 413 832 si
443 768 566 831 habbii
599 790 685 831 cura
716 789 786 831 non
811 788 849 830 se
878 767 970 849 parli
1001 769 1109 829 molto
1134 788 1189 830 me
1213 777 1357 831 auctore
1383 768 1418 831 di

149 887 258 959 questa
288 877 378 939 rissa
409 877 494 940 delli
527 876 674 939 electori
699 885 735 938 et
761 874 914 956 principi
938 883 1039 937 tanto
1063 877 1129 937 che
1154 875 1188 937 io
1213 895 1301 937 sono
1325 877 1418 937 nelle

150 984 228 1046 mani
257 986 349 1057 lor0;
382 984 516 1065 perche}
550 983 751 1046 essendone
783 990 876 1043 stato
908 983 1047 1063 perlato
1074 981 1134 1062 qui
1159 1002 1223 1063 per
1247 981 1327 1043 altri
1353 984 1418 1043 che

151 1112 204 1172 per
225 1112 277 1153 me
285 1140 295 1171 ,
328 1090 358 1153 si
385 1090 466 1153 lcvd
491 1111 538 1152 un
563 1091 713 1152 tumulto
737 1100 792 1150 tra
816 1088 841 1150 li
866 1088 1023 1169 Principi
1047 1090 1113 1150 che
1136 1090 1289 1151 volcano
1314 1108 1420 1170 saper

144 1198 197 1291 ,cli
221 1200 263 1260 ha
293 1196 467 1277 divulgati
491 1198 515 1259 li
539 1200 593 1259 lor
618 1196 746 1260 secreti
770 1196 813 1258 nd
838 1214 989 1257 cercano
1023 1214 1061 1257 se
1091 1215 1161 1257 non
1188 1195 1352 1258 occasion
1383 1195 1417 1256 di

152 1325 256 1369 menar
286 1306 320 1367 le
353 1304 447 1367 mani
480 1315 515 1367 et
546 1306 578 1366 el
611 1304 725 1387 primo
756 1302 848 1365 sarci
882 1302 916 1363 io
950 1304 1170 1365 combattuto
1194 1323 1215 1364 ο
1240 1322 1326 1364 vero
1351 1323 1417 1364 con

152 1412 285 1474 excittar
300 1432 394 1475 nova
418 1411 663 1474 controversia
687 1420 742 1473 tra
767 1412 843 1472 loro
869 1408 1020 1490 impedir
1043 1408 1064 1471 l'
1083 1408 1205 1471 effetto
1231 1410 1326 1471 della
1350 1410 1418 1471 mia

152 1518 392 1582 commissione.

226 1624 395 1708 Supplico
420 1645 553 1688 ancora
577 1626 643 1687 che
657 1622 700 1687 N.
718 1621 755 1686 S.
780 1633 816 1686 et
831 1622 876 1685 V.
894 1621 930 1686 S.
948 1623 1023 1684 Rrna
1048 1622 1221 1704 tenghino
1239 1644 1303 1705 per
1321 1634 1418 1687 certo

152 1734 207 1794 che
234 1754 295 1815 per
328 1733 387 1796 noi
421 1733 451 1795 si
481 1731 518 1794 fa
549 1752 616 1795 con
648 1752 784 1795 summa
816 1731 899 1793 fede
931 1740 967 1791 et
991 1739 1150 1793 extrema
1174 1730 1360 1813 diligentia
1383 1730 1419 1793 in

153 1850 262 1919 questa
285 1860 381 1919 cosa,
405 1841 563 1902 secundo
587 1840 655 1901 che
679 1841 712 1901 el
737 1837 860 1900 debito
884 1836 1062 1917 rechiede,
1087 1838 1120 1899 el
1144 1836 1267 1919 signor
1291 1838 1418 1901 nuncio

153 1955 182 2007 et
196 1967 289 2009 mess.
314 1947 506 2029 Raphaelo
522 1946 591 2009 mai
607 1966 695 2008 sono
711 1945 849 2007 stanchi
871 1943 906 2005 di
921 1944 1231 2025 accompagnarmi
1256 1954 1292 2006 et
1315 1945 1418 2007 inter-

153 2052 260 2115 venire
282 2076 304 2117 a
327 2054 351 2116 li
383 2052 448 2116 atti
478 2053 578 2115 miei'
595 2052 630 2115 di
662 2062 788 2133 questa
818 2051 977 2114 materia.
1025 2051 1063 2113 Ιο
1095 2052 1161 2114 che
1188 2050 1278 2133 parli
1303 2051 1339 2112 di
1362 2072 1418 2115 me

154 2168 253 2223 stesso
281 2159 488 2223 indecorum
520 2170 632 2239 esset,
665 2162 736 2222 ben
770 2180 809 2221 so
834 2160 901 2221 che
925 2177 990 2221 son
1014 2159 1156 2220 redotto
1181 2179 1202 2221 a
1226 2160 1297 2221 tale
1322 2179 1420 2222 esser

154 2268 236 2330 della
256 2268 324 2331 mia
347 2268 464 2330 sanita
487 2269 553 2330 che
583 2270 630 2330 ho
662 2287 774 2349 paura
805 2266 840 2327 di
872 2265 1018 2328 lassarci
1049 2267 1083 2327 la
1114 2267 1227 2346 pelle,
1260 2266 1303 2328 nd
1329 2266 1347 2329 ὲ
1373 2267 1418 2327 da

153 2375 395 2458 meravigliarsi
419 2376 550 2456 perche
574 2374 609 2437 in
633 2393 720 2437 vero
744 2376 780 2437 la
803 2372 952 2435 materia
976 2373 993 2434 ἐ
1018 2373 1127 2435 molto
1153 2382 1274 2435 strana
1298 2383 1333 2435 et
1362 2394 1419 2454 pe-

152 2480 290 2545 ricolosa
320 2493 355 2545 et
389 2492 481 2547 tutto
511 2482 536 2545 il
567 2483 699 2544 mundo
732 2480 915 2543 immutato
948 2490 984 2542 et
1011 2479 1046 2543 io
1070 2481 1147 2541 solo
1172 2481 1218 2541 da
1243 2489 1419 2542 sustenter

152 2598 241 2651 tanto
261 2610 366 2671 peso,
400 2587 484 2653 dico'
505 2600 638 2671 quanto
662 2590 696 2650 al
721 2607 902 2669 proponer
925 2586 1069 2668 publice
1095 2597 1131 2649 et
1154 2586 1339 2669 privatim,
1371 2587 1419 2649 in-

152 2694 308 2768 formare.
341 2697 524 2779 disputare
555 2705 590 2758 et
622 2694 702 2757 altri
727 2693 832 2757 simili
855 2694 920 2756 atti
944 2692 1145 2756 necessarii.
1195 2693 1232 2754 ln
1258 2695 1420 2756 omnibus

154 2800 209 2864 liat
234 2806 394 2868 voluntas
418 2804 486 2866 Dei
518 2802 577 2885 qui
610 2822 753 2866 causam
784 2821 885 2865 suam
911 2810 1079 2883 protegat
1104 2812 1138 2863 et
1164 2801 1419 2864 sanctissimum

155 2909 190 2971 D.
202 2909 238 2972 N.
251 2932 348 2974 suum
362 2931 483 2974 verum
494 2910 674 2973 Vicarium
688 2920 724 2972 et
740 2909 975 2972 reverendam
998 2910 1032 2973 d.
1049 2919 1202 2970 vestram
1219 2909 1418 2970 incolumen

154 3031 268 3081 servet.
294 3018 512 3080 Wormatiae
537 3017 699 3080 XXVII.
724 3015 909 3079 Februarii
934 3014 1116 3078 MDXXI.

753 3428 808 3497 32.

423 3533 663 3616 Aleander
699 3533 1133 3616 vicecancellarii.

611 3666 709 3738 (Noni.
728 3666 818 3725 dem.
836 3666 867 3724 Ιι.
885 3666 949 3736 ue)

649 3765 702 3836 (28.
724 3769 799 3816 Febr.
824 3767 911 3834 1521.)

231 3887 306 3950 Non
339 3886 491 3949 essendo
523 3885 655 3966 partito
687 3885 720 3946 el
752 3883 899 3947 corrieri
931 3886 978 3947 ho
1009 3885 1132 3946 voluto
1161 3883 1362 3965 aggiugner
1386 3886 1421 3946 lo

155 3991 211 4053 che
232 3993 339 4076 hoggi
363 3991 555 4055 habbiamo
579 3991 695 4054 inteso
720 3992 813 4053 delle
838 4011 922 4054 cose
941 4000 1072 4053 nostre.
1113 3991 1151 4052 Io
1167 4011 1302 4053 summo
1319 4011 1422 4054 mane

155 4109 227 4162 ante
254 4111 367 4164 ortum
399 4099 483 4163 solis
515 4098 630 4181 parlai
661 4119 727 4161 con
752 4097 940 4177 Chievres,
975 4099 1007 4160 el
1038 4098 1121 4178 qual
1151 4097 1197 4159 mi
1229 4097 1323 4159 disse
1355 4099 1422 4160 che

156 4203 253 4270 Cesar
273 4207 436 4271 massime
460 4207 601 4268 instava
625 4226 691 4288 per
714 4205 809 4268 darsi
833 4205 958 4267 ordine
983 4205 1017 4266 al
1040 4203 1130 4267 fatto
1156 4204 1191 4265 di
1216 4204 1360 4284 Luther,
1387 4213 1423 4266 et

155 4312 371 4378 discorrendo
402 4333 469 4395 per
498 4312 522 4376 li
553 4311 818 4376 inconvenienti
844 4312 910 4373 che
934 4311 1111 4374 venivano
1136 4312 1330 4392 dequesta
1354 4321 1421 4373 tar-

155 4418 228 4498 nite,
250 4431 283 4484 et
306 4422 330 4484 li
353 4419 503 4503 pericoli
527 4418 724 4502 emergenti
749 4418 783 4480 in
809 4420 843 4480 la
858 4417 1083 4481 Christianiti
1109 4427 1145 4480 et
1168 4427 1260 4480 stato
1286 4418 1320 4480 di
1341 4418 1422 4480 tutti

155 4523 297 4610 Principi
319 4549 386 4610 per
409 4547 518 4590 causa
541 4527 578 4589 di
601 4528 651 4588 tal
675 4524 825 4605 heresis,
864 4525 915 4587 Mi
939 4545 1086 4607 respose
1111 4526 1176 4588 che
1202 4525 1249 4586 lui
1265 4545 1335 4588 non
1353 4535 1421 4588 tro-

155 4649 235 4695 vava
264 4637 373 4698 molta
402 4633 577 4696 difficultd
607 4633 642 4695 in
674 4633 886 4715 extinguere
911 4642 1036 4714 questa
1060 4653 1160 4712 cosa,
1194 4631 1286 4694 sesi
1311 4651 1422 4713 segue

155 4737 174 4796 l'
191 4741 304 4805 ordine
336 4749 502 4806 concetto
533 4744 579 4803 da
610 4741 758 4820 Cesum,
793 4759 878 4802 casu
911 4759 981 4821 quo
1013 4759 1050 4802 se
1080 4739 1162 4801 vedi
1196 4759 1267 4801 non
1298 4739 1422 4801 deviar

156 4845 205 4908 del
225 4857 312 4912 tutto
337 4851 396 4912 dal
421 4849 606 4930 conseglio
631 4848 666 4910 di
691 4847 806 4929 questi
824 4846 992 4928 Principi,
1018 4855 1053 4908 et
1077 4845 1136 4928 girl
1161 4856 1215 4908 tre
1230 4866 1251 4907 o
1267 4855 1422 4927 quattro-

156 4957 239 5018 volte
269 4957 363 5022 hami
392 4960 492 5020 detto
531 4957 596 5018 che
633 4955 681 5018 lui
716 4975 787 5018 non
822 4954 915 5016 vede
946 4961 1073 5034 questa
1105 4971 1189 5014 cosa
1224 4949 1297 5014 cosi
1332 4951 1420 5015 dilli-
