3425 5700
765 579 994 636 &2054

240 724 323 787 tiam
349 737 384 786 et
408 725 694 787 benedictionem
717 726 879 806 predicte
903 727 998 789 sedis
1022 728 1232 791 restituendi
1263 739 1299 790 et
1322 729 1519 810 reponendi

241 853 281 895 ac
307 836 401 894 bona
427 837 532 895 etiam
557 851 779 914 quecumque
802 831 947 895 mobilia
977 835 1035 897 vel
1059 833 1254 898 immobilia
1284 837 1520 898 hereticorum

239 939 478 1021 predictorum
513 938 541 1000 si
573 938 607 1000 in
631 938 830 1020 pertinacia
864 960 927 1002 sua
960 942 1151 1023 persistere
1177 944 1364 1006 maluerint
1392 943 1519 1023 quibus

240 1065 389 1126 cumque
414 1045 571 1125 legitime
602 1045 811 1127 accipienda
835 1048 1055 1110 concedendi
1089 1059 1126 1110 et
1160 1050 1269 1112 dandi
1300 1070 1341 1112 ac
1374 1071 1417 1112 ea
1449 1069 1519 1129 que

239 1151 386 1215 heretici
412 1153 478 1234 ipsi
502 1153 548 1214 ad
573 1152 698 1233 quevis
723 1154 801 1214 loca
819 1154 992 1216 ducerent
1017 1175 1078 1217 seu
1096 1155 1177 1218 duci
1201 1144 1361 1219 facerent
1385 1156 1420 1218 in
1441 1176 1518 1239 pre-

241 1261 320 1322 dam
338 1260 457 1339 dandi,
482 1260 645 1321 omnibus
666 1279 807 1340 quoque
832 1260 877 1322 ad
903 1261 1049 1322 servitia
1073 1261 1120 1325 M.
1138 1262 1196 1324 W.
1210 1263 1268 1326 Ul.
1293 1274 1329 1326 et
1352 1263 1406 1342 J0.
1424 1265 1518 1324 dam·

239 1377 400 1430 natorum
425 1377 460 1428 et
484 1365 722 1429 hereticorum
745 1366 945 1429 huiusmodi
969 1367 1121 1430 ubilibet
1143 1369 1379 1432 existentibus
1404 1378 1442 1431 ut
1468 1369 1517 1431 in-

241 1473 295 1535 fra
319 1473 505 1536 terminum
530 1493 594 1555 per
618 1493 683 1535 vos
706 1472 955 1556 prefigendum
983 1475 1170 1538 discedant
1197 1479 1263 1538 sub
1295 1477 1426 1539 eisdem
1458 1496 1517 1556 pe·

241 1581 295 1642 nis
319 1580 447 1660 quibus
472 1580 540 1662 ipsi
564 1581 611 1643 M.
638 1580 681 1642 V.
703 1581 759 1646 Ul.
786 1590 821 1642 et
844 1581 898 1660 J0.
923 1601 1061 1644 necnon
1086 1581 1145 1645 alii
1174 1582 1323 1646 heretici
1354 1592 1390 1645 et
1422 1584 1516 1644 dam-

239 1686 338 1769 pnati
361 1687 513 1770 predicti
538 1686 665 1749 irretiti
689 1697 770 1750 sunt
794 1688 984 1750 mandandi
1009 1688 1161 1772 illosque
1185 1710 1226 1752 ac
1256 1690 1518 1752 ecclesiasticos

239 1805 274 1856 et
298 1796 476 1856 seculares
502 1814 752 1876 quoscumque,
779 1795 1030 1876 cuiuscumque
1055 1795 1242 1878 dignitatis
1265 1797 1370 1858 etatis
1387 1796 1516 1859 littera·

239 1911 316 1964 ture
357 1922 464 1964 sexus
503 1903 560 1964 vel
598 1901 732 1964 ordinis
764 1903 920 1965 existant
953 1905 1019 1964 sub
1055 1903 1429 1989 excommunicationis
1464 1924 1518 1964 su-

239 2009 439 2090 spensionis
464 2019 500 2070 et
523 2009 703 2071 interdicti
735 2029 776 2070 ac
809 2009 915 2072 etiarn
939 2009 1149 2091 privationis
1173 2010 1275 2091 penis
1307 2009 1518 2072 auctoritate

240 2116 437 2197 apostolica
477 2136 543 2199 per
580 2115 734 2178 edictum
765 2116 931 2178 monendi
970 2130 1005 2177 et
1035 2116 1240 2197 requirendi
1271 2127 1308 2178 ut
1341 2117 1517 2178 mandatis

239 2223 444 2305 apostolicis
468 2234 674 2286 reverenter
698 2222 884 2286 intendant
909 2236 945 2285 et
968 2224 1147 2300 obediant,
1173 2245 1214 2285 ac
1239 2226 1285 2286 ab
1310 2223 1405 2287 omni
1426 2243 1516 2285 com·

238 2329 369 2393 mercio
394 2329 443 2392 M.
468 2329 528 2390 W.
554 2329 611 2392 Ul.
644 2341 680 2391 et
710 2329 764 2408 J0.
797 2350 837 2392 ac
867 2330 946 2392 aliis
976 2330 1143 2393 hereticis
1173 2330 1323 2411 prefatis
1353 2329 1516 2410 qualiter·

240 2457 378 2518 cunque
402 2447 607 2499 tenerentur
632 2438 690 2498 vel
715 2437 864 2518 obligati
889 2448 1008 2500 essent
1037 2439 1083 2500 ad
1115 2437 1233 2518 aliqua
1263 2437 1332 2498 illis
1363 2439 1519 2498 tenenda

239 2546 416 2608 servanda
440 2555 501 2606 aut
524 2544 764 2625 persolvenda
795 2545 995 2607 nullatenus
1026 2544 1197 2625 deinceps
1230 2544 1410 2625 obligatos
1438 2563 1517 2605 esse

237 2672 302 2714 nec
343 2653 388 2713 ad
427 2671 469 2712 ea
501 2671 608 2732 posse
642 2651 808 2733 compelli
837 2653 962 2714 eadem
986 2651 1197 2714 auctoritate
1222 2651 1443 2728 declarandi,
1475 2671 1517 2711 ac

237 2773 385 2840 propter
409 2756 686 2821 inobedientiam
712 2769 746 2820 et
771 2759 1003 2821 rebellionem
1024 2778 1265 2840 quoscumque
1289 2756 1444 2819 cuiusvis
1468 2757 1516 2817 di-

237 2866 394 2947 gnitatiS,
419 2867 728 2949 Archiepiscopali
755 2867 951 2949 episcopali
976 2877 1011 2930 et
1042 2866 1212 2929 abbatiali
1243 2867 1427 2928 dumtaxat
1459 2886 1518 2926 ex·

236 2974 359 3055 ceptis,
384 2983 496 3036 status
520 2973 654 3054 gradus
679 2973 813 3035 ordinis
837 2977 894 3036 vel
918 2974 1175 3055 preeminentie
1199 2972 1330 3035 fuerint
1354 2973 1383 3034 si
1407 2974 1517 3034 eccle·

236 3080 376 3143 siastice
402 3100 555 3161 persone
580 3080 830 3143 ecclesiasticis
855 3080 1089 3162 dignitatibus
1113 3080 1238 3142 officiis
1264 3090 1300 3142 et
1323 3080 1516 3159 beneficiis,

236 3188 264 3249 si
289 3208 375 3250 vero
401 3189 579 3249 seculares
603 3188 798 3249 honoribus
828 3187 937 3249 titulis
968 3187 1085 3249 feudis
1115 3185 1313 3268 privilegiis
1344 3187 1415 3248 suis
1448 3188 1515 3268 pri-

237 3294 343 3357 vandi
368 3305 403 3357 et
427 3292 603 3357 beneficia
627 3294 705 3355 aliis
728 3293 868 3355 idoneis
896 3293 1104 3356 conferendi
1137 3305 1171 3356 et
1204 3296 1251 3355 ad
1283 3315 1326 3356 ea
1356 3296 1413 3355 vel
1444 3294 1515 3356 alia

235 3402 464 3483 imposterum
497 3400 693 3463 obtinenda
725 3400 901 3462 inhabiles
933 3411 1109 3482 perpetuo
1149 3410 1185 3463 et
1216 3400 1366 3462 infames
1403 3401 1516 3461 deela-

239 3508 351 3587 randi,
376 3528 514 3571 necnon
540 3527 709 3570 censuras
734 3527 963 3588 quascunque
984 3507 1117 3588 justitia
1141 3507 1337 3569 rebellione
1362 3509 1418 3569 vel
1443 3507 1516 3568 ino·

235 3615 415 3679 bedientia
440 3615 610 3695 exigente
634 3623 742 3695 prout
765 3614 868 3676 vobis
891 3614 1071 3677 videbitur
1101 3613 1311 3677 fulminandi
1343 3624 1379 3676 et
1412 3614 1516 3675 inter·

235 3723 366 3784 dictum
390 3722 558 3803 ponendi,
583 3740 625 3783 ac
649 3721 803 3802 positum
829 3742 876 3783 ex
899 3722 1004 3783 bonis
1028 3722 1144 3784 causis
1169 3729 1205 3783 et
1228 3720 1449 3801 respectibus
1474 3722 1516 3783 si·

234 3838 292 3891 cut
317 3828 488 3910 expedire
524 3830 580 3890 vel
605 3828 691 3890 utile
721 3838 783 3889 aut
814 3828 1052 3891 necessarium
1084 3850 1162 3891 esse
1195 3828 1438 3909 cognoveritis
1470 3830 1518 3890 ad

233 3946 373 4018 tempus
398 3934 639 4017 suspendendi
664 3936 722 3996 vel
746 3944 921 4016 perpetuo
946 3935 1110 4013 tollendi,
1141 3954 1279 3996 necnon
1305 3944 1431 3996 contra
1455 3934 1514 3995 im·

235 4042 420 4123 pedientes
446 4053 481 4103 et
505 4044 756 4122 perturbantes
780 4042 883 4104 huius
906 4040 1016 4103 vestri
1042 4042 1205 4103 salutaris
1229 4041 1364 4122 negotii
1390 4062 1514 4102 execu-

234 4150 366 4213 tionem
390 4148 577 4211 summarie
593 4149 799 4229 simpliciter
816 4160 852 4210 et
876 4150 922 4211 de
946 4151 1054 4229 plano
1080 4148 1155 4210 sine
1172 4148 1322 4230 strepitu
1341 4159 1377 4210 et
1400 4147 1517 4228 figura

230 4255 353 4336 judicii
384 4256 460 4317 sola
485 4254 635 4318 veritate
658 4255 820 4337 inspecta
843 4254 1062 4336 procedendi
1095 4275 1136 4317 ac
1165 4255 1368 4337 penitentes
1399 4265 1434 4316 et
1465 4276 1516 4317 re·

234 4362 323 4425 verti
349 4362 522 4424 vollentes
547 4362 593 4423 ad
622 4362 793 4443 gremium
819 4362 980 4442 ecclesie,
1005 4362 1034 4424 si
1063 4362 1098 4423 id
1128 4363 1306 4425 humiliter
1337 4362 1516 4444 petierint,

234 4468 395 4550 exeeptis
420 4469 632 4550 supradictis
657 4468 691 4531 in
715 4468 829 4532 forma
850 4470 1013 4551 predicta
1028 4469 1238 4532 absolvendi
1255 4479 1291 4531 et
1306 4469 1516 4531 habilitandi

233 4577 278 4639 ad
303 4578 530 4657 honoresque
555 4575 748 4658 dignitates
773 4576 893 4641 officia
917 4576 1091 4640 beneficia
1115 4578 1223 4639 feuda
1248 4579 1342 4638 bona
1373 4596 1415 4638 ac
1437 4576 1517 4657 jura

233 4705 295 4746 sua
327 4683 444 4747 omnia
475 4684 635 4765 aliasque
674 4684 707 4745 in
741 4683 927 4765 pristinum
952 4694 1081 4746 statum
1106 4682 1316 4746 restituendi
1347 4704 1389 4745 ac
1414 4702 1514 4763 repo-

233 4784 340 4853 nendi
365 4810 505 4853 necnon
530 4811 608 4853 cum
643 4791 694 4854 eis
726 4792 755 4854 si
788 4804 1027 4873 opportunum
1061 4790 1241 4853 videbitur
1275 4800 1311 4852 et
1342 4788 1516 4871 expedire

232 4898 474 4979 cognoveritis
499 4898 740 4982 dispensandi,
765 4898 938 4961 officiales
963 4898 1117 4978 denique
1143 4908 1178 4959 et
1203 4897 1429 4977 magistratus
1453 4898 1513 4958 ba·
