3425 5700
646 559 893 624 0-θὲθῖῢύ

146 711 231 775 accib
262 731 416 776 conosca
447 713 513 776 che
537 713 573 776 di
596 713 646 777 lui
678 713 709 776 si
732 713 826 777 tiene
860 713 943 794 quel
966 720 1072 774 conto
1105 709 1134 774 si
1163 708 1255 773 deve
1286 729 1352 791 per
1375 707 1409 772 la

145 819 241 882 bonti
274 828 310 883 et
341 819 434 882 virth
468 841 548 893 sua;
584 821 743 884 tenetelo
775 820 914 882 intanto
946 820 1017 881 ben
1051 817 1216 881 edificate
1249 826 1285 879 et
1316 819 1410 879 bene

146 927 259 990 valete.
305 927 361 989 Ex
385 927 510 990 castris
534 925 726 1009 pontificiis
756 937 791 990 et
815 925 1001 990 Caesareis
1025 927 1120 1007 apud
1143 924 1314 1008 oppidum
1339 924 1409 986 Ho-

146 1035 283 1098 stianum
306 1033 384 1117 agri
409 1033 616 1116 Brixiensis,
641 1033 794 1097 XXVII
818 1031 985 1096 Octobris
1007 1032 1190 1096 MDXXI.

667 1229 873 1242 mmm

733 1459 807 1524 129.

175 1576 348 1658 Adrianus
366 1577 425 1659 ln
449 1577 644 1658 inehiduei
662 1575 888 1658 Perdinundo
912 1575 1081 1656 nunnae
1104 1575 1203 1656 Saeri
1221 1575 1376 1656 Romani

561 1701 710 1804 Imperii
737 1699 980 1804 gubernatori.

175 1846 274 1919 (bum
297 1847 331 1907 X.
354 1848 385 1907 rt
409 1848 491 1908 meur.
515 1847 577 1906 VH.
604 1849 732 1908 mhutae
757 1848 889 1908 brevium
915 1849 992 1908 Arm,
1009 1847 1107 1906 mv,
1130 1847 1180 1906 liu.
1205 1849 1230 1908 8.
1254 1847 1300 1906 iel.
1324 1847 1377 1918 70.)

584 1958 673 2024 (Circa
691 1959 769 2010 finem
788 1960 851 2008 anni
873 1956 961 2030 1522.)

223 2083 390 2147 Relatum
419 2093 475 2146 est
498 2082 601 2146 nobis
625 2102 705 2148 cum
728 2103 864 2147 summa
887 2082 1050 2147 molestia
1072 2091 1194 2145 nostra
1229 2092 1265 2144 et
1288 2081 1410 2164 digno·

144 2207 212 2252 rum
233 2189 301 2252 lide
324 2190 527 2256 testimonio
551 2209 638 2272 egre
660 2191 911 2272 cognovimus:
936 2211 1019 2274 ymo
1034 2191 1199 2272 exemplo
1216 2189 1411 2252 litterarum

142 2293 311 2360 cuiusdam
335 2296 449 2360 Ulrici
473 2297 619 2361 Hunten
632 2345 642 2378 ,
676 2317 764 2380 quas
796 2297 853 2361 hic
878 2296 1017 2360 accludi
1040 2295 1284 2359 mandavimus
1316 2304 1353 2358 et
1375 2295 1412 2358 in

146 2399 328 2467 Germania
351 2403 565 2486 publicavit,
596 2403 766 2488 vidimuS,
798 2425 843 2468 ex
868 2403 995 2486 quibus
1019 2424 1058 2466 se
1080 2402 1248 2467 simulans
1272 2421 1413 2466 causam

141 2527 232 2572 suam
254 2511 555 2593 contemplatione
580 2509 722 2574 divinae
746 2510 902 2576 iustitiae
924 2511 1111 2592 fundasse,
1142 2510 1239 2573 viros
1261 2509 1412 2592 primum

140 2616 322 2681 bellatores
353 2639 396 2681 ac
427 2638 550 2681 omnes
574 2618 664 2681 alios
688 2638 807 2682 secum
830 2630 937 2682 vocat
968 2616 1195 2698 concitatque
1226 2625 1413 2680 utcontra

139 2721 274 2788 Fratres
288 2719 423 2788 ordinis
439 2725 725 2808 praedicatorum
749 2736 785 2790 et
800 2727 850 2790 eis
866 2726 1078 2789 auxiliantes
1093 2744 1182 2806 quos
1196 2744 1279 2787 suos
1292 2724 1412 2787 hostes

137 2833 307 2916 appellat,
344 2832 579 2915 omnibusque
602 2831 738 2897 viribus
762 2833 834 2897 suis
858 2841 985 2915 agant,
1021 2834 1118 2896 bona
1140 2830 1285 2914 capiant
1309 2829 1412 2912 eique

136 2938 265 3001 auxilia
280 2948 404 3003 contra
419 2940 564 3003 eosdem
580 2943 790 3024 praebeant,
806 2958 938 3021 magno
954 2939 1168 3003 detrimento
1185 2937 1269 3001 fidei
1283 2937 1412 3000 Christi

134 3062 240 3124 quam
263 3046 496 3126 labefactare,
531 3066 613 3128 ymo
638 3057 806 3129 tanquam
831 3048 887 3109 leo
913 3046 1059 3129 rugiens
1082 3046 1285 3128 opprimere
1308 3064 1412 3107 cona·

134 3160 205 3233 tur,
241 3174 282 3217 ac
304 3154 460 3218 maximo
484 3154 643 3237 periculo
668 3153 921 3217 invalescentis
949 3154 1157 3216 lutheranae
1180 3151 1339 3215 haeresis
1363 3152 1412 3214 in·

132 3260 249 3323 cendii
282 3282 360 3324 cum
392 3260 557 3324 fidelibus
582 3259 712 3325 Christi
735 3260 923 3324 veritatem
959 3261 1060 3324 verbi
1085 3260 1152 3323 Dei
1185 3259 1308 3323 audire
1341 3279 1413 3322 non

131 3365 244 3433 detur.
291 3367 359 3431 Fili
383 3368 529 3448 dilecte,
561 3367 661 3430 novit
684 3368 851 3431 nobilitas
875 3377 937 3430 tua
967 3368 1138 3452 religiosa
1160 3368 1276 3430 Deum
1306 3366 1412 3430 omni·

129 3482 313 3553 potentem
329 3474 506 3539 Christum
530 3474 640 3537 filium
664 3494 765 3537 suum
789 3494 855 3557 pro
877 3476 1030 3537 humano
1055 3494 1188 3556 genere
1205 3474 1412 3536 redimendo

128 3578 162 3641 in
186 3582 287 3645 hunc
309 3582 478 3645 mundum
502 3582 650 3663 misisse,
673 3581 860 3663 imperium
884 3582 975 3645 coeli
999 3592 1035 3644 et
1057 3590 1175 3644 terrae
1203 3579 1236 3643 ei
1260 3581 1412 3661 dedisse,

128 3685 379 3771 Christumque
404 3689 667 3771 redemptorem
689 3687 796 3751 fidem
820 3688 933 3770 ipsam
960 3708 1055 3751 novo
1080 3698 1115 3749 et
1139 3698 1284 3751 aeterno
1308 3696 1412 3751 testa·

125 3806 246 3858 mento
273 3815 338 3859 suo
364 3794 599 3876 constituisse,
625 3796 811 3858 ecclesiam
831 3816 931 3859 suam
955 3814 1063 3877 super
1083 3813 1238 3876 persona
1261 3812 1326 3857 sua
1343 3793 1412 3856 edi·

125 3899 271 3983 dicasse,
309 3904 456 3967 Petrum
489 3901 658 3966 vicarium
689 3924 790 3966 suum
820 3903 930 3966 totius
953 3902 1136 3965 Ecclesiae
1167 3910 1347 3983 pastorem
1377 3900 1414 3963 in

125 4011 240 4090 terris,
268 4010 500 4092 reliquosque
517 4012 699 4091 apostolos
720 4008 804 4073 fidei
818 4030 904 4073 suae
920 4010 1099 4072 ministros
1113 4008 1299 4090 Evangelii
1314 4028 1413 4090 prae·

125 4116 311 4181 dicatores
326 4136 392 4199 per
404 4116 608 4180 universum
620 4117 788 4180 mundum
802 4118 1014 4180 declarasse.
1037 4115 1141 4179 Nosti
1154 4115 1258 4178 etiam
1269 4115 1414 4179 Petrum

125 4222 316 4288 Ecclesiae
339 4232 521 4305 pastorem
554 4232 590 4286 et
613 4226 796 4305 apostolos
820 4224 918 4306 ipsos
941 4224 977 4287 in
1001 4222 1129 4306 quibus
1153 4223 1314 4287 Ecclesia
1336 4224 1415 4306 ipsa

124 4338 157 4393 et
180 4330 354 4396 Christus
387 4329 455 4392 fuit
485 4328 592 4393 fidem
624 4329 738 4412 ipsam
770 4329 807 4393 in
831 4333 919 4394 orbe
942 4331 1192 4414 praedicantes
1224 4332 1414 4413 plerosque

124 4438 215 4502 viros
252 4437 393 4519 ubique
428 4436 488 4518 qui
513 4437 739 4519 evangelium
772 4445 954 4501 creaturas
988 4439 1158 4501 docerent
1191 4438 1415 4501 substituisse

123 4554 155 4609 et
177 4548 395 4610 universum
419 4564 513 4626 pene
537 4545 703 4607 mundum
728 4545 774 4606 ad
792 4543 968 4608 Christum
992 4566 1034 4609 ac
1058 4546 1103 4607 ad
1127 4546 1314 4609 veritatem
1335 4566 1413 4609 con-

122 4655 292 4727 vertisse3
336 4652 523 4715 Romanos
556 4670 642 4713 vero
675 4650 863 4731 pontifices
895 4653 994 4715 Petri
1026 4671 1252 4717 successores
1284 4652 1415 4717 Christi

122 4780 263 4845 quoque
299 4758 478 4840 vicarios,
515 4767 743 4840 sanctamque
767 4758 964 4823 Ecclesiam
995 4760 1032 4822 in
1065 4760 1193 4841 quibus
1223 4759 1313 4824 fides
1336 4760 1415 4842 ipsa

123 4886 200 4952 ymo
222 4866 400 4934 Christus
424 4864 491 4929 iuit
515 4874 551 4928 et
574 4873 639 4945 est,
662 4885 768 4928 cursu
792 4876 990 4948 temporum
1014 4876 1051 4930 et
1073 4866 1340 4950 opportunitate
1363 4887 1415 4930 re·
