3425 5700
671 577 899 638 Milli&

146 727 217 789 bita
240 747 320 790 esse
344 727 529 807 publicari,
555 736 600 805 et,
624 739 766 791 servato
788 728 913 791 ordine
936 720 971 789 iri
997 727 1128 810 licteris
1152 727 1287 790 servari
1305 726 1422 805 solit0,

146 833 287 914 publico
312 833 387 914 igni
410 835 569 897 comburi
593 837 845 917 procurabitis:
870 836 905 898 in
931 854 1000 916 quo
1025 854 1099 896 rem
1124 833 1280 897 debitam
1305 845 1340 896 et
1365 855 1420 897 no-

146 941 197 1002 bis
222 942 258 1002 in
284 941 406 1023 primis
421 951 560 1022 gratam
584 940 734 1024 facietiS,
759 953 866 1024 atque
891 963 935 1005 ne
960 962 1063 1004 secus
1085 941 1240 1021 faciatis,
1270 961 1341 1003 non
1364 941 1424 1003 im-

147 1047 271 1128 periali
304 1049 428 1130 modo,
461 1052 525 1112 sed
556 1060 591 1112 et
624 1049 855 1112 Archiducali
880 1059 1002 1112 nostro
1023 1050 1102 1130 jure
1126 1048 1228 1111 vobis
1251 1048 1423 1130 praecipi-

148 1175 237 1236 mus,
271 1165 308 1219 et
330 1157 547 1222 mandamus.
601 1157 774 1220 Volumus
800 1157 892 1220 enim
915 1177 981 1219 vos
1010 1164 1045 1218 et
1075 1176 1199 1218 omnes
1222 1156 1311 1218 alios
1335 1155 1424 1218 scire

148 1283 209 1326 nos
233 1283 301 1344 pro
325 1263 520 1344 imperialis
542 1264 726 1347 dignitatis
750 1264 880 1344 officio,
905 1273 941 1329 et
964 1272 1086 1326 nostra
1110 1263 1216 1325 etiam
1240 1272 1367 1325 natura
1389 1263 1424 1324 in

150 1370 266 1450 primis
291 1379 494 1451 curaturOS,
521 1393 593 1435 non
617 1374 729 1435 solum
761 1392 806 1434 ne
837 1381 961 1434 sancta
989 1368 1103 1432 Sedes
1127 1371 1356 1452 Apostolica,
1389 1379 1426 1433 et

151 1476 356 1540 universalis
372 1477 544 1559 Ecclesia,
569 1489 730 1561 tempore
750 1479 938 1561 presertim
954 1487 1086 1557 nostro,
1114 1479 1257 1559 aliquod
1272 1478 1426 1539 schisma

153 1595 207 1646 aut
230 1585 480 1648 detrimentum
504 1586 678 1668 patiatur:
714 1587 777 1650 sed
802 1595 837 1648 et
862 1595 900 1647 ut
924 1586 959 1647 in
984 1605 1119 1647 summa
1142 1605 1232 1666 pace
1256 1584 1425 1666 tranquil·

153 1691 255 1770 litate,
280 1701 316 1754 et
339 1693 469 1756 unione
495 1695 615 1776 degat,
639 1693 775 1776 floreat,
801 1703 837 1755 et
852 1702 1083 1775 propagetur,
1100 1711 1236 1754 summa
1260 1711 1330 1772 ope
1354 1690 1423 1752 eni-

153 1817 268 1860 xuros:

235 1905 334 1967 Bene
358 1907 486 1973 valete.
537 1908 666 1970 Datum
693 1907 873 1970 Wormac.

769 2299 800 2364 8.

478 2405 544 2485 Lao
573 2406 615 2487 X.
644 2406 787 2486 nuntiis
814 2405 855 2485 in
884 2402 1084 2486 Germania

446 2544 552 2612 (iason
572 2543 605 2602 Σ
623 2544 699 2616 aeg.
719 2544 766 2603 tlt
785 2544 870 2602 uta
889 2542 944 2601 iol.
963 2543 1003 2601 ⁷4
1019 2544 1141 2615 tergo.)
1208 2595 1212 2605 .

679 2652 714 2720 ts·
735 2658 797 2721 Jan·
821 2659 904 2717 1521·)

237 2771 308 2834 Leo
341 2781 408 2834 etc.
433 2770 582 2833 Dilectis
615 2769 695 2833 liliis
719 2771 871 2834 Alberto
899 2770 950 2832 tit.
976 2769 1090 2832 sancti
1114 2767 1308 2853 Grisogoni
1331 2790 1427 2852 pres·

156 2878 273 2959 hytero
290 2878 469 2941 Cardinali
487 2878 700 2960 Maguntino
725 2889 760 2940 et
775 2879 915 2940 Marino
933 2876 1137 2940 Carraciolo
1162 2898 1204 2941 ac
1219 2878 1428 2942 Hieronimo

157 2984 331 3048 Alcandro
368 3006 508 3048 necnon
539 2986 692 3064 Johanni
723 2985 830 3047 Eccio
865 2985 1022 3047 Notariis
1055 2994 1091 3047 et
1127 2984 1265 3047 nunciis
1299 2986 1428 3047 nostris

157 3093 357 3173 respective,
383 3092 541 3155 Salutem
575 3103 641 3154 etc.
667 3090 878 3173 Apostolice
904 3090 1009 3153 Sedis
1032 3091 1259 3173 providentia
1283 3092 1427 3154 circum-

157 3210 270 3279 specta
293 3208 418 3262 contra
443 3220 504 3261 eos
528 3199 587 3281 qui
611 3198 768 3262 heretice
792 3198 979 3281 prauitatis
1003 3208 1085 3261 sunt
1108 3202 1191 3260 labe
1215 3199 1370 3281 respersi
1391 3208 1429 3260 et

157 3324 294 3385 quorum
311 3306 469 3387 nequitia
486 3306 596 3387 serpit
621 3317 659 3368 ut
683 3326 820 3380 cancer,
846 3326 890 3368 ne
914 3306 949 3367 in
975 3306 1124 3369 aliorum
1148 3305 1342 3387 perniciem
1365 3327 1429 3368 sua

158 3430 286 3475 venena
317 3412 518 3475 diffundant
548 3415 611 3474 sed
639 3412 674 3474 in
700 3427 821 3475 eorum
846 3411 1011 3475 versutiis
1036 3408 1071 3475 et
1095 3413 1216 3494 pravis
1241 3412 1428 3476 conatibus

158 3529 418 3600 compescantur
448 3518 601 3583 libenter
625 3519 786 3600 intendit,
823 3528 860 3582 et
893 3529 999 3601 prout
1034 3520 1206 3601 expedire
1242 3519 1427 3600 cognoscit

158 3628 304 3689 remedia
328 3625 475 3689 adhibet
500 3637 712 3708 opportuna.
749 3626 835 3689 Cum
859 3626 947 3688 alias
971 3625 1061 3688 false
1084 3625 1168 3688 fidei
1193 3628 1348 3688 cultores
1372 3646 1429 3688 va·

158 3750 232 3792 nam
255 3734 373 3796 mundi
397 3732 549 3816 gloriam
573 3742 764 3815 querentes
788 3734 978 3796 nonnullos
1002 3753 1142 3795 errores
1164 3732 1342 3795 hereticos
1367 3753 1430 3795 seu

158 3840 378 3903 scandalosos
414 3850 475 3903 aut
507 3840 643 3922 piarum
676 3839 812 3903 aurium
845 3838 1039 3903 offensivos
1069 3840 1105 3901 in
1133 3838 1254 3902 inclita
1285 3839 1430 3903 natione

158 3947 353 4017 germanica
383 3947 632 4027 seminassent,
667 3947 741 4009 Nos
771 3958 878 4028 prout
909 3956 1031 4010 nostro
1061 3946 1233 4027 pastorali
1259 3946 1430 4008 incumbit

159 4049 270 4113 officio
292 4052 415 4117 habita
438 4073 546 4135 super
569 4054 637 4117 hiis
657 4074 735 4116 cum
751 4052 922 4116 fratribus
938 4053 1118 4116 nostriset
1135 4052 1313 4116 nonnullis
1329 4073 1429 4115 sacre

158 4154 346 4241 l'heologie
363 4170 399 4223 et
415 4160 597 4242 utriusque
614 4160 707 4240 Juris
724 4160 987 4242 professoribus
1004 4170 1141 4222 matura
1162 4160 1429 4241 deliberatione,

158 4260 236 4325 illos
259 4267 298 4327 de
323 4269 526 4330 eorumdem
549 4266 698 4329 fratrum
723 4266 871 4330 consilio
887 4276 1056 4347 tanquam
1072 4266 1183 4329 falsos
1201 4276 1236 4328 et
1252 4267 1430 4329 hereticos

159 4388 219 4430 seu
253 4375 476 4437 scandalosos
508 4384 568 4437 aut
599 4375 737 4455 piarum
762 4375 896 4436 aurium
921 4373 1114 4436 offensivos
1135 4373 1264 4436 merito
1288 4376 1430 4436 damna·

160 4475 269 4539 vimus
284 4491 316 4542 et
332 4482 612 4564 reprobavimus,
637 4502 679 4544 ac
704 4482 868 4544 omnibus
893 4480 1022 4544 Christi
1043 4479 1208 4542 fidelibus
1232 4482 1298 4543 sub
1324 4481 1429 4544 certis

159 4582 261 4660 penis
288 4597 366 4651 tunc
400 4589 580 4671 expressis
613 4588 856 4651 mandavimus
890 4609 935 4650 ne
959 4607 1098 4651 errores
1122 4588 1219 4668 ipsos
1242 4587 1430 4669 predicare

159 4706 219 4750 seu
251 4692 437 4759 defendere
467 4706 723 4778 presumerent.
770 4696 814 4757 Et
845 4694 928 4777 quia
959 4714 1098 4758 errores
1129 4694 1196 4777 ipsi
1222 4713 1284 4756 seu
1309 4714 1431 4757 eorum

159 4796 266 4877 aliqui
287 4800 318 4864 in
342 4804 471 4866 libellis
496 4803 678 4865 cuiusdam
695 4803 838 4865 Martini
856 4802 1001 4865 Lutheri
1025 4802 1308 4884 reperiebantur,
1332 4801 1429 4864 libel-

161 4903 210 4965 los
235 4904 325 4985 ipsos
348 4912 454 4973 etiam
479 4910 722 4973 damnavimus
746 4930 787 4971 ac
813 4909 946 4972 eisdem
962 4907 1257 4972 Christifidelibus
1281 4912 1346 4972 sub
1368 4910 1429 4972 eis·

183 5026 266 5079 Belou,
278 5031 412 5075 Documenta
421 5035 560 5075 Lutheraua.
1254 5016 1270 5071 2
