3425 5700
653 512 899 569 &ilidii-⁰

139 657 377 739 imperitorum
401 659 538 722 animos
565 660 778 723 auctoritate
804 664 1039 743 placaturam:
1066 672 1191 744 postea
1208 684 1415 746 veroquam

139 765 213 828 aliis
237 775 344 847 atque
374 766 452 828 aliis
483 767 621 830 nunciis
655 767 896 830 intelleximus
923 767 1072 831 maiores
1107 769 1265 851 quotidie
1300 781 1416 833 motus

139 870 272 935 inistis
296 872 383 935 locis
408 873 590 953 concitari,
614 883 784 937 testamur
809 875 933 954 Deum,
959 873 1008 937 fili
1033 875 1223 955 carissime,
1248 897 1312 939 nos
1337 897 1416 938 cum

140 977 213 1042 aliis
236 979 401 1067 omnibus
425 980 540 1044 causis
565 991 600 1042 et
623 981 833 1061 rationibus,
866 991 940 1044 tum
975 1001 1061 1044 vero
1092 985 1139 1045 ob
1174 1003 1252 1045 eum
1287 1003 1355 1064 quo
1380 998 1415 1045 te

139 1087 380 1170 prosequimur
415 1107 570 1153 amorem
601 1108 773 1151 summum
803 1098 839 1151 et
870 1087 1096 1170 singularem,
1122 1109 1252 1170 magno
1288 1090 1414 1153 dolore

141 1193 244 1256 fuisse
269 1193 435 1258 affectos:
461 1214 673 1276 quamquam
698 1195 790 1258 enim
815 1196 851 1258 in
872 1197 938 1258 hoc
957 1197 1049 1259 malo
1066 1199 1176 1259 multa
1193 1196 1416 1259 incommodo

142 1299 265 1380 insunt,
291 1322 382 1382 quae
407 1322 471 1364 nos
495 1295 618 1382 gregis
652 1303 763 1365 nostri
797 1305 945 1365 salutem
973 1323 1171 1386 pacemque
1202 1311 1417 1386 quaerentes

143 1407 368 1471 vehementer
391 1409 626 1491 perturbant,
658 1418 776 1472 tamen
807 1410 894 1472 illud
920 1421 973 1473 est
999 1409 1034 1472 in
1059 1409 1176 1472 animo
1202 1421 1322 1473 nostro
1348 1431 1415 1472 ma-

143 1514 269 1577 ximum
293 1525 329 1577 et
352 1515 600 1597 gravissimum
625 1515 721 1598 quod
744 1526 780 1578 te
814 1519 922 1579 talem
952 1527 987 1578 et
1015 1516 1076 1579 tali
1109 1518 1240 1580 virtute
1272 1518 1416 1600 ingenio

142 1621 355 1685 humanitate
378 1622 568 1705 prudentia
581 1622 759 1705 preditum
785 1623 1017 1686 clarissimum
1041 1623 1416 1707 religiosissimumque

144 1727 355 1810 principem,
387 1729 441 1792 his
465 1730 633 1812 periculis
656 1751 698 1792 ac
732 1730 910 1794 aerumnis
938 1731 1083 1814 indigne
1112 1730 1257 1794 ferimus
1281 1731 1418 1794 conflic-

144 1834 226 1913 tari,
262 1855 353 1916 quae
388 1836 492 1899 nobis
527 1839 595 1899 hoc
634 1837 740 1900 etiam
769 1837 935 1901 videntur
966 1837 1171 1901 iniustiores
1204 1859 1274 1920 quo
1300 1848 1359 1901 tua
1382 1839 1418 1900 in

146 1940 211 2004 illis
234 1943 350 2025 magis
383 1953 418 2004 et
450 1943 563 2006 virtus
597 1946 713 2007 elucet
749 1955 784 2007 et
816 1944 923 2008 animi
956 1946 1163 2026 magnitudo
1174 1995 1182 2024 ,
1219 1967 1287 2009 non
1326 1946 1418 2010 enim

144 2048 239 2112 cedis
253 2049 367 2112 labori
380 2070 493 2131 neque
505 2051 805 2114 succumbendum
820 2063 936 2133 putas
954 2055 1018 2115 sed
1031 2055 1103 2115 alta
1120 2063 1155 2116 et
1168 2063 1288 2116 erecta
1302 2063 1419 2116 mente

145 2155 228 2218 nihil
251 2156 412 2219 exoritur
435 2157 613 2238 repentini
638 2158 740 2238 mali,
765 2159 822 2221 cui
845 2168 883 2220 tu
909 2179 978 2222 non
1003 2159 1156 2222 subitum
1181 2180 1342 2244 opponas
1366 2179 1418 2222 re·

145 2263 304 2327 medium.
359 2263 502 2346 Quanto
540 2273 659 2328 autem
694 2266 806 2328 maior
836 2274 897 2329 tua
927 2265 966 2328 fit
1001 2268 1111 2329 virtus
1142 2275 1178 2330 et
1209 2267 1417 2344 constantia,

146 2379 240 2430 tanto
265 2391 308 2432 ea
331 2391 423 2452 quae
448 2381 483 2435 te
506 2373 637 2455 premit
659 2373 883 2455 perturbatio
901 2373 1066 2440 odiosior.
1097 2375 1221 2456 Itaque
1246 2394 1310 2435 nos
1335 2394 1417 2436 nun·

147 2496 245 2556 quam
270 2478 453 2541 molestius
476 2478 619 2541 tulimus
643 2480 734 2542 hanc
759 2500 850 2561 quae
875 2501 940 2543 nos
965 2501 1158 2563 oppressos
1188 2490 1286 2544 tenet
1316 2479 1421 2566 Sedis

148 2583 371 2664 Apostolicae
386 2584 644 2668 impotentiam;
660 2587 832 2649 vellemus
848 2587 952 2666 enim,
970 2588 998 2650 si
1017 2587 1148 2668 liceret,
1167 2608 1209 2650 ea
1233 2587 1296 2650 tibi
1313 2607 1420 2669 posse

146 2688 268 2753 afferre
293 2690 462 2774 subsidia,
486 2711 551 2773 per
567 2713 659 2774 quae
684 2703 719 2755 et
743 2693 989 2775 tranquillitati
1013 2704 1094 2758 tuae
1120 2704 1156 2758 et
1170 2694 1281 2757 amori
1298 2704 1419 2757 nostro

145 2795 179 2859 in
202 2806 236 2861 te
259 2797 459 2865 satisfieret.
506 2797 579 2863 Sed
604 2820 674 2883 quo
698 2821 764 2864 nos
787 2811 967 2865 vertamur
991 2821 1061 2865 non
1086 2802 1267 2883 habemus,
1293 2802 1337 2865 ad
1363 2821 1419 2865 ve-

146 2914 236 2968 teres
259 2905 351 2968 enim
383 2916 523 2969 nostras
554 2906 782 2971 difficultates
807 2929 921 2971 novae
945 2908 1085 2990 aliquae
1117 2928 1301 2972 accessere
1333 2929 1421 2990 quas

146 3011 242 3073 novit
257 3011 374 3075 Nobm
397 3022 475 3087 tua;
501 3034 615 3095 neque
640 3034 733 3077 nunc
756 3015 923 3078 attineret
938 3016 1057 3079 facere
1080 3036 1144 3078 nos
1160 3018 1282 3078 harum
1303 3037 1419 3079 rerum

146 3114 355 3181 mentionem
376 3118 443 3181 nisi
458 3120 520 3181 illo
536 3118 651 3183 animo
668 3141 824 3184 essemus
839 3122 957 3185 omnia
971 3142 1036 3203 pro
1052 3132 1112 3185 tua
1127 3142 1233 3185 causa
1248 3121 1419 3196 faciendi;

147 3236 299 3289 nostram
323 3226 484 3307 quidem,
509 3246 599 3308 quae
624 3238 766 3291 nostrae
791 3230 906 3292 adhuc
930 3228 1118 3310 potestatis
1139 3238 1210 3309 est,
1234 3229 1419 3291 auctorita·

147 3342 215 3395 tem
236 3332 515 3396 benivolentiam
540 3333 693 3397 studium
717 3336 763 3397 ad
788 3346 848 3397 tua
862 3337 979 3399 omnia
1002 3336 1185 3399 commoda
1200 3335 1419 3417 pollicemur,

147 3460 186 3501 ac
217 3440 386 3503 vellemus
418 3450 454 3503 et
477 3449 600 3504 nostra
624 3449 660 3504 et
682 3452 743 3504 tua
768 3454 804 3505 et
826 3441 1053 3505 Serenissimi
1084 3442 1203 3506 fratris
1227 3442 1277 3503 tui
1301 3462 1418 3521 causa,

146 3554 282 3629 tempus
305 3550 372 3610 hoc
397 3547 524 3611 aetatis
549 3557 691 3612 nostrae
715 3550 839 3612 melius
865 3570 942 3613 esse
973 3548 1209 3631 tranquillum,
1234 3558 1273 3610 ut
1297 3570 1413 3630 quern-

147 3653 331 3717 admodum
357 3656 482 3717 eodem
507 3664 668 3737 tempore
701 3675 722 3718 a
758 3676 892 3719 summo
929 3665 965 3719 et
988 3656 1230 3736 omnipotente
1255 3655 1333 3718 Deo
1357 3676 1418 3737 gu-

146 3760 342 3823 bernationi
367 3760 434 3843 ipsi
457 3762 669 3842 populorum
690 3782 809 3825 sumus
828 3762 981 3843 prefecti
1001 3762 1051 3824 sic
1073 3762 1151 3844 pari
1176 3773 1211 3825 et
1233 3761 1420 3824 coniuncto

146 3866 260 3931 animo
285 3883 392 3950 atque
416 3888 536 3931 amore
559 3889 687 3931 munus
718 3880 875 3933 nostrum
912 3888 1177 3942 exerceremus;
1210 3869 1273 3931 sed
1302 3877 1421 3931 tantae

146 3971 304 4038 incidunt
328 3975 487 4057 quotidie
511 3984 763 4063 tempestates,
791 3987 830 4039 ut
852 3996 946 4058 pene
971 3996 990 4037 e
1014 3976 1176 4038 manibus
1200 3974 1330 4037 nostris
1353 3977 1420 4038 cla·

146 4100 210 4143 vus
235 4082 456 4153 excutiatur3
482 4082 517 4145 in
549 4082 657 4145 tantis
687 4091 805 4144 tamen
835 4081 999 4145 fluctibus
1034 4082 1154 4144 divino
1184 4081 1316 4144 auxilio
1340 4101 1419 4144 con-

146 4184 256 4251 fidere
280 4191 465 4263 debemus;
490 4188 568 4271 ipse
593 4189 684 4251 enim
709 4190 807 4252 Deus
832 4198 867 4251 et
891 4198 1028 4252 mentes
1051 4191 1164 4251 bonas
1192 4186 1354 4269 inspirat,
1386 4196 1422 4250 et

147 4292 181 4356 in
205 4314 268 4357 sua
284 4316 391 4358 causa
407 4296 612 4359 laborantes
627 4316 698 4358 non
716 4296 857 4358 deserit.
884 4296 1025 4376 Quanto
1048 4306 1164 4357 autem
1182 4296 1283 4357 labor
1307 4294 1420 4357 maior

147 4412 228 4465 tuae
251 4402 372 4466 virtuti
395 4402 601 4485 propositus
625 4412 693 4483 est,
726 4412 825 4465 tanta
858 4402 925 4465 erit
957 4402 1096 4465 virtutis
1125 4401 1202 4463 laus
1232 4400 1420 4463 illustrior:

146 4510 210 4571 sed
240 4530 301 4572 nos
330 4530 446 4593 neque
478 4529 661 4572 monemus
692 4529 808 4591 neque
841 4510 1023 4572 hortamur
1051 4506 1281 4571 Nobilitatem
1315 4516 1422 4587 tuam,

147 4616 332 4679 nonenim
356 4616 417 4679 illa
441 4616 589 4680 consilio
614 4637 679 4678 nec
705 4614 971 4678 confirmatione
994 4614 1152 4695 indiget:
1184 4613 1270 4677 illud
1303 4612 1422 4696 potius

146 4721 384 4805 significamus
426 4722 459 4785 in
496 4723 603 4787 tantis
643 4722 911 4786 difficultatibus
953 4721 1118 4784 omnium‘
1144 4740 1262 4783 rerum
1295 4719 1423 4802 quibus

146 4830 353 4911 premimur,
388 4832 480 4894 hanc
511 4839 666 4893 nostram
698 4850 776 4893 esse
806 4829 995 4893 maximam
1030 4826 1302 4889 sollicitudinem
1327 4825 1423 4908 quod
