3425 5700
676 572 905 628 Militi&

161 741 264 802 neque
290 720 396 784 animi
422 719 525 802 curis,
550 740 666 800 neque
691 717 852 800 corporis
876 719 1071 800 laboribus,
1096 730 1157 782 aut
1180 720 1276 784 vitae
1294 721 1428 804 pericu-

160 827 193 890 lis
213 829 409 910 parcend0‚
434 849 477 890 ac
501 826 620 890 omnia
634 827 1008 909 deniquexprestandq
1033 847 1123 907 quae
1147 849 1168 889 a
1182 827 1279 891 fideli
1296 829 1431 912 pariter

160 954 193 996 ac
213 934 377 1016 diligenti
403 933 534 997 Nuntio
558 933 711 1015 prestari
735 942 885 1014 possunt
910 944 945 995 et
969 934 1112 998 debent.
1152 934 1193 996 ln
1225 956 1296 1017 quo
1330 957 1430 1018 spem

160 1041 196 1103 de
208 1042 312 1105 vobis
336 1051 557 1124 conceptam,
582 1061 652 1103 non
677 1039 832 1123 impletis
855 1047 1003 1119 tantum,
1028 1041 1091 1103 sed
1117 1042 1222 1104 etiam
1239 1043 1428 1125 superatis.

160 1146 226 1227 Quo
259 1150 306 1212 ad
335 1149 525 1212 facultates
558 1167 646 1229 quas
677 1168 698 1209 a
729 1144 961 1210 Sanctissimo
985 1147 1138 1211 Domino
1164 1149 1294 1212 Nostro
1323 1151 1428 1214 vobis

160 1255 298 1319 concedi
312 1255 533 1336 desideratis,
559 1265 597 1317 ut
611 1253 755 1337 possitis
772 1253 959 1317 benivolas
983 1263 1019 1317 et
1035 1255 1209 1337 propitias
1232 1257 1334 1319 vobis
1351 1259 1427 1320 red-

160 1361 232 1426 dere
257 1382 431 1445 personas
463 1361 565 1425 istius
589 1360 763 1442 nationiS,
801 1381 893 1442 quae
926 1381 992 1424 vos
1029 1361 1153 1424 iuvare
1185 1372 1354 1445 poterunt
1390 1363 1426 1426 in

160 1488 258 1550 opere
294 1480 418 1534 contra
441 1469 635 1532 Martinum
658 1467 850 1531 Lutherum
885 1467 989 1531 vobis
1013 1469 1210 1549 commisso,
1250 1469 1429 1534 Sanctitas

161 1573 220 1638 Sua
245 1585 394 1659 propter
417 1575 681 1640 revocationem
715 1574 877 1638 similium
907 1575 1115 1639 facultatum
1148 1597 1262 1659 nuper
1286 1578 1428 1655 editam,

160 1693 190 1744 et
208 1683 242 1746 in
260 1682 475 1746 cancellaria
492 1683 704 1765 Apostolica
724 1682 954 1765 publicatam,
976 1683 1163 1766 respondit
1186 1684 1427 1766 impresentia-

159 1809 223 1852 rum
247 1792 554 1873 supersedendum
578 1809 673 1863 esse;
700 1799 753 1853 est
778 1798 896 1852 autem
920 1799 1109 1871 contenta,
1140 1793 1236 1872 quod
1259 1811 1326 1873 pro
1350 1811 1427 1874 per·

159 1897 253 1978 sonis,
278 1896 407 1979 quibus
431 1897 567 1978 gratias
592 1895 728 1978 aliquas
744 1896 994 1959 concedendas
1018 1917 1098 1960 esse
1121 1896 1333 1978 indicabitis,
1357 1920 1425 1962 me·

159 2003 307 2068 morialia
331 2004 488 2084 mittatis,
514 2013 549 2068 et
573 2001 754 2067 Sanctitas
779 2001 852 2066 Sua
876 2001 984 2066 faciet
1009 2002 1168 2087 expediri
1200 2005 1337 2068 litteras
1361 2007 1426 2068 sub

159 2112 302 2191 plumbo,
328 2121 363 2174 et
387 2111 438 2176 sic
462 2111 513 2174 illi
538 2111 737 2174 uberiorem
762 2109 915 2194 gratiam
938 2111 1123 2174 habebunt
1146 2131 1168 2172 a
1186 2112 1296 2192 Papa,
1321 2132 1427 2194 quam

158 2217 305 2282 aVobis
328 2220 464 2281 habere
488 2226 646 2299 possent.
694 2215 779 2280 Sitis
804 2216 914 2298 igitur
936 2217 1032 2279 bono
1056 2215 1174 2279 animo
1182 2265 1191 2296 ,
1223 2225 1259 2280 et
1282 2227 1425 2300 sperate

157 2322 187 2384 in
208 2324 301 2404 Deo,
332 2325 391 2406 qui
422 2345 494 2387 non
523 2323 699 2406 relinquet
728 2343 871 2387 causam
896 2321 1008 2386 Suam
1046 2335 1291 2406 procurantes.
1350 2325 1424 2388 Nos

157 2431 324 2512 equidem,
353 2432 382 2495 si
406 2453 477 2513 qua
500 2432 536 2494 in
568 2451 606 2494 re
631 2432 817 2495 commodo
843 2450 884 2493 ac
909 2430 1052 2493 utilitati
1075 2441 1217 2494 vestrae
1241 2433 1425 2495 consulere

157 2538 351 2620 poterimus
376 2559 441 2620 pro
466 2539 571 2602 vobis
595 2559 666 2601 non
691 2537 794 2602 aliter
818 2559 923 2620 quam
947 2559 1012 2620 pro
1035 2537 1241 2621 nobisipsis
1259 2558 1424 2620 procura·

157 2641 269 2726 bimuS,
293 2666 334 2708 ac
359 2647 583 2709 benevalete.

556 2751 686 2816 Vester
710 2761 878 2833 tanquam
904 2749 1038 2816 Servus

1010 2876 1181 2939 tumultu
1200 2876 1310 2939 tertia

927 2970 1082 3016 Sanctorum
1103 2975 1215 3031 quatuor
1235 2969 1389 3031 Martyrum.

680 3110 705 3121 ν,
710 3110 797 3119 ΛΑΝ-φοι.

759 3324 809 3386 ll.

476 3431 686 3511 Aleander
718 3428 1089 3514 vicecancellarii).

540 3568 682 3634 (limitat.
710 3568 798 3628 Germ.
822 3567 854 3627 Ῑι.
881 3568 927 3628 iol.
956 3568 1024 3640 tat.)

570 3677 704 3747 (Fortasse
728 3692 767 3729 12.
787 3683 889 3745 Januar
910 3679 998 3746 1521.)

302 3804 376 3877 ΒΨ
401 3816 437 3867 et
459 3803 531 3877 ia¹¹2⁰
554 3804 618 3877 Duff
651 3804 717 3877 Due
749 3803 797 3866 mi
820 3805 915 3881 col¹¹1⁰

235 3926 268 3989 A
297 3931 330 3991 dl
356 3928 424 3992 XI.
455 3928 492 3991 di
523 3937 649 4009 questo
681 3928 802 4010 recepi
832 3930 867 3991 le
899 3927 935 3990 di
966 3937 1021 3991 tre
1046 3931 1090 3992 de
1115 3930 1159 3993 V.
1185 3930 1220 3993 S.
1245 3932 1334 4005 RQ
1370 3952 1421 3995 re-

156 4035 320 4111 spondero
341 4037 411 4099 alle
429 4034 522 4118 parti
540 4034 576 4097 di
594 4037 712 4116 quelle
727 4034 789 4116 poi
806 4038 872 4098 che
887 4036 974 4099 hard
992 4036 1192 4118 significato
1209 4040 1242 4100 el
1257 4059 1422 4101 successo

155 4138 241 4201 della
264 4142 328 4205 mia
352 4141 561 4205 difficillima
585 4143 748 4223 impresa.
803 4142 923 4224 Dopoi
949 4145 980 4205 el
1006 4143 1041 4206 di
1067 4144 1235 4206 xrvlss
1260 4146 1317 4207 del
1342 4165 1421 4226 pas-

34 4246 36 4257 ‘
155 4256 224 4307 sato
240 4248 351 4313 eheie
368 4249 536 4312 lescrissi
556 4249 672 4312 havea
696 4249 818 4311 scritto
842 4248 879 4310 in
903 4250 1021 4331 quelle
1045 4252 1111 4313 che
1134 4271 1201 4333 per
1224 4253 1258 4313 la
1281 4252 1421 4315 brevita

155 4352 206 4413 del
229 4362 343 4439 tempo
368 4358 435 4419 che
460 4355 591 4419 Cesare
616 4355 654 4417 fu
678 4376 699 4417 a
722 4355 911 4437 Moguntia
939 4366 976 4418 et
1003 4358 1238 4437 occupatione
1263 4360 1322 4421 del
1345 4359 1422 4432 R¹²3⁰

155 4456 352 4541 lloguntino
383 4470 418 4525 et
450 4460 503 4547 (ut
536 4458 692 4543 ingenue
715 4461 842 4543 fatear)
874 4482 939 4543 per
971 4465 1006 4525 la
1034 4464 1233 4544 perversita
1258 4466 1419 4529 de’mini-

34 4630 35 4653 χ
155 4564 211 4624 stri
234 4567 328 4631 achi
353 4570 400 4632 lui
425 4571 540 4631 havea
564 4570 648 4631 dato
673 4571 707 4632 la
731 4568 978 4632 commissione
1003 4571 1097 4632 della
1126 4590 1210 4634 cosa
1233 4572 1421 4635 lutherana

34 4678 35 4761 f
154 4680 184 4731 et
198 4692 259 4753 per
281 4675 462 4759 malignita
486 4675 522 4738 di
546 4678 664 4756 quella
687 4676 783 4755 citta,
808 4696 899 4758 quae
923 4679 970 4739 ab
994 4677 1140 4759 antiquo
1164 4698 1318 4760 nequam
1342 4679 1419 4763 fuit,

156 4786 187 4837 et
208 4798 261 4841 me
283 4781 357 4845 fece
382 4804 403 4845 a
427 4803 483 4845 me
507 4784 658 4862 qualche
682 4786 802 4845 brutto
828 4784 984 4863 scherzo,
1009 4783 1046 4846 fu
1070 4784 1161 4847 fatto
1183 4786 1276 4848 assai
1293 4786 1421 4851 fredda

156 4886 362 4954 executione.
401 4890 449 4953 Al
465 4900 632 4971 presente
657 4890 680 4952 li
706 4888 868 4972 significo
893 4893 959 4953 che
984 4893 1017 4953 el
1039 4891 1130 4961 Can?
1159 4895 1278 4975 quella
1293 4894 1420 4958 istessa
