3425 5700
822 590 1069 645 0-<31648>-0

305 737 365 816 pio
389 736 426 797 id
450 737 602 798 maxime
633 738 814 818 negabant
838 736 935 815 fore,
968 738 1033 801 che
1058 756 1128 799 non
1153 739 1188 798 la
1212 745 1364 819 potrano
1388 737 1448 817 piu
1474 757 1583 811 curar,

305 844 429 905 saltem
454 864 517 925 per
541 844 565 904 il
589 855 766 924 presente,
791 843 825 905 in
850 846 897 905 tal
924 845 1029 906 modo
1053 845 1136 925 quel
1151 845 1305 907 dracone
1323 865 1457 907 saxone
1475 848 1583 906 extol·

305 951 345 1013 lit
369 951 471 1030 colla,
495 950 530 1012 in
556 951 604 1013 tal
629 951 735 1012 modo
760 951 783 1012 li
808 950 966 1032 serpenti
983 952 1158 1014 lutherani
1176 971 1264 1014 sono
1282 951 1504 1032 multiplicati
1521 954 1583 1013 che

305 1058 456 1120 sibilano
481 1058 588 1140 longe
613 1059 755 1138 lateque
780 1069 949 1138 quantum
974 1059 1113 1136 volunt,
1148 1080 1166 1120 e
1200 1063 1367 1138 questoro
1401 1067 1521 1121 tacent
1552 1070 1584 1122 et

306 1166 351 1227 mi
377 1186 442 1247 par
459 1166 523 1228 che
548 1174 718 1229 tremano.
765 1165 894 1227 Vorrei
919 1185 997 1226 curn
1021 1165 1136 1245 poche
1160 1166 1297 1246 parolle
1320 1165 1453 1228 scriver
1470 1167 1584 1229 alcuni

306 1274 379 1336 casi
405 1274 470 1336 che
494 1293 561 1354 pur
586 1295 606 1335 a
630 1272 742 1353 quest'
764 1273 853 1335 hora
879 1293 933 1334 me
958 1273 1136 1335 assaltano
1161 1273 1206 1334 da
1240 1272 1325 1355 ogni
1365 1273 1497 1353 banda,
1531 1295 1584 1336 rna

305 1383 579 1463 besognarebbe
604 1380 736 1443 scriver
759 1380 889 1443 volumi
915 1399 985 1442 non
1009 1382 1148 1460 lettere,
1173 1389 1209 1442 et
1232 1380 1266 1442 io
1292 1402 1346 1442 me
1371 1380 1495 1443 dubito
1521 1383 1583 1443 che

306 1498 429 1569 queste
466 1509 535 1550 non
572 1487 662 1550 siino
697 1508 763 1568 pur
787 1497 917 1568 troppo
949 1487 1125 1567 taediose,
1162 1488 1190 1549 si
1214 1508 1278 1569 per
1303 1507 1373 1550 non
1403 1488 1528 1551 referir
1554 1492 1582 1550 al

307 1593 400 1658 SS¹¹¹⁰
425 1617 445 1657 e
466 1617 487 1657 a
504 1595 548 1657 V.
566 1594 603 1657 S.
621 1596 697 1657 Rma
721 1616 805 1657 cosa
829 1596 894 1657 che
918 1596 1027 1657 molto
1051 1595 1076 1657 li
1100 1594 1246 1675 piaccia,
1272 1594 1300 1656 si
1316 1615 1380 1676 per
1401 1597 1434 1656 la
1449 1596 1585 1676 grande

306 1702 487 1766 verbositir
512 1700 599 1776 mia;
634 1723 690 1763 ma
714 1702 738 1764 il
762 1701 896 1764 scriver
929 1722 1011 1764 cose
1035 1701 1157 1763 noiose
1182 1700 1426 1781 imputandum
1451 1711 1505 1763 est
1529 1723 1583 1763 ne-

307 1809 463 1873 cessitati
487 1829 595 1872 verae
619 1810 677 1871 vel
701 1808 819 1891 potius
844 1809 970 1889 culpae
994 1808 1190 1885 hominurn,
1223 1817 1257 1870 et
1282 1809 1347 1871 che
1381 1810 1414 1871 io
1443 1809 1484 1871 sii
1509 1830 1583 1871 ver-

308 1922 396 1980 boso
411 1919 445 1979 lo
463 1916 500 1979 fa
516 1918 582 1979 che
606 1916 652 1978 mi
677 1915 706 1978 si
730 1914 850 1996 gonfia
875 1916 908 1977 el
933 1935 1015 1976 core
1040 1936 1085 1977 ex
1111 1914 1208 1977 cuius
1233 1916 1450 1978 abundantia
1474 1937 1514 1978 os
1539 1918 1583 1978 lo-

307 2026 434 2106 quitur.

395 2132 483 2194 Heri
514 2130 538 2194 li
563 2128 766 2193 Caesariani
796 2131 833 2191 in
856 2150 998 2192 camera
1028 2130 1065 2192 di
1090 2130 1221 2193 Caesar
1252 2131 1283 2193 ci
1315 2130 1451 2193 dissero
1475 2132 1586 2192 haver

307 2238 429 2301 scritto
454 2261 475 2301 a
499 2236 770 2300 l'ambasciator
795 2259 816 2299 a
838 2237 958 2299 Roma
983 2238 1133 2299 devesse
1159 2237 1285 2299 referit
1309 2239 1341 2299 al
1359 2235 1453 2299 SS¹¹¹⁰
1477 2239 1585 2299 molto

307 2345 443 2409 meliori
479 2365 571 2407 nove
603 2346 648 2406 de
679 2346 714 2406 la
745 2364 853 2406 causa
887 2344 931 2405 de
955 2343 1110 2406 Martino
1136 2346 1201 2406 che
1225 2364 1290 2425 per
1314 2354 1436 2406 nostre
1459 2345 1585 2407 lettere

307 2474 474 2516 eravamo
499 2452 593 2515 soliti
618 2454 662 2514 de
684 2450 851 2529 scrivere,
877 2460 913 2513 et
936 2452 1198 2531 quodammodo
1224 2453 1502 2532 expostulabant
1526 2471 1585 2513 no·

306 2561 459 2623 biscum:
491 2560 786 2641 respondesserno
815 2559 881 2619 che
906 2577 976 2620 non
1001 2559 1271 2620 desideravamo
1297 2557 1339 2619 ne
1364 2578 1585 2639 pregavarno

306 2667 375 2730 Dio
393 2669 437 2729 de
461 2669 552 2729 altra
576 2685 660 2728 cosa
684 2685 721 2728 se
747 2684 816 2726 non
842 2665 907 2726 che
932 2666 1008 2727 loro
1033 2686 1111 2726 curn
1136 2664 1247 2727 effetti
1273 2675 1308 2727 et
1324 2686 1395 2726 non
1421 2687 1499 2727 curn
1525 2667 1572 2728 let

308 2785 383 2838 tere
408 2794 429 2836 o
454 2794 532 2836 curn
556 2774 679 2855 parole
705 2793 744 2834 ce
769 2771 950 2834 facessero
975 2792 1082 2854 parer
1105 2771 1280 2853 bugiardi.

396 2881 464 2946 Gis
481 2890 623 2962 quattro
647 2879 763 2962 giorni
788 2881 820 2942 el
839 2879 1032 2942 Confessor
1056 2900 1112 2942 me
1136 2879 1230 2941 disse
1255 2880 1334 2940 chel
1358 2881 1481 2942 eraldo
1507 2880 1585 2943 scri-

307 3011 374 3052 vea
398 3010 419 3050 a
444 2989 596 3051 Caesare
621 3007 720 3049 corne
746 3007 895 3049 menava
921 3007 998 3049 curn
1023 3007 1106 3048 seco
1124 2995 1249 3066 questo
1266 2994 1435 3067 monstro,
1461 2996 1499 3049 et
1522 2988 1586 3050 che

307 3105 398 3159 tutto
422 3096 447 3157 il
471 3096 602 3157 mundo
627 3094 702 3156 ibat
717 3094 766 3156 illi
784 3094 925 3157 obviam
943 3093 1045 3156 effusi
1058 3092 1159 3174 pueri
1177 3093 1419 3176 innuptaeque
1433 3096 1586 3176 puellae,

308 3223 411 3266 senes
435 3223 513 3264 cum
538 3201 733 3265 iunioribus
758 3202 823 3263 che
848 3221 919 3263 non
944 3222 982 3262 se
1006 3211 1114 3283 potea
1137 3200 1323 3281 remediar,
1348 3211 1383 3262 et
1408 3221 1520 3264 ancor
1542 3203 1586 3263 de

307 3320 433 3392 questo
467 3311 632 3373 haviamo
671 3309 771 3372 diece
807 3308 891 3372 fiate
924 3308 1099 3371 rechiesto
1132 3329 1152 3370 a
1183 3307 1316 3370 Caesar
1346 3318 1515 3373 mettesse
1538 3312 1585 3372 tal

308 3419 441 3481 ordene
466 3419 532 3480 che
556 3437 620 3498 per
645 3416 729 3497 ogni
753 3418 833 3479 loco
858 3416 881 3477 l'
894 3416 1047 3478 intrasse
1072 3424 1209 3478 secreto
1235 3415 1295 3498 piu
1313 3419 1378 3479 che
1395 3417 1493 3481 fusse
1508 3439 1585 3500 pos-

307 3525 423 3597 sibile3
457 3524 668 3606 promissum
700 3523 768 3585 fuit
799 3513 1126 3585 asseverantissime
1157 3524 1220 3585 sed
1244 3542 1314 3584 non
1340 3526 1586 3596 observatum3

307 3633 436 3713 perche
473 3653 494 3693 a
530 3630 586 3693 chi
610 3630 740 3692 Cesare
776 3631 950 3692 comanda
986 3650 1055 3692 non
1092 3649 1252 3711 pensano
1288 3632 1333 3692 ad
1358 3632 1450 3693 altro
1476 3632 1539 3693 che
1565 3653 1587 3692 a

308 3740 458 3821 qualche
482 3738 675 3819 particular
699 3737 885 3799 commodo
909 3757 930 3799 o
956 3757 1038 3799 cose
1062 3736 1261 3817 temporali,
1286 3746 1321 3798 et
1343 3738 1588 3820 davantaggio

307 3847 510 3908 intendemo
535 3846 600 3907 che
624 3853 749 3925 questo
775 3845 792 3906 ὸ
817 3844 936 3926 quello
961 3845 1083 3906 eraldo
1109 3845 1173 3906 che
1198 3865 1313 3906 messe
1337 3846 1371 3907 la
1394 3865 1500 3907 mano
1516 3847 1589 3906 alla

307 3953 420 4034 spada
443 3972 508 4033 per
532 3951 587 4013 far
612 3949 796 4033 despiacer
820 3972 841 4013 a
866 3971 935 4012 uno
961 3953 1006 4013 de
1030 3952 1245 4031 sedunense,
1280 3953 1312 4014 el
1343 3953 1426 4032 qual
1450 3951 1486 4013 in
1511 3954 1588 4014 sala

308 4060 353 4121 de
378 4059 510 4122 Caesar
533 4059 708 4139 perlando
734 4057 912 4120 defendea
936 4060 970 4120 la
994 4079 1101 4120 causa
1125 4059 1183 4121 del
1200 4056 1374 4120 Pontifice
1390 4068 1515 4121 contra
1537 4079 1585 4120 un

306 4166 361 4228 fra
389 4165 527 4245 Joanne
551 4164 659 4226 Fabri
685 4165 729 4226 de
754 4164 919 4245 Augusta
944 4157 1012 4227 che
1034 4167 1092 4227 nel
1116 4184 1256 4226 sermon
1286 4165 1322 4226 in
1354 4165 1479 4227 funere
1504 4166 1586 4228 Car·

308 4272 436 4334 dinalis
453 4274 498 4334 de
515 4271 620 4352 Croy,
646 4291 749 4351 quern
764 4271 889 4334 habuit
913 4272 1119 4351 alemanice,
1143 4271 1209 4333 fuit
1225 4274 1412 4335 oblocutus
1430 4272 1475 4333 de
1490 4272 1588 4334 Sede

307 4377 513 4460 apostolica,
538 4376 669 4440 oblitus
693 4387 746 4440 tot
762 4377 1009 4441 benefitiorum
1034 4400 1055 4440 a
1071 4376 1136 4440 S¹¹¹⁰
1160 4380 1203 4440 D.
1220 4378 1262 4440 N.
1287 4388 1522 4459 acceptorum,
1545 4393 1587 4441 et

306 4485 452 4547 intendo
484 4485 549 4546 che
581 4493 706 4565 questo
739 4485 861 4546 eraldo
892 4485 909 4547 ὲ
943 4505 989 4547 un
1014 4494 1124 4547 matto
1149 4493 1318 4567 protervo
1342 4483 1586 4549 inimicissimo

307 4593 365 4653 del
390 4592 496 4669 clero,
521 4590 720 4653 sbaiaffone
740 4592 772 4652 el
797 4593 902 4673 quale
927 4591 945 4653 ὸ
970 4594 1040 4654 ben
1064 4593 1169 4655 homo
1195 4593 1245 4674 (ut
1268 4591 1366 4654 multi
1390 4593 1458 4654 iam
1483 4614 1584 4674 prae-

306 4696 440 4782 dicunt)
464 4718 529 4779 per
553 4697 608 4759 dir
632 4708 667 4760 et
691 4699 855 4778 publicar
878 4699 989 4760 haver
1012 4699 1144 4760 veduto
1169 4700 1320 4779 qualche
1344 4698 1512 4761 miraculo
1535 4701 1587 4762 de

305 4804 460 4867 Martino
485 4825 548 4885 per
572 4807 607 4867 la
631 4804 690 4867 via
714 4827 734 4867 o
760 4807 793 4868 el
817 4804 952 4887 Spirito
974 4804 1106 4868 Sancto
1131 4825 1239 4888 sopra
1261 4805 1286 4866 il
1309 4825 1400 4886 capo
1424 4825 1521 4868 corne
1542 4807 1586 4866 lo

306 4911 522 4998 depingono.
569 4913 614 4978 Et
638 4933 746 4978 ancor
770 4914 835 4975 che
860 4934 930 4975 non
947 4935 985 4976 se
1002 4914 1026 4977 li
1042 4916 1246 4977 deverebbe
1264 4915 1389 4976 creder
1404 4934 1470 4994 per
1485 4933 1589 4977 esser
