3425 5700
783 483 1030 542 &diod-0

268 634 415 698 exitium
432 633 626 696 animarum
650 651 797 713 quarum
812 629 984 712 precipue
1009 627 1112 691 nobis
1137 649 1220 692 cura
1245 631 1459 693 demandata
1483 640 1544 708 est,

267 753 340 804 tum
352 741 453 804 istius
468 738 597 803 nobilis
612 748 695 801 tuae
720 747 755 800 et
770 736 874 800 nobis
891 735 1118 798 charissimae
1135 735 1371 800 Germanicae
1395 737 1544 801 nationis

267 849 434 911 damnum
458 858 495 910 et
516 845 765 927 ignominiam:
796 864 884 926 quas
909 854 1047 905 nostras
1071 844 1292 907 hortationes
1316 844 1449 908 utinam
1472 846 1543 926 plu·

267 976 324 1018 res
349 964 384 1017 et
412 954 545 1017 maiore
577 951 693 1014 studio
730 949 991 1031 suscepissent;
1029 959 1123 1014 esset
1155 971 1246 1012 nunc
1278 950 1329 1013 illi
1359 952 1492 1033 populo
1525 971 1544 1012 a

267 1064 346 1125 Deo
371 1063 467 1124 facta
490 1062 604 1132 salus;
637 1068 755 1120 tamen
789 1077 968 1138 nunquam
992 1055 1204 1120 desistemus
1229 1058 1295 1120 hoc
1320 1057 1413 1121 idem
1438 1078 1545 1139 agere

268 1189 333 1251 pro
363 1166 551 1230 occasione
576 1175 785 1249 temporum.
831 1164 935 1226 Nunc
964 1162 1106 1245 quidem
1138 1165 1233 1245 quod
1258 1165 1303 1227 ad
1328 1174 1406 1228 tuas
1430 1175 1545 1246 postu-

267 1278 418 1338 lationes
443 1282 478 1336 et
501 1272 562 1355 pia
585 1293 626 1335 ac
655 1281 777 1335 sancta
811 1270 988 1333 desideria
1025 1271 1167 1351 attinet,
1198 1272 1385 1335 laudantes
1415 1281 1546 1335 summe

267 1380 487 1464 propositum
528 1388 563 1443 et
598 1379 822 1461 prudentiam
853 1377 1059 1440 Nobilitatis
1095 1386 1192 1458 tuae,
1231 1398 1337 1459 quum
1377 1377 1548 1442 eiusmodi

267 1488 473 1550 facultatem
496 1487 653 1549 tribuere
678 1494 821 1566 oportet
844 1485 945 1546 iuxta
969 1485 1111 1547 ordines
1127 1494 1163 1548 et
1179 1487 1323 1568 regulas
1347 1496 1546 1549 sanctorum

268 1607 418 1677 patrum,
443 1593 526 1674 quia
549 1603 675 1674 postea
698 1601 782 1654 tuae
807 1590 1027 1654 auctoritatis
1051 1592 1173 1673 gladio
1196 1591 1322 1654 armati
1345 1594 1547 1656 mandatam

269 1712 304 1763 et
328 1699 609 1763 commissionem
639 1709 735 1760 tuam
771 1711 1006 1780 exequantur,
1040 1697 1253 1762 comittimus
1288 1709 1412 1762 tenore
1450 1721 1547 1782 prac-

270 1806 422 1870 sentium
448 1816 483 1869 et
506 1806 712 1869 facultatem
736 1807 890 1887 amplam
915 1807 1039 1868 damus
1072 1805 1202 1868 dilecto
1235 1806 1308 1869 filio
1338 1816 1460 1869 nostro
1489 1806 1549 1869 Er-

269 1915 381 1977 hardo
423 1912 603 1976 Cardinali
641 1910 832 1974 Leodiensi
862 1921 900 1974 ut
935 1911 1030 1993 ipse,
1066 1912 1125 1994 qui
1160 1923 1196 1974 et
1227 1911 1388 1976 homines
1423 1923 1460 1977 et
1492 1934 1549 1976 res

269 2024 378 2084 habet
391 2021 564 2102 cognitas,
589 2021 679 2081 tales
703 2038 876 2101 personas
901 2019 1083 2082 nominare
1107 2039 1198 2100 quae
1224 2029 1259 2081 et
1283 2019 1413 2082 virtute
1438 2029 1474 2082 et
1498 2041 1550 2083 re·

269 2129 404 2210 ligione
428 2137 463 2190 et
488 2125 650 2190 doctrina
673 2136 779 2207 aptae
804 2125 875 2188 sint
897 2127 944 2188 ad
967 2124 1217 2208 inquirendum
1241 2135 1366 2189 contra
1399 2127 1550 2190 luthera·

269 2256 335 2298 nos
358 2243 394 2296 et
418 2254 490 2315 eos,
516 2234 544 2296 si
569 2233 628 2315 qui
653 2232 795 2313 fuerint,
820 2233 879 2295 vel
904 2235 1106 2314 cogendum
1130 2241 1168 2294 ut
1191 2232 1413 2315 resipiscant,
1437 2236 1496 2297 vel
1522 2232 1550 2295 si

269 2342 472 2424 pertinaces
490 2340 530 2424 in
556 2360 620 2403 suo
645 2340 780 2403 scelere
806 2349 841 2403 et
868 2339 1050 2422 impietate
1074 2339 1352 2420 permanserint,
1383 2351 1554 2424 tanquam

269 2449 470 2512 haereticos
501 2446 717 2529 puniendos;
752 2466 844 2528 quae
875 2447 982 2509 etiam
1012 2466 1189 2528 personae
1220 2446 1457 2510 nominandae
1486 2447 1553 2510 tibi

270 2563 394 2636 gratae
420 2563 455 2617 et
479 2564 650 2635 acceptae
675 2575 752 2616 esse
777 2553 1044 2635 dignoscantur.
1098 2552 1172 2616 Nos
1207 2553 1300 2616 enim
1332 2552 1463 2616 talibus
1493 2553 1554 2635 qui

272 2682 337 2744 per
361 2660 493 2723 dictum
517 2660 734 2724 cardinalem
758 2659 928 2723 nominati
954 2669 990 2722 et
1013 2680 1034 2723 a
1065 2669 1100 2722 te
1125 2659 1301 2742 acceptati
1325 2659 1457 2723 fuerint
1482 2682 1553 2724 om·

272 2789 352 2832 nem
377 2777 501 2831 tenore
526 2769 744 2850 presentium
760 2769 884 2830 damus
901 2766 1099 2850 apostolica
1113 2767 1324 2830 auctoritate
1346 2767 1554 2830 facultatem

271 2876 372 2938 simul
398 2884 434 2937 et
456 2885 671 2957 potestatem
695 2885 821 2938 contra
844 2875 958 2937 dictas
982 2874 1242 2981 ecclesiasticas
1263 2894 1435 2955 personas
1460 2896 1555 2957 quae

272 2991 471 3065 compertas
495 2982 531 3045 in
554 2982 623 3045 ista
646 2982 783 3044 nefaria
807 2981 924 3044 heresi
948 2981 1090 3062 fuerint,
1115 2981 1335 3063 procedendi
1366 2980 1473 3045 etiam
1505 2982 1555 3045 di·

271 3088 378 3151 missa
400 3088 552 3151 formula
575 3088 759 3151 iudiciaria
783 3088 971 3151 summarie
1004 3109 1045 3151 ac
1076 3088 1121 3150 de
1145 3089 1267 3170 plan0,
1293 3090 1369 3151 sola
1400 3088 1556 3152 veritate

271 3194 442 3276 inspecta,
468 3204 505 3257 et
517 3194 546 3257 si
562 3194 747 3257 convictae
763 3194 897 3256 fuerint
913 3194 992 3257 illas
1008 3194 1151 3275 publice
1168 3202 1363 3259 retractare
1387 3196 1557 3277 cogendi,

272 3302 475 3384 pertinaces
512 3312 547 3365 et
579 3300 778 3365 obstinatos
813 3300 919 3364 etiam
961 3300 1129 3363 extremis
1167 3301 1350 3383 suppliciis
1382 3301 1559 3383 puniendi

272 3408 392 3471 iuxsta
415 3407 575 3471 ordinem
600 3418 636 3471 et
659 3429 792 3471 morem
816 3430 837 3471 a
863 3406 1004 3471 Sanctis
1029 3407 1194 3469 Patribus
1218 3418 1254 3469 et
1284 3407 1437 3470 romanis
1463 3409 1558 3471 Pon-

271 3514 426 3577 tificibus
442 3525 567 3578 contra
581 3514 781 3577 haereticos
797 3522 965 3577 statutum
990 3534 1061 3577 non
1085 3513 1310 3577 obstantibus
1332 3515 1558 3596 quibuscum·

272 3641 352 3702 que.
399 3622 453 3684 Tu
479 3641 577 3702 ergo,
603 3621 731 3685 dilecte
756 3620 814 3702 fili,
839 3622 876 3683 in
899 3623 967 3685 hac
992 3620 1051 3704 pia
1076 3629 1111 3683 et
1135 3620 1311 3684 catholica
1331 3633 1450 3685 mente
1468 3643 1562 3705 erga

272 3728 550 3811 omnipotentem
566 3730 679 3791 Deum
701 3749 938 3810 perseverans
963 3728 1143 3792 confidere
1169 3728 1317 3793 debebis
1341 3740 1378 3791 te
1394 3730 1560 3811 praemia

272 3838 318 3897 ab
343 3855 386 3898 eo
411 3836 531 3917 digna,
557 3858 578 3899 a
602 3835 703 3897 nobis
727 3835 869 3917 quidem
895 3856 1032 3899 omnem
1056 3836 1217 3916 gratiam,
1244 3856 1265 3898 a
1285 3836 1421 3897 cunctis
1444 3836 1559 3899 homi-

272 3942 375 4003 nibus
400 3942 541 4004 laudem
565 3951 836 4023 reportaturum.
884 3942 964 4007 Dat.
998 3942 1137 4004 Romae
1172 3942 1229 4004 die
1253 3940 1387 4004 XXIII
1418 3942 1560 4025 Aprilis

272 4048 464 4111 MDXXV
488 4068 582 4111 anno
607 4049 775 4111 secundo.
