3425 5700
815 597 1062 653 flebam*

299 745 433 807 rebelle
458 746 528 806 alla
552 743 680 807 Chiesa
704 754 740 807 et
764 745 794 807 a'
824 746 900 807 suoi
934 745 1079 825 signori.
1133 745 1271 809 Tacere
1305 749 1460 810 anchora
1492 749 1578 829 quel

300 853 365 914 che
390 852 419 913 si
443 851 461 913 ὲ
485 850 576 913 fatto
601 871 667 913 con
693 851 777 933 ogni
802 860 899 914 sorte
924 853 968 913 de
993 850 1100 913 officii
1125 861 1161 915 et
1192 853 1353 934 obsequii
1385 854 1441 916 col
1472 852 1579 917 Serm⁰

298 958 478 1039 principe,
507 959 572 1019 che
604 958 672 1019 Dio
701 979 740 1020 sa
769 979 807 1020 se
841 979 911 1021 non
944 959 976 1019 ci
1009 958 1107 1021 fusse
1136 968 1228 1022 stato
1259 980 1359 1022 come
1383 963 1580 1023 sarebbero

299 1065 429 1127 andate
454 1066 486 1126 le
512 1085 604 1144 cose,
629 1076 666 1126 et
689 1064 748 1146 poi
773 1064 826 1127 ch'
847 1066 882 1127 io
913 1086 977 1127 son
1001 1077 1095 1128 stato
1119 1068 1268 1129 absente
1302 1066 1331 1129 si
1363 1088 1410 1149 po
1445 1069 1581 1129 vedere

300 1174 420 1253 quello
446 1174 510 1234 che
542 1192 562 1233 o
595 1192 659 1253 per
691 1173 893 1235 necessario
925 1192 945 1234 o
978 1192 1045 1254 per
1074 1174 1164 1235 altro
1197 1172 1250 1235 sia
1278 1173 1338 1254 poi
1370 1174 1508 1255 seguito
1543 1184 1581 1235 et

299 1279 583 1341 massimamente
607 1300 652 1340 ne
675 1278 700 1339 li
724 1280 867 1341 accordi
896 1300 963 1342 con
994 1280 1018 1341 li
1050 1279 1126 1342 suoi
1151 1280 1211 1342 del
1234 1279 1339 1342 conta
1364 1280 1422 1343 del
1445 1280 1580 1343 Tirolo

299 1384 433 1467 Questo
462 1387 538 1448 solo
563 1386 640 1448 diro
665 1388 729 1449 che
754 1406 819 1467 per
843 1407 942 1449 esser
965 1397 1109 1468 passato
1134 1387 1223 1449 varii
1247 1398 1283 1449 et
1306 1387 1409 1469 gravi
1431 1388 1581 1469 pericoli

299 1503 335 1553 et
357 1493 447 1554 fatto
472 1493 639 1573 passagio
664 1504 701 1555 et
724 1502 845 1556 stanza
869 1494 905 1555 in
929 1494 1051 1575 luoghi
1076 1497 1184 1556 molto
1210 1496 1378 1557 contrarii
1402 1496 1470 1557 alle
1495 1514 1582 1556 cose

299 1599 573 1679 ecclesiastiche,
598 1618 665 1681 pur
688 1600 722 1661 in
749 1600 914 1682 Augusta
938 1612 973 1663 et
994 1601 1240 1683 Nuremberga
1258 1603 1395 1665 sentine
1410 1603 1445 1663 di
1460 1604 1583 1683 quella

298 1704 386 1785 fece,
411 1704 461 1767 fui
485 1706 778 1768 honoratamente
806 1706 966 1769 ricevuto
991 1710 1056 1770 che
1088 1728 1152 1789 per
1187 1718 1277 1772 tutto
1309 1710 1356 1771 ho
1386 1709 1479 1771 visso
1510 1728 1580 1770 con

298 1813 523 1893 reputatione
548 1824 584 1875 et
606 1814 758 1885 honore;
784 1823 819 1875 et
836 1834 901 1894 per
916 1825 1122 1877 mantenere
1145 1816 1169 1878 il
1184 1818 1299 1898 grado
1324 1815 1393 1877 mio
1418 1825 1453 1877 et
1476 1816 1520 1876 de
1547 1817 1583 1877 la

299 1916 394 1981 Sede
418 1920 627 2000 Apostolica
652 1930 687 1981 et
711 1940 776 2001 per
797 1921 975 1982 rendermi
1001 1921 1166 1984 benevoli
1194 1921 1303 2004 quelli
1319 1922 1472 2004 principi
1486 1924 1582 1984 oltra

300 2028 334 2088 le
358 2026 484 2107 larghe
509 2026 704 2107 provisioni
734 2029 798 2088 che
827 2028 874 2088 ho
905 2029 1038 2089 havuto
1070 2029 1116 2090 da
1146 2029 1189 2091 N.
1223 2028 1258 2092 S.
1292 2033 1327 2092 la
1357 2028 1427 2091 mia
1450 2030 1582 2090 debole

297 2136 404 2194 borsa
428 2133 474 2194 ha
498 2141 638 2195 sentuto
663 2136 797 2195 anchor
820 2153 891 2195 non
916 2154 1008 2214 poco
1033 2134 1220 2197 incomodo
1246 2144 1281 2197 et
1305 2136 1442 2207 danno;
1471 2156 1527 2197 ma
1548 2138 1584 2196 la

298 2238 619 2302 inconsideratione
644 2240 679 2301 di
705 2242 821 2321 quelle
846 2244 970 2321 parole
996 2262 1067 2303 non
1092 2241 1112 2302 ὲ
1136 2243 1207 2304 tale
1232 2244 1298 2304 che
1322 2242 1356 2304 io
1389 2243 1507 2304 debba
1545 2242 1582 2303 in

299 2357 423 2428 questa
446 2357 548 2428 parte
572 2344 682 2409 molto
707 2346 892 2411 dilatarmi.

388 2453 442 2516 Ne
466 2456 501 2515 la
526 2452 712 2515 clementia
738 2463 773 2514 et
796 2453 981 2535 benignita
1005 2454 1040 2515 di
1064 2454 1107 2519 N.
1133 2452 1169 2517 S.
1195 2474 1299 2535 spero
1319 2455 1385 2517 che
1400 2456 1581 2533 havend0‚

299 2581 398 2623 come
424 2560 467 2624 V.
493 2558 529 2621 S.
553 2560 678 2635 scrive,
703 2559 793 2621 satta
818 2560 852 2621 la
875 2569 978 2642 parte
1014 2561 1100 2640 mia,
1131 2561 1166 2623 la
1195 2560 1273 2623 sara
1305 2572 1472 2624 contenta
1505 2583 1581 2623 non

298 2668 343 2729 mi
369 2688 522 2749 gravare
546 2666 604 2749 pilr
631 2668 722 2729 oltra
746 2666 781 2728 in
807 2678 932 2748 questa
956 2668 1153 2749 legatione,
1182 2670 1218 2730 la
1242 2671 1346 2749 quale
1370 2668 1437 2730 mai
1462 2667 1580 2749 potrei

227 2832 231 2841 .
298 2795 363 2837 con
388 2777 507 2835 buono
531 2774 646 2836 animo
671 2783 849 2836 accettare
874 2775 1050 2837 stimando
1084 2776 1149 2836 che
1183 2774 1218 2836 S.
1253 2772 1392 2836 Santith
1423 2795 1582 2837 conosca

299 2885 365 2946 che
389 2891 481 2944 tutta
505 2893 630 2964 questa
653 2883 808 2963 impresa
831 2883 983 2944 accettai
1009 2885 1085 2945 solo
1109 2903 1174 2964 per
1198 2882 1403 2945 obedientia
1428 2893 1463 2944 et
1479 2903 1581 2944 reve-

300 2990 416 3052 rentia
453 2991 488 3052 di
520 2987 556 3052 S.
593 2990 670 3051 Bne
706 2999 741 3050 et
775 3009 814 3052 se
850 2990 894 3054 V.
926 2987 978 3051 S¹⁸
1014 3001 1050 3052 et
1081 2992 1150 3052 ella
1174 3011 1359 3072 sapessero
1383 2991 1408 3051 li
1430 2990 1583 3071 pericoli

298 3097 408 3160 scorsi
432 3099 540 3159 molto
565 3097 593 3158 si
618 3097 990 3178 maravigliarebbono
1015 3099 1080 3159 che
1105 3117 1172 3178 pur
1196 3097 1220 3158 li
1244 3097 1406 3179 pensassi
1422 3116 1492 3159 non
1510 3100 1582 3159 che

299 3205 333 3265 di
360 3224 478 3266 nuovo
502 3204 526 3266 li
550 3205 713 3284 tornassi‚
739 3205 870 3284 perche
895 3204 931 3266 in
955 3204 1096 3285 potesta
1121 3207 1165 3266 de
1191 3206 1277 3286 ogni
1301 3207 1430 3265 huomo
1455 3224 1517 3265 era
1543 3203 1580 3264 in

297 3311 396 3373 molti
422 3311 543 3390 luoghi
568 3308 670 3372 farmi
694 3310 847 3390 tagliare
871 3311 906 3372 in
930 3311 1029 3391 pezzi
1052 3331 1118 3373 con
1144 3311 1225 3372 tutti
1248 3310 1272 3372 li
1296 3310 1396 3382 miei,
1427 3309 1472 3371 ne
1495 3309 1582 3371 tutti

299 3419 325 3482 li
349 3417 501 3499 principi
526 3437 635 3480 erano
660 3416 849 3480 sufficienti
882 3438 902 3478 a
934 3416 1156 3479 diffendermi
1185 3428 1220 3480 et
1249 3417 1270 3479 il
1295 3420 1401 3480 modo
1425 3437 1487 3478 era
1511 3419 1583 3479 che

301 3527 499 3587 havesseno
532 3543 656 3586 acceso
692 3524 716 3585 il
747 3524 852 3586 fuoco
887 3524 967 3585 nell'
996 3525 1215 3586 habitatione
1240 3525 1309 3586 mia
1337 3538 1372 3586 et
1399 3534 1584 3605 prometto

297 3653 318 3694 a
332 3631 376 3694 V.
390 3629 426 3695 S.
444 3632 508 3693 che
525 3633 759 3712 quantumche
773 3634 807 3693 la
824 3643 922 3692 notte
940 3642 976 3692 et
992 3631 1026 3692 in
1045 3651 1128 3692 casa
1145 3642 1180 3693 et
1197 3630 1288 3697 fuori
1304 3631 1339 3693 di
1353 3652 1433 3693 casa
1448 3630 1582 3692 lacessi

296 3739 373 3801 fare
397 3741 430 3801 le
455 3738 615 3820 guardie,
640 3757 728 3818 pure
745 3737 830 3819 ogni
845 3739 944 3799 volta
961 3739 1027 3799 che
1042 3739 1183 3800 andavo
1200 3738 1234 3800 al
1249 3740 1336 3800 letto
1352 3737 1398 3800 mi
1414 3757 1581 3817 segnavo

296 3845 653 3908 reccomandandomi
678 3866 699 3906 a
724 3845 791 3906 Dio
816 3844 871 3906 ch’
891 3844 925 3906 io
949 3865 1020 3906 non
1050 3865 1184 3927 sapevo
1216 3866 1254 3907 se
1287 3846 1322 3907 la
1352 3845 1498 3907 mattina
1531 3845 1583 3907 mi

295 3951 449 4016 troverei
473 3972 539 4034 per
562 3953 610 4014 tal
636 3972 719 4013 caso
743 3951 826 4014 vivo
851 3960 887 4014 et
911 3971 950 4014 so
975 3953 1041 4013 che
1056 3952 1145 4013 hora
1161 3951 1195 4013 in
1212 3953 1379 4033 Augusta
1395 3971 1464 4013 non
1485 3971 1581 4014 sono

296 4061 449 4142 migliori
472 4061 537 4122 che
555 4059 584 4121 si
599 4060 697 4121 sieno
715 4059 797 4121 stati
813 4059 846 4120 in
862 4058 1110 4140 Nuremberga
1127 4068 1162 4122 et
1177 4061 1324 4138 altrove,
1342 4059 1385 4121 ne
1402 4077 1582 4140 appresso

296 4187 318 4230 a
342 4175 466 4248 questo
490 4165 649 4248 pericolo
675 4166 820 4228 conterb
845 4165 942 4227 molti
968 4165 1047 4227 altri
1072 4164 1248 4247 maggiori
1271 4185 1337 4246 per
1357 4184 1428 4226 non
1451 4164 1584 4226 esserli

294 4273 442 4337 tedioso.
489 4273 559 4335 Per
585 4281 709 4355 questo
734 4272 896 4354 supplico
919 4274 990 4334 ben
1016 4271 1059 4338 V.
1084 4269 1120 4333 S.
1146 4282 1182 4334 et
1206 4292 1272 4335 con
1297 4282 1388 4335 tutto
1412 4272 1433 4334 l’
1449 4271 1581 4336 affetto

296 4382 353 4442 del
378 4401 440 4442 cor
463 4380 532 4442 mio
557 4383 592 4442 la
615 4399 729 4461 prego
754 4401 774 4441 a
799 4380 877 4442 fare
901 4378 1088 4442 intendere
1112 4401 1133 4441 a
1156 4379 1198 4442 N.
1224 4378 1261 4442 S.
1286 4382 1352 4443 che
1376 4400 1447 4442 non
1470 4381 1582 4460 pensi

295 4487 331 4548 di
354 4486 533 4568 gravarmi
556 4487 615 4568 pit
642 4489 677 4548 di
702 4496 801 4549 tanto
825 4506 923 4568 peso¹
972 4485 1046 4550 Che
1071 4487 1212 4568 quando
1241 4506 1310 4549 non
1343 4486 1389 4548 mi
1420 4487 1582 4550 trovassi

296 4593 417 4656 debito
441 4593 477 4655 di
505 4593 582 4655 XX
606 4593 688 4655 mila
713 4593 829 4654 ducati
855 4603 891 4654 et
915 4614 986 4656 non
1010 4593 1152 4655 havessi
1173 4601 1266 4654 tutta
1288 4596 1324 4655 la
1340 4572 1475 4676 p'overa
1490 4613 1582 4656 casa

295 4711 330 4761 et
355 4700 516 4780 famiglia
545 4699 614 4762 mia
645 4721 685 4762 su
714 4699 747 4762 le
781 4701 914 4781 spalle‚
950 4703 984 4762 la
1013 4701 1127 4762 salute
1162 4709 1198 4763 et
1222 4700 1323 4763 ruina
1351 4702 1395 4764 de
1419 4701 1453 4763 le
1477 4703 1582 4781 quali

295 4817 385 4869 tutta
409 4807 426 4868 ἐ
451 4816 555 4887 posta
580 4809 636 4868 nel
650 4818 741 4868 stato
758 4807 839 4887 mie,
865 4815 1081 4870 certamente
1105 4827 1170 4888 per
1194 4807 1339 4870 servitio
1355 4808 1400 4870 de
1416 4805 1452 4870 S.
1467 4805 1524 4868 8²³
1542 4819 1584 4872 et

295 4913 339 4981 de
364 4915 398 4978 la
423 4910 534 4975 Santa
560 4910 654 4975 Sede
679 4913 711 4975 io
737 4934 807 4976 non
832 4914 980 4976 temerei
1005 4914 1039 4974 di
1063 4934 1170 4995 porre
1195 4924 1320 4995 questa
1335 4934 1470 4996 povera
1493 4934 1580 5002 per-
