3425 5700
713 555 960 642 mitres

195 733 319 788 tenuto
344 726 403 808 qui
428 728 475 790 da
498 727 578 789 tutti
600 746 689 807 gran
714 726 930 808 buggiardo,
953 727 1144 789 tuttavolta
1166 734 1266 790 tanta
1287 728 1305 791 ὲ
1327 731 1362 791 la
1382 719 1472 794 inca-

194 841 307 914 gnata
330 833 497 896 affetione
522 834 566 896 de
590 834 672 896 tutti
695 833 809 915 questi
833 831 957 914 populi
974 852 1078 895 verso
1094 830 1249 896 Luthero
1273 835 1338 898 che
1355 837 1473 900 crede·

195 943 355 1003 rebbeno
379 943 413 1003 al
439 940 592 1020 diabole,
618 942 651 1003 el
675 941 758 1022 qual
782 939 841 1021 gia
866 939 890 1001 li
915 939 1069 1021 domina,
1094 941 1227 1020 purche
1249 942 1387 1006 dicasse
1403 946 1473 1007 ben

195 1047 231 1108 di
255 1047 420 1110 Luther0.

285 1155 544 1217 Haveressemo
580 1165 717 1218 tentato
754 1154 789 1216 di
821 1154 982 1235 prohibit
1015 1155 1081 1217 che
1106 1163 1231 1235 questo
1256 1157 1378 1219 eraldo
1403 1179 1473 1221 non

194 1261 291 1324 fusse
315 1263 493 1341 mandam,
518 1283 576 1324 ma
599 1261 667 1324 mai
691 1261 727 1324 fu
753 1261 925 1344 possibile
950 1261 1135 1324 intendere
1160 1264 1206 1324 da
1229 1262 1253 1325 li
1270 1262 1473 1328 Caesariani

194 1387 311 1448 neque
334 1389 522 1449 personam
547 1368 755 1432 mittendam
780 1388 897 1449 neque
921 1378 1061 1450 tempus
1085 1369 1273 1450 discessus,
1298 1373 1472 1435 ancorche

193 1474 288 1537 mille
313 1475 480 1538 instantia
504 1475 704 1556 facessim0,
737 1485 772 1538 et
796 1476 904 1538 credo
931 1477 997 1539 che
1022 1476 1241 1539 dubitavano
1266 1498 1286 1540 ο
1311 1480 1377 1540 che
1401 1500 1472 1542 non

193 1584 468 1646 subornassemo
492 1603 557 1664 per
579 1583 702 1646 danari
719 1584 818 1645 detto
834 1585 968 1663 erald0,
993 1586 1058 1646 che
1075 1604 1152 1645 cum
1169 1585 1320 1664 qualche
1335 1587 1472 1667 parolle

195 1710 265 1751 non
291 1689 489 1752 deterreret
513 1691 705 1753 Lutherum
738 1693 784 1752 ab
815 1691 971 1753 adventu
1000 1711 1104 1772 quern
1128 1691 1185 1752 isti
1214 1701 1296 1753 tunc
1321 1691 1473 1755 maxime

193 1798 377 1877 optabant,
402 1806 440 1859 ut
463 1796 550 1859 alias
566 1796 673 1878 scipsi
697 1804 732 1860 et
755 1797 883 1860 adesso
901 1797 1008 1860 credo
1025 1799 1091 1860 che
1108 1819 1146 1860 se
1163 1798 1361 1880 repentin0,
1386 1820 1472 1863 over

192 1924 237 1964 ne
262 1905 488 1966 tenderemus
512 1903 658 1966 insidias
683 1903 840 1966 Luthero
864 1904 899 1966 in
924 1903 996 1983 via,
1022 1906 1117 1985 quod
1142 1915 1259 1967 tamen
1284 1914 1471 1987 utrumque

192 2011 418 2074 falsissimum
449 2010 585 2072 fuisset.
633 2010 744 2072 Basta
774 2011 838 2072 che
877 2008 945 2072 mai
984 2011 1175 2092 potessimo
1209 2013 1251 2074 ne
1284 2013 1404 2074 avanti
1429 2013 1472 2075 nc

192 2118 301 2199 dopoi
325 2138 389 2199 per
407 2117 506 2180 molti
522 2119 556 2178 dl
572 2116 737 2179 intendes
752 2117 800 2178 tal
818 2137 902 2179 cosa
918 2138 983 2198 per
1001 2117 1059 2180 via
1074 2119 1210 2181 alcuna.
1248 2119 1470 2182 intendendo

191 2225 216 2287 li
237 2224 441 2288 Caesariani
465 2226 530 2286 che
555 2243 622 2306 pur
636 2223 770 2286 Luther
794 2244 855 2286 era
879 2244 944 2305 per
958 2225 1059 2287 venir
1084 2227 1127 2288 de
1143 2237 1253 2308 certo,
1276 2246 1381 2307 parse
1406 2229 1471 2289 che

192 2343 388 2396 restassero
418 2331 499 2394 tutti
529 2330 670 2394 attoniti
693 2331 823 2412 perche
853 2352 963 2393 erano
986 2342 1025 2392 ut
1048 2353 1155 2414 supra
1179 2331 1255 2394 dixi
1278 2333 1403 2396 mutati
1427 2335 1471 2397 de

190 2439 376 2522 proposito
402 2440 459 2501 dal
485 2438 662 2501 desiderio
686 2438 800 2519 primo
825 2440 890 2501 che
922 2441 1086 2501 haveano
1116 2441 1194 2502 chel
1219 2439 1374 2515 venisse;
1406 2461 1471 2504 nos

190 2569 278 2610 vero
303 2547 388 2609 nihil
413 2566 567 2627 unquam
592 2544 847 2626 dubitavimus,
873 2544 957 2627 quin
982 2556 1076 2610 esset
1101 2556 1269 2610 venturus
1293 2559 1375 2630 post
1399 2558 1471 2611 tarn

190 2657 363 2720 humanas
394 2676 416 2717 a
444 2654 598 2717 Caesare
626 2654 671 2715 ad
702 2673 780 2715 eum
813 2655 914 2716 datas
938 2654 1084 2716 litteras.
1133 2653 1471 2736 Quomodocumque

191 2763 224 2825 ci
248 2763 443 2825 mandorno
469 2759 629 2824 Sabbato
655 2762 687 2823 el
713 2760 895 2824 confessor
920 2782 942 2822 a
964 2763 1083 2842 parlar
1101 2761 1133 2822 al
1149 2761 1286 2823 Nuncio
1311 2772 1347 2824 et
1370 2783 1391 2825 a
1415 2783 1470 2824 me

191 2871 337 2933 insieme
362 2872 406 2932 de
431 2872 466 2933 lo
490 2872 555 2932 che
580 2889 619 2931 se
643 2870 759 2931 havea
784 2890 804 2931 a
828 2868 922 2941 fare;
959 2868 982 2931 li
1016 2869 1202 2931 dicessimo
1241 2871 1307 2933 che
1331 2890 1470 2951 sempre

190 2981 365 3042 haveamo
389 2979 554 3060 predetto
587 2978 652 3038 che
683 2996 748 3057 per
773 2977 869 3038 nulla
893 2976 1040 3057 ragione
1065 2976 1206 3057 aequitii
1229 2978 1345 3039 honor
1368 2998 1389 3039 0
1415 2998 1470 3038 co-

191 3086 297 3148 modo
322 3106 360 3147 se
385 3086 535 3147 devesse
558 3083 613 3145 far
630 3083 729 3145 venir
754 3083 985 3163 quest'horno
1010 3083 1141 3164 perche
1159 3085 1311 3146 sarebbe
1336 3106 1357 3146 a
1381 3103 1470 3164 gran

191 3193 360 3255 scandalo
386 3192 442 3253 del
468 3191 598 3253 mundo
623 3211 642 3251 e
667 3208 855 3271 vergogna
879 3192 966 3269 loro,
991 3200 1027 3252 et
1049 3192 1162 3271 perho
1186 3193 1263 3253 loro
1285 3192 1350 3252 che
1365 3191 1470 3253 have-

190 3321 261 3365 ano
296 3302 385 3362 cossi
421 3301 543 3362 voluto
580 3298 657 3359 chel
693 3296 834 3359 venisse
859 3317 1068 3359 cereasseno
1093 3299 1233 3360 almeno
1258 3297 1302 3360 de
1326 3297 1382 3361 far
1406 3299 1470 3360 che

190 3408 261 3471 Dio
286 3428 306 3469 e
331 3406 508 3469 'lVicario
533 3426 595 3467 suo
619 3406 820 3466 havesseno
845 3403 878 3465 el
895 3404 1017 3466 debito
1042 3405 1117 3467 loro
1142 3414 1178 3466 et
1195 3404 1325 3468 Caesar
1350 3426 1395 3467 ne
1419 3426 1470 3467 re·

190 3524 355 3598 portasse
389 3516 519 3585 honor;
556 3533 612 3574 ma
646 3531 712 3593 pur
746 3512 901 3574 volendo
938 3513 970 3573 el
1006 3510 1191 3587 confessor
1218 3531 1284 3592 per
1308 3532 1411 3575 nome
1435 3512 1469 3573 di

190 3624 325 3687 Caesar
348 3641 453 3702 saper
478 3620 498 3681 l'
516 3619 652 3682 obietto
683 3626 822 3697 nostro,
847 3617 871 3679 li
897 3617 1091 3681 dicessemo
1116 3619 1181 3680 che
1206 3618 1239 3679 in
1264 3619 1386 3701 primis
1411 3640 1473 3681 era

189 3729 394 3793 necessario
419 3729 484 3790 che
509 3727 641 3790 Caesar
664 3727 802 3789 facesse
826 3724 937 3787 intrar
961 3725 1100 3806 questui
1131 3725 1188 3806 piu
1214 3737 1352 3788 secreto
1375 3725 1472 3789 fusse

190 3836 380 3919 possibile,
412 3834 543 3897 deinde
574 3834 597 3896 li
622 3836 726 3897 desse
750 3853 796 3895 un
821 3832 900 3894 loco
924 3831 959 3893 in
983 3834 1107 3913 palazo
1133 3834 1225 3895 dove
1249 3852 1402 3895 nessuno
1427 3835 1471 3896 de

189 3943 342 4024 sospetti
364 3951 507 4023 potesse
532 3940 687 4003 conferit
711 3960 776 4002 con
801 3939 866 4004 lui:
898 3948 1078 4019 postremo
1103 3942 1168 4002 che
1192 3940 1472 4021 interrogaretur

189 4048 395 4131 simpliciter
421 4058 455 4109 et
480 4047 598 4110 omnia
620 4045 748 4109 fierent
771 4046 873 4108 sicuti
898 4046 932 4107 in
963 4049 1107 4108 decreto
1136 4046 1334 4129 principum
1363 4049 1471 4110 conti-

189 4166 311 4238 netur,
347 4165 383 4218 et
417 4154 484 4217 nisi
519 4153 586 4216 ista
621 4152 748 4217 fierent
785 4153 819 4215 in
844 4155 912 4216 hoc
937 4163 1118 4235 postremo
1143 4154 1291 4217 articulo
1318 4164 1408 4217 tutto
1432 4174 1471 4218 se

188 4265 382 4348 porterebe
407 4264 451 4324 de
477 4263 567 4324 male
586 4260 620 4323 in
637 4260 782 4343 peggio.
830 4260 989 4340 Piacque
1006 4262 1039 4323 el
1055 4260 1212 4323 conselio
1229 4262 1264 4323 al
1279 4261 1471 4324 Confessor

190 4381 227 4434 et
253 4392 298 4434 ne
323 4371 475 4433 andamo
500 4369 580 4431 tutti
605 4370 650 4431 ad
675 4368 882 4440 Caesarem
921 4366 1113 4429 referimoli
1149 4367 1308 4429 l'adviso
1334 4380 1471 4442 nostro;

190 4478 287 4541 disse
312 4480 378 4540 che
403 4475 494 4540 cossi
520 4496 557 4539 se
582 4476 742 4555 sarebbe,
768 4482 803 4537 et
827 4482 946 4536 tamen
964 4472 1125 4555 sequenti
1150 4474 1208 4536 die
1223 4472 1261 4535 fu
1279 4476 1376 4537 detto
1393 4476 1472 4538 chel

190 4584 410 4666 logiamento
443 4585 595 4645 sarebbe
628 4582 688 4644 alli
713 4580 906 4663 Augustini
939 4592 974 4643 et
998 4581 1063 4642 che
1087 4582 1220 4643 harebe
1244 4582 1382 4661 guarda
1407 4582 1472 4643 che

192 4692 301 4755 niuno
326 4692 349 4753 li
373 4693 523 4772 potrebe
548 4691 668 4771 parlar
691 4710 729 4751 se
754 4708 823 4750 non
850 4686 906 4749 chi
923 4686 1112 4768 piacerebe
1128 4709 1150 4749 a
1166 4687 1307 4751 Caesar.
1356 4687 1472 4751 Credo

189 4801 257 4862 che
282 4798 310 4859 si
335 4798 412 4861 fara
438 4807 528 4860 tutto
554 4800 586 4859 el
612 4796 801 4877 contrario,
826 4815 926 4856 como
951 4796 969 4856 ὲ
995 4803 1087 4856 stato
1113 4814 1252 4891 sempre
1269 4794 1316 4856 fin
1335 4795 1393 4876 qui
1411 4797 1470 4857 ob-

189 4916 344 4970 servate.
