3425 5700
786 529 1033 600 seleon*

272 708 425 778 pergere
458 686 504 757 ad
537 686 758 758 sedationem
793 690 984 756 illiusmodi
1008 689 1162 775 plebium
1198 685 1297 755 salva
1331 683 1461 773 ubique
1494 699 1556 754 tua

272 816 307 866 et
332 803 531 867 divinarum
553 800 724 884 imprimis
748 802 868 883 legum
891 799 1066 881 dignitate
1090 799 1190 879 velis,
1217 819 1257 862 ac
1278 819 1387 882 saepe
1411 820 1433 861 a
1449 799 1555 880 majo-

271 911 368 972 ribus
396 909 465 972 tuis
496 920 701 991 usurpatam
736 909 1003 970 conservandae
1037 907 1258 970 auctoritatis
1292 907 1556 971 ecclesiasticae

272 1016 421 1095 gloriam
455 1014 671 1096 amplificare
705 1015 796 1077 sicut
828 1024 882 1076 est
915 1014 1097 1096 proprium
1126 1013 1266 1077 virtutis
1299 1024 1335 1076 et
1358 1013 1555 1095 sapientiae

271 1133 364 1185 tuae.
412 1121 487 1184 Nos
518 1143 610 1203 quae
639 1121 706 1184 tibi
740 1121 889 1202 polliciti
914 1140 1033 1184 sumus
1065 1121 1223 1184 subsidia
1253 1132 1292 1182 ut
1322 1121 1556 1202 expediamus

273 1230 359 1292 nihil
384 1229 697 1311 praetermittimus
721 1228 947 1310 diligentiae;
985 1230 1048 1290 sed
1080 1239 1134 1290 est
1165 1227 1198 1290 in
1232 1227 1412 1308 exigendo
1438 1228 1556 1309 aliqua

272 1336 461 1398 difficultas
486 1356 556 1417 que
579 1346 696 1398 tamen
722 1355 788 1397 nec
811 1333 918 1397 fidem
939 1345 1095 1397 nostram
1121 1355 1187 1398 nec
1204 1355 1360 1398 amorem
1374 1344 1556 1398 moratura

271 1457 335 1506 est.
382 1443 486 1523 Quod
520 1442 626 1505 etiam
659 1463 706 1505 ex
730 1441 790 1505 dil.
824 1440 857 1505 fi.
882 1442 991 1504 Petro
1017 1441 1228 1506 Salamanca
1263 1442 1374 1504 actori
1407 1441 1463 1504 hic
1493 1453 1556 1503 tuo

273 1550 474 1630 intelligere
498 1549 644 1632 poteris.

364 1659 491 1718 ilatum
517 1655 657 1718 Romae
681 1664 748 1718 etc.

361 1765 429 1827 Die
453 1763 510 1826 XI
533 1762 616 1843 Julii
640 1762 830 1824 MDXXV
855 1764 962 1826 Anno
988 1765 1154 1827 secundo.

876 2317 942 2382 232

571 2443 686 2544 Episo.
716 2441 948 2523 Tridentinus
977 2442 1150 2522 Clementi
1177 2443 1255 2523 VH.

701 2589 787 2664 rpus
806 2591 893 2664 pant.
911 2591 963 2648 111.
982 2589 1047 2663 ngr
1065 2589 1122 2649 tta

793 2711 846 2776 (16.
867 2711 934 2776 Julii
956 2713 1043 2776 1525.)

365 2836 575 2900 Beatissime
601 2837 708 2899 Pater
733 2847 768 2899 et
792 2837 944 2901 Domine
969 2835 1224 2901 Colendissime
1255 2849 1336 2918 post
1369 2838 1557 2899 beatorum

276 2947 406 3027 pedum
444 2948 565 3007 oscula
599 2945 826 3007 humillimam
857 2943 1199 3007 commendationem
1232 2955 1268 3005 et
1306 2943 1485 3005 servitutis
1517 2964 1558 3005 ac

276 3052 527 3132 obsequiorum
553 3072 708 3114 meorum
734 3052 962 3115 oblationem.
1010 3052 1182 3114 Hortatur
1198 3071 1253 3113 me
1269 3050 1340 3112 suis
1365 3051 1409 3111 de
1434 3050 1558 3131 quinta

274 3158 376 3220 huius
393 3156 571 3221 Sanctitas
585 3159 715 3221 Vestra
739 3170 776 3222 ut
800 3178 905 3240 quam
929 3160 1091 3237 antehac,
1116 3177 1261 3239 operam
1287 3168 1323 3219 et
1337 3156 1559 3239 diligentiam

275 3263 403 3327 navavi
428 3284 493 3345 pro
518 3277 610 3327 statu
636 3268 830 3329 ethonore
855 3264 990 3327 ordinis
1014 3264 1246 3327 sacerdotalis
1270 3266 1316 3326 ab
1351 3284 1393 3326 ea
1417 3284 1462 3326 ne
1487 3284 1559 3326 ces·

277 3392 368 3446 sem;
393 3374 460 3433 hoc
485 3384 602 3434 autem
626 3370 768 3434 tametsi
792 3390 858 3453 pro
883 3370 975 3433 virili
999 3392 1079 3433 mea
1103 3370 1295 3452 diligenter
1320 3370 1440 3433 curavi
1476 3390 1559 3451 quo-

277 3480 349 3542 cies
371 3478 482 3560 potui,
507 3493 543 3541 et
565 3479 705 3541 occasio
722 3477 805 3541 mihi
820 3477 887 3540 fuit
903 3479 1041 3558 oblata,
1066 3477 1160 3539 idem
1185 3476 1220 3539 in
1249 3491 1430 3558 posterum
1446 3476 1562 3559 magis

278 3596 385 3667 atque
408 3585 523 3666 magis
547 3604 671 3648 curare
696 3587 919 3663 contendam,
945 3605 1015 3647 non
1041 3586 1152 3648 solum
1173 3586 1268 3665 quod
1293 3585 1327 3645 in
1352 3604 1395 3646 eo
1419 3583 1561 3647 videam

280 3692 340 3773 agi
375 3692 420 3755 de
460 3690 635 3753 communi
669 3690 851 3754 Ecclesiae
884 3701 978 3753 statu
1009 3692 1185 3754 servando
1219 3690 1400 3769 incolumi,
1435 3710 1563 3754 verum

278 3799 383 3861 etiam
408 3800 504 3880 quod
527 3799 563 3860 id
577 3798 730 3861 Vestrae
746 3797 965 3861 Beatitudini
989 3798 1226 3880 gratissimum
1252 3819 1329 3861 esse
1345 3816 1562 3881 cognoscam

276 3906 376 3968 cuius
400 3906 503 3986 votis,
528 3916 566 3968 ut
589 3926 654 3988 par
679 3920 742 3985 est,
767 3905 991 3967 tenacissime
1015 3926 1155 3987 semper
1170 3905 1254 3968 mihi
1271 3905 1561 3969 satisfaciendum

281 4032 359 4075 esse
374 4012 550 4077 constitui.
581 4012 668 4074 Mihi
693 4023 811 4075 autem
836 4011 984 4094 gloriari
1007 4032 1078 4076 non
1103 4012 1195 4092 licet,
1220 4012 1249 4074 si
1273 4012 1355 4094 quid
1380 4033 1447 4095 per
1465 4014 1562 4095 elap-

277 4140 354 4183 sum
378 4121 434 4182 vel
459 4118 592 4182 laboris
616 4119 759 4200 sumpsi,
784 4119 842 4181 vel
864 4118 1070 4200 diligentiae
1086 4140 1158 4182 non
1174 4119 1406 4202 praetermisi,
1431 4120 1466 4181 in
1491 4122 1563 4182 hoc

276 4226 355 4309 ipso
380 4225 542 4309 negocio,
566 4226 657 4289 sicut
673 4228 718 4289 ab
743 4225 842 4289 initio
867 4246 1007 4308 asper0,
1032 4226 1080 4290 ita
1103 4226 1173 4290 iam
1196 4226 1378 4308 aliquanto
1403 4225 1564 4307 remisso,

278 4342 317 4396 ut
340 4333 491 4396 debeam
514 4353 571 4395 me
595 4354 638 4397 eo
662 4332 732 4397 loci
756 4333 910 4416 positum
934 4354 1023 4415 esse,
1046 4334 1107 4396 ubi
1132 4354 1203 4396 non
1235 4346 1307 4397 tam
1337 4334 1382 4396 de
1414 4354 1494 4397 mea
1520 4354 1564 4397 re

277 4451 455 4522 ageretur,
481 4460 602 4503 verum
625 4439 731 4504 etiam
755 4441 849 4503 unde
872 4440 1002 4503 malum
1030 4443 1098 4504 hoc
1133 4442 1243 4522 longe
1266 4442 1409 4522 lateque
1433 4451 1564 4524 patere

279 4558 315 4610 et
338 4566 539 4629 pervagare
567 4546 759 4630 potuisset,
792 4547 859 4610 nisi
888 4567 926 4609 se
951 4547 1029 4629 quis
1052 4547 1219 4630 pincipiis
1243 4548 1380 4611 obicem
1398 4546 1563 4611 fecisset:

278 4674 346 4717 nec
369 4654 450 4717 ideo
482 4654 596 4717 minus
626 4654 839 4736 provintiam
872 4653 1049 4717 duriorem
1082 4674 1161 4719 esse
1191 4655 1329 4737 putavi,
1365 4657 1461 4737 quod
1492 4654 1564 4719 iam

282 4771 387 4825 antea
410 4763 617 4843 exhaustus,
642 4770 678 4823 et
701 4760 859 4824 nonnihil
885 4770 1055 4843 gravatus
1080 4781 1204 4843 essem,
1229 4762 1347 4826 omnia
1362 4763 1457 4827 levia
1482 4784 1563 4827 esse

284 4867 381 4951 duxi,
405 4866 434 4930 si
459 4869 565 4931 modo
590 4870 821 4949 consulerem,
846 4867 983 4951 etipse
1006 4890 1073 4953 pro
1091 4868 1184 4932 virili
1200 4869 1376 4932 invassem
1393 4870 1565 4937 tumultus
