<?xml version="1.0" encoding="UTF-8"?>
<!DOCTYPE html PUBLIC "-//W3C//DTD XHTML 1.0 Transitional//EN"
    "http://www.w3.org/TR/xhtml1/DTD/xhtml1-transitional.dtd">
<html xmlns="http://www.w3.org/1999/xhtml" xml:lang="en" lang="en">
 <head>
  <title>
</title>
<meta http-equiv="Content-Type" content="text/html;charset=utf-8" />
  <meta name='ocr-system' content='tesseract 3.04.00' />
  <meta name='ocr-capabilities' content='ocr_page ocr_carea ocr_par ocr_line ocrx_word'/>
</head>
<body>
  <div class='ocr_page' id='page_1' title='image "./monumentareform00unkngoog_0617.png"; bbox 0 0 3425 5700; ppageno 0'>
   <div class='ocr_carea' id='block_1_1' title="bbox 670 538 918 598">
    <p class='ocr_par' dir='ltr' id='par_1_1' title="bbox 670 538 918 598">
     <span class='ocr_line' id='line_1_1' title="bbox 670 538 918 598; baseline -0.012 0"><span class='ocrx_word' id='word_1_1' title='bbox 670 538 918 598; x_wconf 44' lang='lat' dir='ltr'>*estse*</span> 
     </span>
    </p>
   </div>
   <div class='ocr_carea' id='block_1_2' title="bbox 149 686 1435 4943">
    <p class='ocr_par' dir='ltr' id='par_1_2' title="bbox 149 686 1435 4943">
     <span class='ocr_line' id='line_1_2' title="bbox 153 686 1434 771; baseline -0.002 -18"><span class='ocrx_word' id='word_1_2' title='bbox 153 690 334 755; x_wconf 89' lang='lat' dir='ltr'>Cardinali</span> <span class='ocrx_word' id='word_1_3' title='bbox 358 710 398 754; x_wconf 90' lang='lat' dir='ltr'>ac</span> <span class='ocrx_word' id='word_1_4' title='bbox 429 690 592 771; x_wconf 85' lang='lat' dir='ltr'>Johanne</span> <span class='ocrx_word' id='word_1_5' title='bbox 617 696 653 751; x_wconf 91' lang='lat' dir='ltr'>et</span> <span class='ocrx_word' id='word_1_6' title='bbox 677 686 820 751; x_wconf 87' lang='lat' dir='ltr'>Gentile</span> <span class='ocrx_word' id='word_1_7' title='bbox 844 688 1080 751; x_wconf 90' lang='lat' dir='ltr'>Auditoribus</span> <span class='ocrx_word' id='word_1_8' title='bbox 1103 689 1198 770; x_wconf 87' lang='lat' dir='ltr'>apud</span> <span class='ocrx_word' id='word_1_9' title='bbox 1223 699 1304 752; x_wconf 91' lang='lat' dir='ltr'>acta</span> <span class='ocrx_word' id='word_1_10' title='bbox 1327 709 1434 752; x_wconf 90' lang='lat' dir='ltr'>cause</span> 
     </span>
     <span class='ocr_line' id='line_1_3' title="bbox 152 794 1434 880; baseline -0.002 -20"><span class='ocrx_word' id='word_1_11' title='bbox 152 796 391 880; x_wconf 87' lang='lat' dir='ltr'>inquisitionis</span> <span class='ocrx_word' id='word_1_12' title='bbox 413 794 614 860; x_wconf 87' lang='lat' dir='ltr'>huiusmodi</span> <span class='ocrx_word' id='word_1_13' title='bbox 638 794 808 875; x_wconf 85' lang='lat' dir='ltr'>exhibuit,</span> <span class='ocrx_word' id='word_1_14' title='bbox 833 803 869 857; x_wconf 91' lang='lat' dir='ltr'>et</span> <span class='ocrx_word' id='word_1_15' title='bbox 885 795 1015 857; x_wconf 90' lang='lat' dir='ltr'>deinde</span> <span class='ocrx_word' id='word_1_16' title='bbox 1039 794 1109 857; x_wconf 89' lang='lat' dir='ltr'>alio</span> <span class='ocrx_word' id='word_1_17' title='bbox 1132 794 1235 858; x_wconf 88' lang='lat' dir='ltr'>simili</span> <span class='ocrx_word' id='word_1_18' title='bbox 1259 795 1434 858; x_wconf 86' lang='lat' dir='ltr'>citationis</span> 
     </span>
     <span class='ocr_line' id='line_1_4' title="bbox 151 880 1434 983; baseline -0.002 -16"><span class='ocrx_word' id='word_1_19' title='bbox 151 904 270 967; x_wconf 90' lang='lat' dir='ltr'>edicto</span> <span class='ocrx_word' id='word_1_20' title='bbox 302 902 462 967; x_wconf 88' lang='lat' dir='ltr'>similiter</span> <span class='ocrx_word' id='word_1_21' title='bbox 498 904 543 966; x_wconf 87' lang='lat' dir='ltr'>ad</span> <span class='ocrx_word' id='word_1_22' title='bbox 575 902 762 965; x_wconf 91' lang='lat' dir='ltr'>dicendum</span> <span class='ocrx_word' id='word_1_23' title='bbox 793 909 829 963; x_wconf 91' lang='lat' dir='ltr'>et</span> <span class='ocrx_word' id='word_1_24' title='bbox 860 880 1109 983; x_wconf 89' lang='lat' dir='ltr'>excipiendum</span> <span class='ocrx_word' id='word_1_25' title='bbox 1141 912 1265 965; x_wconf 91' lang='lat' dir='ltr'>contra</span> <span class='ocrx_word' id='word_1_26' title='bbox 1297 901 1367 965; x_wconf 90' lang='lat' dir='ltr'>illis</span> <span class='ocrx_word' id='word_1_27' title='bbox 1398 912 1434 965; x_wconf 92' lang='lat' dir='ltr'>et</span> 
     </span>
     <span class='ocr_line' id='line_1_5' title="bbox 153 990 1435 1091; baseline -0.002 -18"><span class='ocrx_word' id='word_1_28' title='bbox 153 1011 346 1074; x_wconf 90' lang='lat' dir='ltr'>videndum</span> <span class='ocrx_word' id='word_1_29' title='bbox 364 1031 426 1073; x_wconf 88' lang='lat' dir='ltr'>eos</span> <span class='ocrx_word' id='word_1_30' title='bbox 441 1010 580 1073; x_wconf 85' lang='lat' dir='ltr'>admitti</span> <span class='ocrx_word' id='word_1_31' title='bbox 595 1030 636 1073; x_wconf 86' lang='lat' dir='ltr'>ac</span> <span class='ocrx_word' id='word_1_32' title='bbox 653 1008 769 1072; x_wconf 87' lang='lat' dir='ltr'>iurare</span> <span class='ocrx_word' id='word_1_33' title='bbox 786 1008 913 1071; x_wconf 87' lang='lat' dir='ltr'>Testes</span> <span class='ocrx_word' id='word_1_34' title='bbox 928 1019 1000 1071; x_wconf 91' lang='lat' dir='ltr'>tam</span> <span class='ocrx_word' id='word_1_35' title='bbox 1014 1028 1122 1090; x_wconf 90' lang='lat' dir='ltr'>super</span> <span class='ocrx_word' id='word_1_36' title='bbox 1145 1008 1214 1072; x_wconf 90' lang='lat' dir='ltr'>illis</span> <span class='ocrx_word' id='word_1_37' title='bbox 1230 990 1335 1091; x_wconf 81' lang='lat' dir='ltr'>quam</span> <span class='ocrx_word' id='word_1_38' title='bbox 1359 1018 1435 1072; x_wconf 92' lang='lat' dir='ltr'>tota</span> 
     </span>
     <span class='ocr_line' id='line_1_6' title="bbox 153 1114 1433 1198; baseline -0.002 -17"><span class='ocrx_word' id='word_1_39' title='bbox 153 1140 264 1181; x_wconf 88' lang='lat' dir='ltr'>causa</span> <span class='ocrx_word' id='word_1_40' title='bbox 287 1118 464 1183; x_wconf 90' lang='lat' dir='ltr'>huismodi</span> <span class='ocrx_word' id='word_1_41' title='bbox 487 1120 533 1181; x_wconf 91' lang='lat' dir='ltr'>ab</span> <span class='ocrx_word' id='word_1_42' title='bbox 557 1116 643 1198; x_wconf 91' lang='lat' dir='ltr'>ipsis</span> <span class='ocrx_word' id='word_1_43' title='bbox 667 1114 916 1179; x_wconf 89' lang='lat' dir='ltr'>Cardinalibus</span> <span class='ocrx_word' id='word_1_44' title='bbox 939 1116 1084 1179; x_wconf 91' lang='lat' dir='ltr'>decreto</span> <span class='ocrx_word' id='word_1_45' title='bbox 1116 1126 1151 1178; x_wconf 88' lang='lat' dir='ltr'>et</span> <span class='ocrx_word' id='word_1_46' title='bbox 1179 1126 1363 1197; x_wconf 89' lang='lat' dir='ltr'>emanat0,</span> <span class='ocrx_word' id='word_1_47' title='bbox 1392 1136 1433 1178; x_wconf 91' lang='lat' dir='ltr'>ac</span> 
     </span>
     <span class='ocr_line' id='line_1_7' title="bbox 153 1222 1434 1309; baseline -0.004 -20"><span class='ocrx_word' id='word_1_48' title='bbox 153 1226 233 1309; x_wconf 90' lang='lat' dir='ltr'>pari</span> <span class='ocrx_word' id='word_1_49' title='bbox 264 1226 370 1288; x_wconf 92' lang='lat' dir='ltr'>modo</span> <span class='ocrx_word' id='word_1_50' title='bbox 402 1223 545 1308; x_wconf 91' lang='lat' dir='ltr'>publice</span> <span class='ocrx_word' id='word_1_51' title='bbox 574 1222 684 1286; x_wconf 79' lang='lat' dir='ltr'>affixo</span> <span class='ocrx_word' id='word_1_52' title='bbox 710 1231 746 1284; x_wconf 92' lang='lat' dir='ltr'>et</span> <span class='ocrx_word' id='word_1_53' title='bbox 772 1223 895 1285; x_wconf 90' lang='lat' dir='ltr'>debite</span> <span class='ocrx_word' id='word_1_54' title='bbox 923 1222 1124 1285; x_wconf 84' lang='lat' dir='ltr'>executioni</span> <span class='ocrx_word' id='word_1_55' title='bbox 1153 1225 1365 1287; x_wconf 86' lang='lat' dir='ltr'>demandato</span> <span class='ocrx_word' id='word_1_56' title='bbox 1391 1243 1434 1285; x_wconf 87' lang='lat' dir='ltr'>ac</span> 
     </span>
     <span class='ocr_line' id='line_1_8' title="bbox 151 1329 1434 1415; baseline -0.003 -20"><span class='ocrx_word' id='word_1_57' title='bbox 151 1333 240 1415; x_wconf 91' lang='lat' dir='ltr'>ipsis</span> <span class='ocrx_word' id='word_1_58' title='bbox 264 1332 430 1396; x_wconf 90' lang='lat' dir='ltr'>Testibus</span> <span class='ocrx_word' id='word_1_59' title='bbox 454 1331 545 1395; x_wconf 89' lang='lat' dir='ltr'>sicut</span> <span class='ocrx_word' id='word_1_60' title='bbox 569 1330 748 1414; x_wconf 88' lang='lat' dir='ltr'>prefertur</span> <span class='ocrx_word' id='word_1_61' title='bbox 782 1329 853 1391; x_wconf 91' lang='lat' dir='ltr'>iam</span> <span class='ocrx_word' id='word_1_62' title='bbox 883 1330 1035 1393; x_wconf 90' lang='lat' dir='ltr'>inductis</span> <span class='ocrx_word' id='word_1_63' title='bbox 1070 1341 1107 1394; x_wconf 91' lang='lat' dir='ltr'>et</span> <span class='ocrx_word' id='word_1_64' title='bbox 1125 1330 1267 1412; x_wconf 86' lang='lat' dir='ltr'>juratis,</span> <span class='ocrx_word' id='word_1_65' title='bbox 1296 1339 1332 1393; x_wconf 92' lang='lat' dir='ltr'>et</span> <span class='ocrx_word' id='word_1_66' title='bbox 1355 1350 1434 1392; x_wconf 89' lang='lat' dir='ltr'>con-</span> 
     </span>
     <span class='ocr_line' id='line_1_9' title="bbox 153 1436 1432 1522; baseline -0.002 -19"><span class='ocrx_word' id='word_1_67' title='bbox 153 1440 292 1522; x_wconf 87' lang='lat' dir='ltr'>spectui</span> <span class='ocrx_word' id='word_1_68' title='bbox 317 1441 511 1502; x_wconf 90' lang='lat' dir='ltr'>eorundem</span> <span class='ocrx_word' id='word_1_69' title='bbox 536 1437 717 1501; x_wconf 89' lang='lat' dir='ltr'>Francisci</span> <span class='ocrx_word' id='word_1_70' title='bbox 752 1446 787 1499; x_wconf 90' lang='lat' dir='ltr'>et</span> <span class='ocrx_word' id='word_1_71' title='bbox 812 1436 990 1499; x_wconf 88' lang='lat' dir='ltr'>Leonardi</span> <span class='ocrx_word' id='word_1_72' title='bbox 1016 1436 1256 1500; x_wconf 87' lang='lat' dir='ltr'>Cardinalium</span> <span class='ocrx_word' id='word_1_73' title='bbox 1289 1458 1432 1519; x_wconf 89' lang='lat' dir='ltr'>presen-</span> 
     </span>
     <span class='ocr_line' id='line_1_10' title="bbox 152 1544 1435 1629; baseline -0.002 -20"><span class='ocrx_word' id='word_1_74' title='bbox 152 1548 237 1609; x_wconf 89' lang='lat' dir='ltr'>tatis</span> <span class='ocrx_word' id='word_1_75' title='bbox 262 1556 297 1609; x_wconf 91' lang='lat' dir='ltr'>et</span> <span class='ocrx_word' id='word_1_76' title='bbox 320 1566 386 1629; x_wconf 90' lang='lat' dir='ltr'>per</span> <span class='ocrx_word' id='word_1_77' title='bbox 411 1567 472 1610; x_wconf 89' lang='lat' dir='ltr'>eos</span> <span class='ocrx_word' id='word_1_78' title='bbox 496 1566 603 1629; x_wconf 90' lang='lat' dir='ltr'>super</span> <span class='ocrx_word' id='word_1_79' title='bbox 628 1544 731 1608; x_wconf 91' lang='lat' dir='ltr'>dictis</span> <span class='ocrx_word' id='word_1_80' title='bbox 756 1544 913 1607; x_wconf 85' lang='lat' dir='ltr'>articulis</span> <span class='ocrx_word' id='word_1_81' title='bbox 937 1554 972 1606; x_wconf 92' lang='lat' dir='ltr'>et</span> <span class='ocrx_word' id='word_1_82' title='bbox 996 1546 1172 1608; x_wconf 90' lang='lat' dir='ltr'>contentis</span> <span class='ocrx_word' id='word_1_83' title='bbox 1195 1545 1231 1607; x_wconf 93' lang='lat' dir='ltr'>in</span> <span class='ocrx_word' id='word_1_84' title='bbox 1255 1544 1316 1627; x_wconf 92' lang='lat' dir='ltr'>eis,</span> <span class='ocrx_word' id='word_1_85' title='bbox 1336 1545 1435 1627; x_wconf 90' lang='lat' dir='ltr'>prius</span> 
     </span>
     <span class='ocr_line' id='line_1_11' title="bbox 152 1650 1434 1736; baseline -0.001 -20"><span class='ocrx_word' id='word_1_86' title='bbox 152 1674 196 1716; x_wconf 92' lang='lat' dir='ltr'>ac</span> <span class='ocrx_word' id='word_1_87' title='bbox 222 1654 353 1717; x_wconf 89' lang='lat' dir='ltr'>deinde</span> <span class='ocrx_word' id='word_1_88' title='bbox 377 1672 442 1736; x_wconf 92' lang='lat' dir='ltr'>per</span> <span class='ocrx_word' id='word_1_89' title='bbox 469 1652 567 1735; x_wconf 91' lang='lat' dir='ltr'>ipsos</span> <span class='ocrx_word' id='word_1_90' title='bbox 591 1652 789 1732; x_wconf 88' lang='lat' dir='ltr'>Jobannem</span> <span class='ocrx_word' id='word_1_91' title='bbox 821 1661 857 1713; x_wconf 92' lang='lat' dir='ltr'>et</span> <span class='ocrx_word' id='word_1_92' title='bbox 892 1650 1071 1716; x_wconf 78' lang='lat' dir='ltr'>Gentilem</span> <span class='ocrx_word' id='word_1_93' title='bbox 1103 1653 1296 1717; x_wconf 87' lang='lat' dir='ltr'>Auditores</span> <span class='ocrx_word' id='word_1_94' title='bbox 1327 1651 1434 1715; x_wconf 91' lang='lat' dir='ltr'>etiam</span> 
     </span>
     <span class='ocr_line' id='line_1_12' title="bbox 154 1759 1434 1841; baseline -0.002 -18"><span class='ocrx_word' id='word_1_95' title='bbox 154 1769 296 1823; x_wconf 91' lang='lat' dir='ltr'>secreto</span> <span class='ocrx_word' id='word_1_96' title='bbox 321 1771 357 1823; x_wconf 90' lang='lat' dir='ltr'>et</span> <span class='ocrx_word' id='word_1_97' title='bbox 380 1760 561 1841; x_wconf 85' lang='lat' dir='ltr'>sigillatim</span> <span class='ocrx_word' id='word_1_98' title='bbox 586 1759 813 1840; x_wconf 76' lang='lat' dir='ltr'>examinatiS,</span> <span class='ocrx_word' id='word_1_99' title='bbox 842 1780 1034 1841; x_wconf 90' lang='lat' dir='ltr'>eorumque</span> <span class='ocrx_word' id='word_1_100' title='bbox 1067 1760 1170 1822; x_wconf 92' lang='lat' dir='ltr'>dictis</span> <span class='ocrx_word' id='word_1_101' title='bbox 1203 1772 1239 1822; x_wconf 89' lang='lat' dir='ltr'>et</span> <span class='ocrx_word' id='word_1_102' title='bbox 1270 1759 1434 1841; x_wconf 92' lang='lat' dir='ltr'>depositi-</span> 
     </span>
     <span class='ocr_line' id='line_1_13' title="bbox 152 1866 1434 1949; baseline -0.001 -20"><span class='ocrx_word' id='word_1_103' title='bbox 152 1868 282 1930; x_wconf 87' lang='lat' dir='ltr'>onibus</span> <span class='ocrx_word' id='word_1_104' title='bbox 306 1867 341 1929; x_wconf 93' lang='lat' dir='ltr'>in</span> <span class='ocrx_word' id='word_1_105' title='bbox 366 1866 507 1948; x_wconf 86' lang='lat' dir='ltr'>scriptis</span> <span class='ocrx_word' id='word_1_106' title='bbox 531 1866 684 1930; x_wconf 87' lang='lat' dir='ltr'>fideliter</span> <span class='ocrx_word' id='word_1_107' title='bbox 708 1866 881 1947; x_wconf 89' lang='lat' dir='ltr'>reductis,</span> <span class='ocrx_word' id='word_1_108' title='bbox 913 1866 1081 1949; x_wconf 91' lang='lat' dir='ltr'>ipsosque</span> <span class='ocrx_word' id='word_1_109' title='bbox 1113 1866 1320 1948; x_wconf 88' lang='lat' dir='ltr'>posterioris</span> <span class='ocrx_word' id='word_1_110' title='bbox 1351 1868 1434 1929; x_wconf 89' lang='lat' dir='ltr'>cita·</span> 
     </span>
     <span class='ocr_line' id='line_1_14' title="bbox 152 1972 1435 2056; baseline 0 -21"><span class='ocrx_word' id='word_1_111' title='bbox 152 1973 262 2037; x_wconf 90' lang='lat' dir='ltr'>tionis</span> <span class='ocrx_word' id='word_1_112' title='bbox 286 1976 418 2055; x_wconf 90' lang='lat' dir='ltr'>edict0‚</span> <span class='ocrx_word' id='word_1_113' title='bbox 444 1994 563 2037; x_wconf 86' lang='lat' dir='ltr'>coram</span> <span class='ocrx_word' id='word_1_114' title='bbox 587 1972 673 2056; x_wconf 93' lang='lat' dir='ltr'>ipsis</span> <span class='ocrx_word' id='word_1_115' title='bbox 698 1972 888 2036; x_wconf 90' lang='lat' dir='ltr'>Francisco</span> <span class='ocrx_word' id='word_1_116' title='bbox 921 1972 1102 2036; x_wconf 87' lang='lat' dir='ltr'>Cardinali</span> <span class='ocrx_word' id='word_1_117' title='bbox 1132 1993 1173 2036; x_wconf 93' lang='lat' dir='ltr'>ac</span> <span class='ocrx_word' id='word_1_118' title='bbox 1205 1973 1369 2053; x_wconf 89' lang='lat' dir='ltr'>Johanne</span> <span class='ocrx_word' id='word_1_119' title='bbox 1400 1987 1435 2035; x_wconf 95' lang='lat' dir='ltr'>et</span> 
     </span>
     <span class='ocr_line' id='line_1_15' title="bbox 151 2080 1434 2161; baseline -0.003 -17"><span class='ocrx_word' id='word_1_120' title='bbox 151 2080 298 2144; x_wconf 86' lang='lat' dir='ltr'>Gentile</span> <span class='ocrx_word' id='word_1_121' title='bbox 323 2081 558 2144; x_wconf 90' lang='lat' dir='ltr'>Auditoribus</span> <span class='ocrx_word' id='word_1_122' title='bbox 582 2082 617 2143; x_wconf 89' lang='lat' dir='ltr'>in</span> <span class='ocrx_word' id='word_1_123' title='bbox 642 2080 735 2143; x_wconf 91' lang='lat' dir='ltr'>illius</span> <span class='ocrx_word' id='word_1_124' title='bbox 758 2080 910 2143; x_wconf 90' lang='lat' dir='ltr'>termino</span> <span class='ocrx_word' id='word_1_125' title='bbox 934 2082 1150 2161; x_wconf 91' lang='lat' dir='ltr'>reproducto</span> <span class='ocrx_word' id='word_1_126' title='bbox 1182 2090 1217 2142; x_wconf 91' lang='lat' dir='ltr'>et</span> <span class='ocrx_word' id='word_1_127' title='bbox 1250 2080 1367 2142; x_wconf 89' lang='lat' dir='ltr'>citatis</span> <span class='ocrx_word' id='word_1_128' title='bbox 1398 2080 1434 2141; x_wconf 92' lang='lat' dir='ltr'>in</span> 
     </span>
     <span class='ocr_line' id='line_1_16' title="bbox 153 2186 1435 2269; baseline -0.001 -19"><span class='ocrx_word' id='word_1_129' title='bbox 153 2208 199 2251; x_wconf 90' lang='lat' dir='ltr'>eo</span> <span class='ocrx_word' id='word_1_130' title='bbox 226 2188 403 2250; x_wconf 91' lang='lat' dir='ltr'>contentis</span> <span class='ocrx_word' id='word_1_131' title='bbox 435 2208 501 2269; x_wconf 92' lang='lat' dir='ltr'>per</span> <span class='ocrx_word' id='word_1_132' title='bbox 528 2188 626 2269; x_wconf 92' lang='lat' dir='ltr'>ipsos</span> <span class='ocrx_word' id='word_1_133' title='bbox 655 2186 883 2250; x_wconf 86' lang='lat' dir='ltr'>Franciscum</span> <span class='ocrx_word' id='word_1_134' title='bbox 907 2186 1130 2251; x_wconf 87' lang='lat' dir='ltr'>Cardinalem</span> <span class='ocrx_word' id='word_1_135' title='bbox 1164 2207 1205 2248; x_wconf 90' lang='lat' dir='ltr'>ac</span> <span class='ocrx_word' id='word_1_136' title='bbox 1236 2186 1435 2266; x_wconf 89' lang='lat' dir='ltr'>Johannem</span> 
     </span>
     <span class='ocr_line' id='line_1_17' title="bbox 150 2293 1434 2376; baseline -0.001 -19"><span class='ocrx_word' id='word_1_137' title='bbox 150 2304 189 2357; x_wconf 90' lang='lat' dir='ltr'>et</span> <span class='ocrx_word' id='word_1_138' title='bbox 215 2293 393 2357; x_wconf 86' lang='lat' dir='ltr'>Gentilem</span> <span class='ocrx_word' id='word_1_139' title='bbox 418 2295 613 2357; x_wconf 91' lang='lat' dir='ltr'>Auditores</span> <span class='ocrx_word' id='word_1_140' title='bbox 645 2294 911 2356; x_wconf 86' lang='lat' dir='ltr'>contumacibus</span> <span class='ocrx_word' id='word_1_141' title='bbox 934 2294 1118 2375; x_wconf 90' lang='lat' dir='ltr'>reputatis,</span> <span class='ocrx_word' id='word_1_142' title='bbox 1150 2293 1264 2356; x_wconf 89' lang='lat' dir='ltr'>dictos</span> <span class='ocrx_word' id='word_1_143' title='bbox 1287 2294 1434 2376; x_wconf 90' lang='lat' dir='ltr'>posteri-</span> 
     </span>
     <span class='ocr_line' id='line_1_18' title="bbox 151 2400 1435 2483; baseline 0 -20"><span class='ocrx_word' id='word_1_144' title='bbox 151 2422 236 2463; x_wconf 89' lang='lat' dir='ltr'>ores</span> <span class='ocrx_word' id='word_1_145' title='bbox 265 2401 433 2464; x_wconf 88' lang='lat' dir='ltr'>articulos</span> <span class='ocrx_word' id='word_1_146' title='bbox 462 2400 622 2464; x_wconf 89' lang='lat' dir='ltr'>similiter</span> <span class='ocrx_word' id='word_1_147' title='bbox 659 2403 705 2463; x_wconf 91' lang='lat' dir='ltr'>ad</span> <span class='ocrx_word' id='word_1_148' title='bbox 743 2401 967 2483; x_wconf 90' lang='lat' dir='ltr'>probandum</span> <span class='ocrx_word' id='word_1_149' title='bbox 1002 2400 1139 2462; x_wconf 86' lang='lat' dir='ltr'>admitti</span> <span class='ocrx_word' id='word_1_150' title='bbox 1177 2411 1213 2463; x_wconf 91' lang='lat' dir='ltr'>et</span> <span class='ocrx_word' id='word_1_151' title='bbox 1246 2402 1435 2463; x_wconf 90' lang='lat' dir='ltr'>nonnullos</span> 
     </span>
     <span class='ocr_line' id='line_1_19' title="bbox 150 2506 1434 2590; baseline -0.002 -19"><span class='ocrx_word' id='word_1_152' title='bbox 150 2508 246 2571; x_wconf 88' lang='lat' dir='ltr'>alios</span> <span class='ocrx_word' id='word_1_153' title='bbox 278 2508 404 2571; x_wconf 88' lang='lat' dir='ltr'>Testes</span> <span class='ocrx_word' id='word_1_154' title='bbox 440 2528 546 2590; x_wconf 89' lang='lat' dir='ltr'>super</span> <span class='ocrx_word' id='word_1_155' title='bbox 578 2506 664 2589; x_wconf 86' lang='lat' dir='ltr'>ipsis</span> <span class='ocrx_word' id='word_1_156' title='bbox 695 2507 952 2589; x_wconf 84' lang='lat' dir='ltr'>posterioribus</span> <span class='ocrx_word' id='word_1_157' title='bbox 983 2506 1139 2570; x_wconf 87' lang='lat' dir='ltr'>articulis</span> <span class='ocrx_word' id='word_1_158' title='bbox 1164 2518 1200 2571; x_wconf 92' lang='lat' dir='ltr'>et</span> <span class='ocrx_word' id='word_1_159' title='bbox 1223 2518 1298 2571; x_wconf 89' lang='lat' dir='ltr'>tota</span> <span class='ocrx_word' id='word_1_160' title='bbox 1328 2528 1434 2572; x_wconf 86' lang='lat' dir='ltr'>causa</span> 
     </span>
     <span class='ocr_line' id='line_1_20' title="bbox 149 2614 1433 2697; baseline -0.001 -20"><span class='ocrx_word' id='word_1_161' title='bbox 149 2615 355 2677; x_wconf 91' lang='lat' dir='ltr'>huiusmodi</span> <span class='ocrx_word' id='word_1_162' title='bbox 389 2614 548 2678; x_wconf 87' lang='lat' dir='ltr'>similiter</span> <span class='ocrx_word' id='word_1_163' title='bbox 580 2614 735 2694; x_wconf 88' lang='lat' dir='ltr'>induxit,</span> <span class='ocrx_word' id='word_1_164' title='bbox 770 2624 805 2677; x_wconf 89' lang='lat' dir='ltr'>et</span> <span class='ocrx_word' id='word_1_165' title='bbox 839 2616 886 2678; x_wconf 89' lang='lat' dir='ltr'>ad</span> <span class='ocrx_word' id='word_1_166' title='bbox 918 2614 1104 2677; x_wconf 88' lang='lat' dir='ltr'>iurandum</span> <span class='ocrx_word' id='word_1_167' title='bbox 1137 2614 1248 2697; x_wconf 90' lang='lat' dir='ltr'>recipi</span> <span class='ocrx_word' id='word_1_168' title='bbox 1272 2616 1433 2696; x_wconf 85' lang='lat' dir='ltr'>obtinuit,</span> 
     </span>
     <span class='ocr_line' id='line_1_21' title="bbox 149 2720 1435 2805; baseline 0.002 -22"><span class='ocrx_word' id='word_1_169' title='bbox 149 2733 261 2803; x_wconf 88' lang='lat' dir='ltr'>prout</span> <span class='ocrx_word' id='word_1_170' title='bbox 284 2720 444 2785; x_wconf 88' lang='lat' dir='ltr'>similiter</span> <span class='ocrx_word' id='word_1_171' title='bbox 467 2722 637 2803; x_wconf 86' lang='lat' dir='ltr'>iurarunt,</span> <span class='ocrx_word' id='word_1_172' title='bbox 662 2732 697 2784; x_wconf 88' lang='lat' dir='ltr'>et</span> <span class='ocrx_word' id='word_1_173' title='bbox 720 2722 872 2784; x_wconf 88' lang='lat' dir='ltr'>termino</span> <span class='ocrx_word' id='word_1_174' title='bbox 896 2723 942 2783; x_wconf 88' lang='lat' dir='ltr'>ad</span> <span class='ocrx_word' id='word_1_175' title='bbox 971 2722 1126 2784; x_wconf 92' lang='lat' dir='ltr'>dandum</span> <span class='ocrx_word' id='word_1_176' title='bbox 1159 2720 1435 2805; x_wconf 88' lang='lat' dir='ltr'>interrogatoria</span> 
     </span>
     <span class='ocr_line' id='line_1_22' title="bbox 149 2828 1434 2912; baseline 0.001 -20"><span class='ocrx_word' id='word_1_177' title='bbox 149 2850 221 2912; x_wconf 90' lang='lat' dir='ltr'>pro</span> <span class='ocrx_word' id='word_1_178' title='bbox 246 2829 385 2892; x_wconf 89' lang='lat' dir='ltr'>illorum</span> <span class='ocrx_word' id='word_1_179' title='bbox 410 2828 573 2893; x_wconf 88' lang='lat' dir='ltr'>examine</span> <span class='ocrx_word' id='word_1_180' title='bbox 598 2828 812 2912; x_wconf 87' lang='lat' dir='ltr'>competenti</span> <span class='ocrx_word' id='word_1_181' title='bbox 836 2830 935 2912; x_wconf 88' lang='lat' dir='ltr'>prius</span> <span class='ocrx_word' id='word_1_182' title='bbox 956 2831 1068 2910; x_wconf 77' lang='lat' dir='ltr'>lapSO,</span> <span class='ocrx_word' id='word_1_183' title='bbox 1085 2828 1277 2892; x_wconf 87' lang='lat' dir='ltr'>examinati</span> <span class='ocrx_word' id='word_1_184' title='bbox 1292 2829 1434 2893; x_wconf 85' lang='lat' dir='ltr'>fuerunt</span> 
     </span>
     <span class='ocr_line' id='line_1_23' title="bbox 150 2937 1433 3019; baseline -0.001 -20"><span class='ocrx_word' id='word_1_185' title='bbox 150 2937 259 2999; x_wconf 89' lang='lat' dir='ltr'>dictis</span> <span class='ocrx_word' id='word_1_186' title='bbox 284 2947 319 2999; x_wconf 90' lang='lat' dir='ltr'>et</span> <span class='ocrx_word' id='word_1_187' title='bbox 344 2937 626 3019; x_wconf 90' lang='lat' dir='ltr'>depositionibus</span> <span class='ocrx_word' id='word_1_188' title='bbox 651 2956 772 3000; x_wconf 92' lang='lat' dir='ltr'>eorum</span> <span class='ocrx_word' id='word_1_189' title='bbox 797 2937 832 2999; x_wconf 92' lang='lat' dir='ltr'>in</span> <span class='ocrx_word' id='word_1_190' title='bbox 857 2937 997 3018; x_wconf 89' lang='lat' dir='ltr'>scriptis</span> <span class='ocrx_word' id='word_1_191' title='bbox 1020 2937 1155 3019; x_wconf 88' lang='lat' dir='ltr'>pariter</span> <span class='ocrx_word' id='word_1_192' title='bbox 1176 2937 1342 3000; x_wconf 86' lang='lat' dir='ltr'>redactis.</span> <span class='ocrx_word' id='word_1_193' title='bbox 1388 2938 1433 2999; x_wconf 89' lang='lat' dir='ltr'>Et</span> 
     </span>
     <span class='ocr_line' id='line_1_24' title="bbox 149 3043 1434 3126; baseline 0.001 -20"><span class='ocrx_word' id='word_1_194' title='bbox 149 3043 297 3106; x_wconf 87' lang='lat' dir='ltr'>tandem</span> <span class='ocrx_word' id='word_1_195' title='bbox 322 3043 390 3125; x_wconf 89' lang='lat' dir='ltr'>ipsi</span> <span class='ocrx_word' id='word_1_196' title='bbox 425 3044 635 3107; x_wconf 88' lang='lat' dir='ltr'>Franciscus</span> <span class='ocrx_word' id='word_1_197' title='bbox 664 3055 699 3106; x_wconf 93' lang='lat' dir='ltr'>et</span> <span class='ocrx_word' id='word_1_198' title='bbox 731 3044 940 3107; x_wconf 92' lang='lat' dir='ltr'>Leonardus</span> <span class='ocrx_word' id='word_1_199' title='bbox 970 3043 1177 3107; x_wconf 86' lang='lat' dir='ltr'>Cardinales</span> <span class='ocrx_word' id='word_1_200' title='bbox 1208 3043 1296 3106; x_wconf 89' lang='lat' dir='ltr'>actis</span> <span class='ocrx_word' id='word_1_201' title='bbox 1326 3063 1434 3126; x_wconf 90' lang='lat' dir='ltr'>super</span> 
     </span>
     <span class='ocr_line' id='line_1_25' title="bbox 149 3149 1433 3236; baseline -0.002 -22"><span class='ocrx_word' id='word_1_202' title='bbox 149 3151 338 3236; x_wconf 88' lang='lat' dir='ltr'>premissis</span> <span class='ocrx_word' id='word_1_203' title='bbox 361 3150 466 3214; x_wconf 87' lang='lat' dir='ltr'>factis</span> <span class='ocrx_word' id='word_1_204' title='bbox 490 3160 525 3214; x_wconf 89' lang='lat' dir='ltr'>et</span> <span class='ocrx_word' id='word_1_205' title='bbox 548 3152 584 3214; x_wconf 94' lang='lat' dir='ltr'>in</span> <span class='ocrx_word' id='word_1_206' title='bbox 610 3151 661 3214; x_wconf 91' lang='lat' dir='ltr'>eis</span> <span class='ocrx_word' id='word_1_207' title='bbox 684 3151 863 3214; x_wconf 90' lang='lat' dir='ltr'>contentis</span> <span class='ocrx_word' id='word_1_208' title='bbox 886 3172 952 3234; x_wconf 92' lang='lat' dir='ltr'>per</span> <span class='ocrx_word' id='word_1_209' title='bbox 975 3170 1038 3215; x_wconf 92' lang='lat' dir='ltr'>eos</span> <span class='ocrx_word' id='word_1_210' title='bbox 1060 3149 1146 3212; x_wconf 85' lang='lat' dir='ltr'>visis</span> <span class='ocrx_word' id='word_1_211' title='bbox 1176 3171 1217 3212; x_wconf 88' lang='lat' dir='ltr'>ac</span> <span class='ocrx_word' id='word_1_212' title='bbox 1242 3149 1433 3232; x_wconf 86' lang='lat' dir='ltr'>diligenter</span> 
     </span>
     <span class='ocr_line' id='line_1_26' title="bbox 150 3257 1432 3340; baseline -0.001 -20"><span class='ocrx_word' id='word_1_213' title='bbox 150 3258 340 3339; x_wconf 76' lang='lat' dir='ltr'>inspectiS,</span> <span class='ocrx_word' id='word_1_214' title='bbox 365 3278 406 3320; x_wconf 93' lang='lat' dir='ltr'>ac</span> <span class='ocrx_word' id='word_1_215' title='bbox 432 3258 595 3320; x_wconf 90' lang='lat' dir='ltr'>omnibus</span> <span class='ocrx_word' id='word_1_216' title='bbox 619 3268 654 3320; x_wconf 91' lang='lat' dir='ltr'>et</span> <span class='ocrx_word' id='word_1_217' title='bbox 678 3257 827 3340; x_wconf 89' lang='lat' dir='ltr'>singulis</span> <span class='ocrx_word' id='word_1_218' title='bbox 852 3279 921 3340; x_wconf 90' lang='lat' dir='ltr'>que</span> <span class='ocrx_word' id='word_1_219' title='bbox 951 3260 987 3320; x_wconf 93' lang='lat' dir='ltr'>in</span> <span class='ocrx_word' id='word_1_220' title='bbox 1016 3278 1123 3321; x_wconf 88' lang='lat' dir='ltr'>causa</span> <span class='ocrx_word' id='word_1_221' title='bbox 1155 3257 1250 3339; x_wconf 88' lang='lat' dir='ltr'>ipsa,</span> <span class='ocrx_word' id='word_1_222' title='bbox 1283 3267 1363 3319; x_wconf 89' lang='lat' dir='ltr'>aeta</span> <span class='ocrx_word' id='word_1_223' title='bbox 1396 3267 1432 3319; x_wconf 90' lang='lat' dir='ltr'>et</span> 
     </span>
     <span class='ocr_line' id='line_1_27' title="bbox 150 3363 1434 3446; baseline -0.002 -20"><span class='ocrx_word' id='word_1_224' title='bbox 150 3364 302 3427; x_wconf 86' lang='lat' dir='ltr'>actitata</span> <span class='ocrx_word' id='word_1_225' title='bbox 324 3363 467 3427; x_wconf 89' lang='lat' dir='ltr'>fuerunt</span> <span class='ocrx_word' id='word_1_226' title='bbox 491 3364 682 3446; x_wconf 84' lang='lat' dir='ltr'>diligenter</span> <span class='ocrx_word' id='word_1_227' title='bbox 707 3375 741 3426; x_wconf 93' lang='lat' dir='ltr'>et</span> <span class='ocrx_word' id='word_1_228' title='bbox 764 3374 929 3427; x_wconf 88' lang='lat' dir='ltr'>accurate</span> <span class='ocrx_word' id='word_1_229' title='bbox 945 3385 1011 3446; x_wconf 92' lang='lat' dir='ltr'>per</span> <span class='ocrx_word' id='word_1_230' title='bbox 1027 3383 1090 3427; x_wconf 90' lang='lat' dir='ltr'>eos</span> <span class='ocrx_word' id='word_1_231' title='bbox 1104 3363 1210 3426; x_wconf 90' lang='lat' dir='ltr'>etiam</span> <span class='ocrx_word' id='word_1_232' title='bbox 1224 3363 1434 3426; x_wconf 83' lang='lat' dir='ltr'>examinatis</span> 
     </span>
     <span class='ocr_line' id='line_1_28' title="bbox 150 3469 1433 3553; baseline -0.001 -20"><span class='ocrx_word' id='word_1_233' title='bbox 150 3471 188 3534; x_wconf 92' lang='lat' dir='ltr'>in</span> <span class='ocrx_word' id='word_1_234' title='bbox 207 3469 425 3533; x_wconf 88' lang='lat' dir='ltr'>Consistorio</span> <span class='ocrx_word' id='word_1_235' title='bbox 450 3471 591 3553; x_wconf 88' lang='lat' dir='ltr'>prefato</span> <span class='ocrx_word' id='word_1_236' title='bbox 615 3471 787 3553; x_wconf 91' lang='lat' dir='ltr'>premissa</span> <span class='ocrx_word' id='word_1_237' title='bbox 811 3471 929 3534; x_wconf 89' lang='lat' dir='ltr'>omnia</span> <span class='ocrx_word' id='word_1_238' title='bbox 944 3481 981 3534; x_wconf 91' lang='lat' dir='ltr'>et</span> <span class='ocrx_word' id='word_1_239' title='bbox 999 3471 1140 3553; x_wconf 87' lang='lat' dir='ltr'>singula</span> <span class='ocrx_word' id='word_1_240' title='bbox 1155 3471 1259 3533; x_wconf 88' lang='lat' dir='ltr'>etiam</span> <span class='ocrx_word' id='word_1_241' title='bbox 1275 3471 1433 3533; x_wconf 89' lang='lat' dir='ltr'>Testium</span> 
     </span>
     <span class='ocr_line' id='line_1_29' title="bbox 154 3577 1434 3659; baseline -0.001 -19"><span class='ocrx_word' id='word_1_242' title='bbox 154 3577 401 3659; x_wconf 87' lang='lat' dir='ltr'>depositiones</span> <span class='ocrx_word' id='word_1_243' title='bbox 425 3598 544 3641; x_wconf 86' lang='lat' dir='ltr'>coram</span> <span class='ocrx_word' id='word_1_244' title='bbox 568 3577 671 3641; x_wconf 92' lang='lat' dir='ltr'>nobis</span> <span class='ocrx_word' id='word_1_245' title='bbox 695 3589 731 3640; x_wconf 89' lang='lat' dir='ltr'>et</span> <span class='ocrx_word' id='word_1_246' title='bbox 746 3578 824 3640; x_wconf 87' lang='lat' dir='ltr'>aliis</span> <span class='ocrx_word' id='word_1_247' title='bbox 840 3577 1105 3641; x_wconf 88' lang='lat' dir='ltr'>venerabilibus</span> <span class='ocrx_word' id='word_1_248' title='bbox 1119 3577 1288 3640; x_wconf 88' lang='lat' dir='ltr'>fratribus</span> <span class='ocrx_word' id='word_1_249' title='bbox 1304 3577 1434 3640; x_wconf 90' lang='lat' dir='ltr'>nostris</span> 
     </span>
     <span class='ocr_line' id='line_1_30' title="bbox 150 3683 1432 3748; baseline -0.002 0"><span class='ocrx_word' id='word_1_250' title='bbox 150 3693 277 3748; x_wconf 85' lang='lat' dir='ltr'>sancte</span> <span class='ocrx_word' id='word_1_251' title='bbox 302 3685 468 3746; x_wconf 86' lang='lat' dir='ltr'>Romane</span> <span class='ocrx_word' id='word_1_252' title='bbox 492 3683 650 3748; x_wconf 89' lang='lat' dir='ltr'>Ecclesie</span> <span class='ocrx_word' id='word_1_253' title='bbox 675 3683 923 3747; x_wconf 88' lang='lat' dir='ltr'>Cardinalibus</span> <span class='ocrx_word' id='word_1_254' title='bbox 946 3685 1129 3747; x_wconf 88' lang='lat' dir='ltr'>uobiscum</span> <span class='ocrx_word' id='word_1_255' title='bbox 1153 3684 1241 3747; x_wconf 91' lang='lat' dir='ltr'>inibi</span> <span class='ocrx_word' id='word_1_256' title='bbox 1264 3683 1432 3747; x_wconf 89' lang='lat' dir='ltr'>consisto-</span> 
     </span>
     <span class='ocr_line' id='line_1_31' title="bbox 149 3791 1435 3874; baseline 0 -20"><span class='ocrx_word' id='word_1_257' title='bbox 149 3791 288 3854; x_wconf 89' lang='lat' dir='ltr'>rialiter</span> <span class='ocrx_word' id='word_1_258' title='bbox 301 3792 517 3872; x_wconf 82' lang='lat' dir='ltr'>sedentibus,</span> <span class='ocrx_word' id='word_1_259' title='bbox 532 3812 661 3874; x_wconf 85' lang='lat' dir='ltr'>magna</span> <span class='ocrx_word' id='word_1_260' title='bbox 676 3812 755 3855; x_wconf 92' lang='lat' dir='ltr'>cum</span> <span class='ocrx_word' id='word_1_261' title='bbox 770 3792 973 3855; x_wconf 87' lang='lat' dir='ltr'>maturitate</span> <span class='ocrx_word' id='word_1_262' title='bbox 988 3792 1183 3854; x_wconf 89' lang='lat' dir='ltr'>retulerunt</span> <span class='ocrx_word' id='word_1_263' title='bbox 1194 3801 1435 3873; x_wconf 90' lang='lat' dir='ltr'>exposuerunt</span> 
     </span>
     <span class='ocr_line' id='line_1_32' title="bbox 150 3897 1432 3962; baseline -0.001 0"><span class='ocrx_word' id='word_1_264' title='bbox 150 3909 190 3962; x_wconf 89' lang='lat' dir='ltr'>et</span> <span class='ocrx_word' id='word_1_265' title='bbox 200 3907 400 3962; x_wconf 89' lang='lat' dir='ltr'>narrarunt.</span> <span class='ocrx_word' id='word_1_266' title='bbox 426 3898 500 3962; x_wconf 94' lang='lat' dir='ltr'>Nos</span> <span class='ocrx_word' id='word_1_267' title='bbox 512 3899 587 3962; x_wconf 87' lang='lat' dir='ltr'>visa</span> <span class='ocrx_word' id='word_1_268' title='bbox 599 3899 818 3962; x_wconf 79' lang='lat' dir='ltr'>citationearl</span> <span class='ocrx_word' id='word_1_269' title='bbox 827 3900 1040 3962; x_wconf 89' lang='lat' dir='ltr'>audiendum</span> <span class='ocrx_word' id='word_1_270' title='bbox 1054 3897 1265 3961; x_wconf 89' lang='lat' dir='ltr'>sententiam</span> <span class='ocrx_word' id='word_1_271' title='bbox 1278 3909 1432 3961; x_wconf 88' lang='lat' dir='ltr'>nostram</span> 
     </span>
     <span class='ocr_line' id='line_1_33' title="bbox 149 4005 1432 4085; baseline 0.001 -18"><span class='ocrx_word' id='word_1_272' title='bbox 149 4007 200 4068; x_wconf 85' lang='lat' dir='ltr'>ad</span> <span class='ocrx_word' id='word_1_273' title='bbox 224 4007 316 4068; x_wconf 89' lang='lat' dir='ltr'>hanc</span> <span class='ocrx_word' id='word_1_274' title='bbox 342 4005 435 4068; x_wconf 89' lang='lat' dir='ltr'>diem</span> <span class='ocrx_word' id='word_1_275' title='bbox 458 4007 554 4069; x_wconf 81' lang='lat' dir='ltr'>iacta</span> <span class='ocrx_word' id='word_1_276' title='bbox 578 4027 620 4068; x_wconf 91' lang='lat' dir='ltr'>ac</span> <span class='ocrx_word' id='word_1_277' title='bbox 644 4006 816 4068; x_wconf 87' lang='lat' dir='ltr'>relatione</span> <span class='ocrx_word' id='word_1_278' title='bbox 832 4006 1032 4069; x_wconf 90' lang='lat' dir='ltr'>huiusmodi</span> <span class='ocrx_word' id='word_1_279' title='bbox 1049 4005 1169 4068; x_wconf 90' lang='lat' dir='ltr'>audita</span> <span class='ocrx_word' id='word_1_280' title='bbox 1184 4017 1220 4067; x_wconf 93' lang='lat' dir='ltr'>et</span> <span class='ocrx_word' id='word_1_281' title='bbox 1242 4006 1432 4085; x_wconf 88' lang='lat' dir='ltr'>intellecta,</span> 
     </span>
     <span class='ocr_line' id='line_1_34' title="bbox 153 4111 1433 4196; baseline 0.002 -22"><span class='ocrx_word' id='word_1_282' title='bbox 153 4133 199 4175; x_wconf 85' lang='lat' dir='ltr'>ac</span> <span class='ocrx_word' id='word_1_283' title='bbox 234 4111 305 4175; x_wconf 90' lang='lat' dir='ltr'>illis</span> <span class='ocrx_word' id='word_1_284' title='bbox 338 4121 374 4175; x_wconf 92' lang='lat' dir='ltr'>et</span> <span class='ocrx_word' id='word_1_285' title='bbox 409 4111 486 4174; x_wconf 89' lang='lat' dir='ltr'>aliis</span> <span class='ocrx_word' id='word_1_286' title='bbox 521 4133 590 4195; x_wconf 93' lang='lat' dir='ltr'>que</span> <span class='ocrx_word' id='word_1_287' title='bbox 626 4134 669 4176; x_wconf 91' lang='lat' dir='ltr'>ex</span> <span class='ocrx_word' id='word_1_288' title='bbox 700 4133 870 4196; x_wconf 90' lang='lat' dir='ltr'>processu</span> <span class='ocrx_word' id='word_1_289' title='bbox 908 4122 942 4175; x_wconf 92' lang='lat' dir='ltr'>et</span> <span class='ocrx_word' id='word_1_290' title='bbox 971 4111 1252 4194; x_wconf 89' lang='lat' dir='ltr'>depositionibus</span> <span class='ocrx_word' id='word_1_291' title='bbox 1276 4113 1433 4176; x_wconf 88' lang='lat' dir='ltr'>Testium</span> 
     </span>
     <span class='ocr_line' id='line_1_35' title="bbox 150 4219 1433 4301; baseline 0 -19"><span class='ocrx_word' id='word_1_292' title='bbox 150 4219 355 4282; x_wconf 90' lang='lat' dir='ltr'>huiusmodi</span> <span class='ocrx_word' id='word_1_293' title='bbox 367 4221 599 4300; x_wconf 90' lang='lat' dir='ltr'>resultabant,</span> <span class='ocrx_word' id='word_1_294' title='bbox 612 4219 716 4282; x_wconf 91' lang='lat' dir='ltr'>simili</span> <span class='ocrx_word' id='word_1_295' title='bbox 727 4219 930 4282; x_wconf 89' lang='lat' dir='ltr'>maturitate</span> <span class='ocrx_word' id='word_1_296' title='bbox 945 4219 1103 4301; x_wconf 89' lang='lat' dir='ltr'>pensatis</span> <span class='ocrx_word' id='word_1_297' title='bbox 1116 4229 1152 4282; x_wconf 92' lang='lat' dir='ltr'>et</span> <span class='ocrx_word' id='word_1_298' title='bbox 1168 4219 1305 4281; x_wconf 91' lang='lat' dir='ltr'>libratis</span> <span class='ocrx_word' id='word_1_299' title='bbox 1320 4239 1362 4282; x_wconf 88' lang='lat' dir='ltr'>ac</span> <span class='ocrx_word' id='word_1_300' title='bbox 1387 4241 1433 4282; x_wconf 89' lang='lat' dir='ltr'>ex</span> 
     </span>
     <span class='ocr_line' id='line_1_36' title="bbox 150 4326 1431 4408; baseline 0.001 -20"><span class='ocrx_word' id='word_1_301' title='bbox 150 4326 223 4388; x_wconf 92' lang='lat' dir='ltr'>illis</span> <span class='ocrx_word' id='word_1_302' title='bbox 258 4327 354 4388; x_wconf 88' lang='lat' dir='ltr'>clare</span> <span class='ocrx_word' id='word_1_303' title='bbox 388 4337 570 4407; x_wconf 89' lang='lat' dir='ltr'>comperto</span> <span class='ocrx_word' id='word_1_304' title='bbox 602 4327 695 4408; x_wconf 93' lang='lat' dir='ltr'>quod</span> <span class='ocrx_word' id='word_1_305' title='bbox 727 4327 888 4406; x_wconf 90' lang='lat' dir='ltr'>Julianus</span> <span class='ocrx_word' id='word_1_306' title='bbox 919 4337 954 4389; x_wconf 92' lang='lat' dir='ltr'>et</span> <span class='ocrx_word' id='word_1_307' title='bbox 987 4326 1131 4388; x_wconf 89' lang='lat' dir='ltr'>Floreta</span> <span class='ocrx_word' id='word_1_308' title='bbox 1155 4338 1322 4407; x_wconf 88' lang='lat' dir='ltr'>parentes</span> <span class='ocrx_word' id='word_1_309' title='bbox 1346 4327 1431 4390; x_wconf 91' lang='lat' dir='ltr'>dicti</span> 
     </span>
     <span class='ocr_line' id='line_1_37' title="bbox 150 4431 1429 4514; baseline 0 -19"><span class='ocrx_word' id='word_1_310' title='bbox 150 4433 238 4513; x_wconf 92' lang='lat' dir='ltr'>Julii</span> <span class='ocrx_word' id='word_1_311' title='bbox 262 4431 387 4513; x_wconf 90' lang='lat' dir='ltr'>Electi,</span> <span class='ocrx_word' id='word_1_312' title='bbox 403 4433 556 4514; x_wconf 88' lang='lat' dir='ltr'>fuerunt,</span> <span class='ocrx_word' id='word_1_313' title='bbox 581 4433 664 4495; x_wconf 91' lang='lat' dir='ltr'>dum</span> <span class='ocrx_word' id='word_1_314' title='bbox 688 4433 851 4495; x_wconf 91' lang='lat' dir='ltr'>viverent</span> <span class='ocrx_word' id='word_1_315' title='bbox 875 4433 1025 4514; x_wconf 88' lang='lat' dir='ltr'>legitimi</span> <span class='ocrx_word' id='word_1_316' title='bbox 1049 4432 1237 4513; x_wconf 87' lang='lat' dir='ltr'>Coniuges,</span> <span class='ocrx_word' id='word_1_317' title='bbox 1262 4443 1298 4494; x_wconf 89' lang='lat' dir='ltr'>et</span> <span class='ocrx_word' id='word_1_318' title='bbox 1313 4435 1429 4495; x_wconf 88' lang='lat' dir='ltr'>matri-</span> 
     </span>
     <span class='ocr_line' id='line_1_38' title="bbox 149 4537 1430 4623; baseline 0 -20"><span class='ocrx_word' id='word_1_319' title='bbox 149 4539 312 4603; x_wconf 91' lang='lat' dir='ltr'>monium</span> <span class='ocrx_word' id='word_1_320' title='bbox 334 4537 427 4601; x_wconf 90' lang='lat' dir='ltr'>inter</span> <span class='ocrx_word' id='word_1_321' title='bbox 450 4561 488 4602; x_wconf 91' lang='lat' dir='ltr'>se</span> <span class='ocrx_word' id='word_1_322' title='bbox 512 4561 577 4623; x_wconf 88' lang='lat' dir='ltr'>per</span> <span class='ocrx_word' id='word_1_323' title='bbox 599 4542 712 4602; x_wconf 89' lang='lat' dir='ltr'>verba</span> <span class='ocrx_word' id='word_1_324' title='bbox 735 4540 894 4621; x_wconf 79' lang='lat' dir='ltr'>legitime</span> <span class='ocrx_word' id='word_1_325' title='bbox 918 4542 963 4602; x_wconf 95' lang='lat' dir='ltr'>de</span> <span class='ocrx_word' id='word_1_326' title='bbox 986 4548 1144 4622; x_wconf 75' lang='lat' dir='ltr'>presenti</span> <span class='ocrx_word' id='word_1_327' title='bbox 1167 4551 1430 4616; x_wconf 86' lang='lat' dir='ltr'>contraxerant,</span> 
     </span>
     <span class='ocr_line' id='line_1_39' title="bbox 151 4644 1430 4730; baseline 0.002 -23"><span class='ocrx_word' id='word_1_328' title='bbox 151 4647 322 4730; x_wconf 90' lang='lat' dir='ltr'>quodque</span> <span class='ocrx_word' id='word_1_329' title='bbox 346 4644 461 4708; x_wconf 91' lang='lat' dir='ltr'>dictus</span> <span class='ocrx_word' id='word_1_330' title='bbox 475 4646 588 4725; x_wconf 91' lang='lat' dir='ltr'>Julius</span> <span class='ocrx_word' id='word_1_331' title='bbox 604 4646 747 4709; x_wconf 88' lang='lat' dir='ltr'>Electus</span> <span class='ocrx_word' id='word_1_332' title='bbox 770 4647 845 4708; x_wconf 90' lang='lat' dir='ltr'>iure</span> <span class='ocrx_word' id='word_1_333' title='bbox 870 4647 1044 4726; x_wconf 86' lang='lat' dir='ltr'>dictante,</span> <span class='ocrx_word' id='word_1_334' title='bbox 1074 4665 1196 4709; x_wconf 87' lang='lat' dir='ltr'>eorum</span> <span class='ocrx_word' id='word_1_335' title='bbox 1219 4645 1311 4710; x_wconf 90' lang='lat' dir='ltr'>filius</span> <span class='ocrx_word' id='word_1_336' title='bbox 1334 4667 1430 4710; x_wconf 90' lang='lat' dir='ltr'>natu-</span> 
     </span>
     <span class='ocr_line' id='line_1_40' title="bbox 150 4753 1432 4835; baseline 0.001 -19"><span class='ocrx_word' id='word_1_337' title='bbox 150 4753 239 4816; x_wconf 88' lang='lat' dir='ltr'>ralis</span> <span class='ocrx_word' id='word_1_338' title='bbox 264 4761 299 4816; x_wconf 88' lang='lat' dir='ltr'>et</span> <span class='ocrx_word' id='word_1_339' title='bbox 324 4753 502 4835; x_wconf 90' lang='lat' dir='ltr'>legitimus</span> <span class='ocrx_word' id='word_1_340' title='bbox 527 4754 667 4834; x_wconf 85' lang='lat' dir='ltr'>existit,</span> <span class='ocrx_word' id='word_1_341' title='bbox 698 4754 866 4835; x_wconf 91' lang='lat' dir='ltr'>quodque</span> <span class='ocrx_word' id='word_1_342' title='bbox 890 4763 1082 4835; x_wconf 89' lang='lat' dir='ltr'>propterea</span> <span class='ocrx_word' id='word_1_343' title='bbox 1107 4755 1239 4816; x_wconf 91' lang='lat' dir='ltr'>nullum</span> <span class='ocrx_word' id='word_1_344' title='bbox 1264 4755 1432 4818; x_wconf 87' lang='lat' dir='ltr'>natalium</span> 
     </span>
     <span class='ocr_line' id='line_1_41' title="bbox 152 4859 1432 4943; baseline 0.003 -21"><span class='ocrx_word' id='word_1_345' title='bbox 152 4859 335 4922; x_wconf 88' lang='lat' dir='ltr'>defectum</span> <span class='ocrx_word' id='word_1_346' title='bbox 358 4878 484 4941; x_wconf 91' lang='lat' dir='ltr'>passus</span> <span class='ocrx_word' id='word_1_347' title='bbox 514 4860 597 4939; x_wconf 86' lang='lat' dir='ltr'>fuit,</span> <span class='ocrx_word' id='word_1_348' title='bbox 626 4881 692 4924; x_wconf 90' lang='lat' dir='ltr'>nec</span> <span class='ocrx_word' id='word_1_349' title='bbox 725 4859 877 4943; x_wconf 88' lang='lat' dir='ltr'>patitur,</span> <span class='ocrx_word' id='word_1_350' title='bbox 908 4862 953 4922; x_wconf 91' lang='lat' dir='ltr'>de</span> <span class='ocrx_word' id='word_1_351' title='bbox 986 4861 1159 4923; x_wconf 86' lang='lat' dir='ltr'>dictorum</span> <span class='ocrx_word' id='word_1_352' title='bbox 1193 4859 1432 4926; x_wconf 86' lang='lat' dir='ltr'>Cardinalium</span> 
     </span>
    </p>
   </div>
   <div class='ocr_carea' id='block_1_3' title="bbox 0 0 1718 5700">
    <p class='ocr_par' dir='ltr' id='par_1_3' title="bbox 0 0 1718 5700">
     <span class='ocr_line' id='line_1_42' title="bbox 0 0 1718 5700; baseline 0 0"><span class='ocrx_word' id='word_1_353' title='bbox 0 0 1718 5700; x_wconf 95' lang='lat' dir='ltr'> </span> 
     </span>
    </p>
   </div>
  </div>
 </body>
</html>
