<?xml version="1.0" encoding="UTF-8"?>
<!DOCTYPE html PUBLIC "-//W3C//DTD XHTML 1.0 Transitional//EN"
    "http://www.w3.org/TR/xhtml1/DTD/xhtml1-transitional.dtd">
<html xmlns="http://www.w3.org/1999/xhtml" xml:lang="en" lang="en">
 <head>
  <title>
</title>
<meta http-equiv="Content-Type" content="text/html;charset=utf-8" />
  <meta name='ocr-system' content='tesseract 3.04.00' />
  <meta name='ocr-capabilities' content='ocr_page ocr_carea ocr_par ocr_line ocrx_word'/>
</head>
<body>
  <div class='ocr_page' id='page_1' title='image "./monumentareform00unkngoog_0592.png"; bbox 0 0 3425 5700; ppageno 0'>
   <div class='ocr_carea' id='block_1_1' title="bbox 815 496 1061 563">
    <p class='ocr_par' dir='ltr' id='par_1_1' title="bbox 815 496 1061 563">
     <span class='ocr_line' id='line_1_1' title="bbox 815 496 1061 563; baseline -0.004 0"><span class='ocrx_word' id='word_1_1' title='bbox 815 496 1061 563; x_wconf 43' lang='lat' dir='ltr'>*estse-³</span> 
     </span>
    </p>
   </div>
   <div class='ocr_carea' id='block_1_2' title="bbox 298 648 1578 949">
    <p class='ocr_par' dir='ltr' id='par_1_2' title="bbox 298 648 1578 949">
     <span class='ocr_line' id='line_1_2' title="bbox 299 648 1577 737; baseline -0.002 -18"><span class='ocrx_word' id='word_1_2' title='bbox 299 648 486 719; x_wconf 87' lang='lat' dir='ltr'>cimanona</span> <span class='ocrx_word' id='word_1_3' title='bbox 520 650 656 737; x_wconf 83' lang='lat' dir='ltr'><strong>Aprilis</strong></span> <span class='ocrx_word' id='word_1_4' title='bbox 693 651 819 717; x_wconf 84' lang='lat' dir='ltr'>fortius</span> <span class='ocrx_word' id='word_1_5' title='bbox 862 655 1038 718; x_wconf 87' lang='lat' dir='ltr'>rebellant</span> <span class='ocrx_word' id='word_1_6' title='bbox 1075 663 1111 716; x_wconf 94' lang='lat' dir='ltr'>et</span> <span class='ocrx_word' id='word_1_7' title='bbox 1150 650 1322 717; x_wconf 82' lang='lat' dir='ltr'><strong>Comitem</strong></span> <span class='ocrx_word' id='word_1_8' title='bbox 1357 649 1577 717; x_wconf 89' lang='lat' dir='ltr'>Ludovicum</span> 
     </span>
     <span class='ocr_line' id='line_1_3' title="bbox 298 759 1578 845; baseline -0.002 -20"><span class='ocrx_word' id='word_1_9' title='bbox 298 764 465 845; x_wconf 50' lang='lat' dir='ltr'>capiunts</span> <span class='ocrx_word' id='word_1_10' title='bbox 500 759 660 844; x_wconf 86' lang='lat' dir='ltr'>Septima</span> <span class='ocrx_word' id='word_1_11' title='bbox 682 761 768 825; x_wconf 91' lang='lat' dir='ltr'>Maii</span> <span class='ocrx_word' id='word_1_12' title='bbox 802 763 979 843; x_wconf 86' lang='lat' dir='ltr'><strong>equitatus</strong></span> <span class='ocrx_word' id='word_1_13' title='bbox 1002 760 1220 824; x_wconf 90' lang='lat' dir='ltr'>Marchionis</span> <span class='ocrx_word' id='word_1_14' title='bbox 1244 760 1280 823; x_wconf 91' lang='lat' dir='ltr'>in</span> <span class='ocrx_word' id='word_1_15' title='bbox 1312 781 1374 823; x_wconf 92' lang='lat' dir='ltr'>eos</span> <span class='ocrx_word' id='word_1_16' title='bbox 1409 762 1512 824; x_wconf 91' lang='lat' dir='ltr'>irruit</span> <span class='ocrx_word' id='word_1_17' title='bbox 1543 771 1578 824; x_wconf 90' lang='lat' dir='ltr'>et</span> 
     </span>
     <span class='ocr_line' id='line_1_4' title="bbox 298 868 856 949; baseline 0 -16"><span class='ocrx_word' id='word_1_18' title='bbox 298 871 401 933; x_wconf 90' lang='lat' dir='ltr'>cedit.</span> <span class='ocrx_word' id='word_1_19' title='bbox 448 868 631 932; x_wconf 86' lang='lat' dir='ltr'>Interfecti</span> <span class='ocrx_word' id='word_1_20' title='bbox 655 879 736 932; x_wconf 89' lang='lat' dir='ltr'>sunt</span> <span class='ocrx_word' id='word_1_21' title='bbox 759 876 856 949; x_wconf 69' lang='lat' dir='ltr'>35e0.</span> 
     </span>
    </p>
   </div>
   <div class='ocr_carea' id='block_1_3' title="bbox 294 992 1578 1504">
    <p class='ocr_par' dir='ltr' id='par_1_3' title="bbox 294 992 1578 1504">
     <span class='ocr_line' id='line_1_5' title="bbox 387 992 1577 1077; baseline -0.002 -20"><span class='ocrx_word' id='word_1_22' title='bbox 387 995 489 1077; x_wconf 83' lang='lat' dir='ltr'>Fuga</span> <span class='ocrx_word' id='word_1_23' title='bbox 513 994 641 1076; x_wconf 85' lang='lat' dir='ltr'>dilapsi</span> <span class='ocrx_word' id='word_1_24' title='bbox 664 994 867 1057; x_wconf 88' lang='lat' dir='ltr'>incendium</span> <span class='ocrx_word' id='word_1_25' title='bbox 897 1013 1027 1056; x_wconf 90' lang='lat' dir='ltr'>novum</span> <span class='ocrx_word' id='word_1_26' title='bbox 1051 1001 1179 1075; x_wconf 84' lang='lat' dir='ltr'>parant</span> <span class='ocrx_word' id='word_1_27' title='bbox 1210 992 1246 1054; x_wconf 93' lang='lat' dir='ltr'>in</span> <span class='ocrx_word' id='word_1_28' title='bbox 1273 992 1479 1075; x_wconf 87' lang='lat' dir='ltr'>Elvangen,</span> <span class='ocrx_word' id='word_1_29' title='bbox 1514 996 1577 1056; x_wconf 90' lang='lat' dir='ltr'>sed</span> 
     </span>
     <span class='ocr_line' id='line_1_6' title="bbox 299 1100 1577 1183; baseline -0.002 -18"><span class='ocrx_word' id='word_1_30' title='bbox 299 1102 406 1166; x_wconf 91' lang='lat' dir='ltr'>vicini</span> <span class='ocrx_word' id='word_1_31' title='bbox 431 1104 475 1165; x_wconf 93' lang='lat' dir='ltr'>de</span> <span class='ocrx_word' id='word_1_32' title='bbox 500 1101 572 1183; x_wconf 88' lang='lat' dir='ltr'>liga</span> <span class='ocrx_word' id='word_1_33' title='bbox 604 1101 796 1163; x_wconf 90' lang='lat' dir='ltr'>contractis</span> <span class='ocrx_word' id='word_1_34' title='bbox 825 1100 982 1182; x_wconf 89' lang='lat' dir='ltr'>undique</span> <span class='ocrx_word' id='word_1_35' title='bbox 1013 1100 1126 1181; x_wconf 87' lang='lat' dir='ltr'>copiis</span> <span class='ocrx_word' id='word_1_36' title='bbox 1155 1100 1257 1162; x_wconf 91' lang='lat' dir='ltr'>Duce</span> <span class='ocrx_word' id='word_1_37' title='bbox 1280 1100 1499 1162; x_wconf 88' lang='lat' dir='ltr'>Reuehardo</span> <span class='ocrx_word' id='word_1_38' title='bbox 1533 1102 1577 1163; x_wconf 90' lang='lat' dir='ltr'>de</span> 
     </span>
     <span class='ocr_line' id='line_1_7' title="bbox 296 1206 1578 1291; baseline -0.002 -18"><span class='ocrx_word' id='word_1_39' title='bbox 296 1210 454 1273; x_wconf 91' lang='lat' dir='ltr'>Nienech</span> <span class='ocrx_word' id='word_1_40' title='bbox 479 1208 628 1272; x_wconf 91' lang='lat' dir='ltr'>rusticos</span> <span class='ocrx_word' id='word_1_41' title='bbox 652 1209 798 1271; x_wconf 90' lang='lat' dir='ltr'>vincunt</span> <span class='ocrx_word' id='word_1_42' title='bbox 821 1208 959 1291; x_wconf 88' lang='lat' dir='ltr'>praelio</span> <span class='ocrx_word' id='word_1_43' title='bbox 967 1256 976 1289; x_wconf 95' lang='lat'>,</span> <span class='ocrx_word' id='word_1_44' title='bbox 1010 1207 1254 1269; x_wconf 88' lang='lat' dir='ltr'>decimoctavo</span> <span class='ocrx_word' id='word_1_45' title='bbox 1285 1206 1370 1269; x_wconf 87' lang='lat' dir='ltr'>Maii</span> <span class='ocrx_word' id='word_1_46' title='bbox 1405 1207 1578 1288; x_wconf 91' lang='lat' dir='ltr'>oppidum</span> 
     </span>
     <span class='ocr_line' id='line_1_8' title="bbox 295 1314 1575 1399; baseline -0.002 -18"><span class='ocrx_word' id='word_1_47' title='bbox 295 1327 478 1399; x_wconf 88' lang='lat' dir='ltr'>receptum</span> <span class='ocrx_word' id='word_1_48' title='bbox 504 1328 557 1379; x_wconf 88' lang='lat' dir='ltr'>est</span> <span class='ocrx_word' id='word_1_49' title='bbox 581 1325 617 1379; x_wconf 92' lang='lat' dir='ltr'>et</span> <span class='ocrx_word' id='word_1_50' title='bbox 639 1315 846 1397; x_wconf 89' lang='lat' dir='ltr'>praeposito</span> <span class='ocrx_word' id='word_1_51' title='bbox 871 1316 1071 1378; x_wconf 88' lang='lat' dir='ltr'>restitutum</span> <span class='ocrx_word' id='word_1_52' title='bbox 1100 1334 1141 1377; x_wconf 91' lang='lat' dir='ltr'>ac</span> <span class='ocrx_word' id='word_1_53' title='bbox 1170 1314 1319 1377; x_wconf 89' lang='lat' dir='ltr'>reducta</span> <span class='ocrx_word' id='word_1_54' title='bbox 1352 1314 1501 1396; x_wconf 90' lang='lat' dir='ltr'>antiqua</span> <span class='ocrx_word' id='word_1_55' title='bbox 1524 1336 1575 1378; x_wconf 87' lang='lat' dir='ltr'>sa·</span> 
     </span>
     <span class='ocr_line' id='line_1_9' title="bbox 294 1421 1074 1504; baseline -0.004 -17"><span class='ocrx_word' id='word_1_56' title='bbox 294 1444 364 1487; x_wconf 90' lang='lat' dir='ltr'>cra.</span> <span class='ocrx_word' id='word_1_57' title='bbox 414 1422 588 1485; x_wconf 90' lang='lat' dir='ltr'>Decollati</span> <span class='ocrx_word' id='word_1_58' title='bbox 613 1422 822 1504; x_wconf 82' lang='lat' dir='ltr'>vigintitres</span> <span class='ocrx_word' id='word_1_59' title='bbox 871 1421 975 1485; x_wconf 85' lang='lat' dir='ltr'>Caesi</span> <span class='ocrx_word' id='word_1_60' title='bbox 999 1426 1074 1500; x_wconf 79' lang='lat'><strong>436.</strong></span> 
     </span>
    </p>
   </div>
   <div class='ocr_carea' id='block_1_4' title="bbox 292 1546 1577 2376">
    <p class='ocr_par' dir='ltr' id='par_1_4' title="bbox 292 1546 1577 2376">
     <span class='ocr_line' id='line_1_10' title="bbox 383 1546 1577 1628; baseline -0.001 -18"><span class='ocrx_word' id='word_1_61' title='bbox 383 1548 424 1611; x_wconf 91' lang='lat' dir='ltr'>In</span> <span class='ocrx_word' id='word_1_62' title='bbox 453 1547 701 1610; x_wconf 85' lang='lat' dir='ltr'>Marchionatu</span> <span class='ocrx_word' id='word_1_63' title='bbox 733 1546 1050 1628; x_wconf 88' lang='lat' dir='ltr'>Brandeburgensi</span> <span class='ocrx_word' id='word_1_64' title='bbox 1082 1546 1258 1628; x_wconf 86' lang='lat' dir='ltr'>superiori</span> <span class='ocrx_word' id='word_1_65' title='bbox 1289 1547 1422 1628; x_wconf 89' lang='lat' dir='ltr'>passim</span> <span class='ocrx_word' id='word_1_66' title='bbox 1452 1548 1577 1611; x_wconf 88' lang='lat' dir='ltr'>rustici</span> 
     </span>
     <span class='ocr_line' id='line_1_11' title="bbox 294 1654 1575 1737; baseline -0.001 -19"><span class='ocrx_word' id='word_1_67' title='bbox 294 1666 330 1719; x_wconf 91' lang='lat' dir='ltr'>et</span> <span class='ocrx_word' id='word_1_68' title='bbox 353 1676 461 1737; x_wconf 86' lang='lat' dir='ltr'>saepe</span> <span class='ocrx_word' id='word_1_69' title='bbox 486 1654 723 1717; x_wconf 86' lang='lat' dir='ltr'>moliebantur</span> <span class='ocrx_word' id='word_1_70' title='bbox 746 1654 994 1727; x_wconf 90' lang='lat' dir='ltr'>rebellionem;</span> <span class='ocrx_word' id='word_1_71' title='bbox 1031 1655 1249 1716; x_wconf 85' lang='lat' dir='ltr'>obsederunt</span> <span class='ocrx_word' id='word_1_72' title='bbox 1287 1654 1458 1735; x_wconf 91' lang='lat' dir='ltr'>oppidum</span> <span class='ocrx_word' id='word_1_73' title='bbox 1481 1654 1575 1717; x_wconf 88' lang='lat' dir='ltr'>Neu·</span> 
     </span>
     <span class='ocr_line' id='line_1_12' title="bbox 294 1760 1576 1843; baseline -0.002 -18"><span class='ocrx_word' id='word_1_74' title='bbox 294 1772 364 1825; x_wconf 85' lang='lat' dir='ltr'>stat</span> <span class='ocrx_word' id='word_1_75' title='bbox 389 1784 429 1842; x_wconf 86' lang='lat'>24</span> <span class='ocrx_word' id='word_1_76' title='bbox 452 1760 549 1824; x_wconf 89' lang='lat' dir='ltr'>Maii.</span> <span class='ocrx_word' id='word_1_77' title='bbox 603 1760 789 1842; x_wconf 90' lang='lat' dir='ltr'>Equitatus</span> <span class='ocrx_word' id='word_1_78' title='bbox 814 1760 889 1824; x_wconf 90' lang='lat' dir='ltr'>eius</span> <span class='ocrx_word' id='word_1_79' title='bbox 914 1760 1028 1823; x_wconf 89' lang='lat' dir='ltr'>exivit</span> <span class='ocrx_word' id='word_1_80' title='bbox 1050 1760 1360 1842; x_wconf 86' lang='lat' dir='ltr'>Marcktelszpach</span> <span class='ocrx_word' id='word_1_81' title='bbox 1384 1762 1430 1822; x_wconf 92' lang='lat' dir='ltr'>ad</span> <span class='ocrx_word' id='word_1_82' title='bbox 1455 1761 1576 1843; x_wconf 92' lang='lat' dir='ltr'>Ipsen‚</span> 
     </span>
     <span class='ocr_line' id='line_1_13' title="bbox 293 1866 1575 1949; baseline -0.002 -16"><span class='ocrx_word' id='word_1_83' title='bbox 293 1870 444 1933; x_wconf 89' lang='lat' dir='ltr'>rusticos</span> <span class='ocrx_word' id='word_1_84' title='bbox 468 1867 598 1932; x_wconf 93' lang='lat' dir='ltr'>occidit</span> <span class='ocrx_word' id='word_1_85' title='bbox 612 1868 755 1949; x_wconf 86' lang='lat' dir='ltr'>passim,</span> <span class='ocrx_word' id='word_1_86' title='bbox 779 1867 882 1930; x_wconf 90' lang='lat' dir='ltr'>villas</span> <span class='ocrx_word' id='word_1_87' title='bbox 906 1867 1074 1929; x_wconf 89' lang='lat' dir='ltr'>incendit.</span> <span class='ocrx_word' id='word_1_88' title='bbox 1120 1866 1161 1928; x_wconf 91' lang='lat' dir='ltr'>In</span> <span class='ocrx_word' id='word_1_89' title='bbox 1175 1866 1237 1948; x_wconf 94' lang='lat' dir='ltr'>Ips</span> <span class='ocrx_word' id='word_1_90' title='bbox 1254 1869 1378 1930; x_wconf 83' lang='lat' dir='ltr'>deceni</span> <span class='ocrx_word' id='word_1_91' title='bbox 1394 1868 1575 1931; x_wconf 91' lang='lat' dir='ltr'>decollati.</span> 
     </span>
     <span class='ocr_line' id='line_1_14' title="bbox 295 1973 1576 2056; baseline -0.002 -17"><span class='ocrx_word' id='word_1_92' title='bbox 295 1991 329 2039; x_wconf 81' lang='lat'>2⁸</span> <span class='ocrx_word' id='word_1_93' title='bbox 351 1976 444 2056; x_wconf 89' lang='lat' dir='ltr'>Junii</span> <span class='ocrx_word' id='word_1_94' title='bbox 469 1976 566 2038; x_wconf 92' lang='lat' dir='ltr'>venit</span> <span class='ocrx_word' id='word_1_95' title='bbox 590 1974 625 2037; x_wconf 92' lang='lat' dir='ltr'>in</span> <span class='ocrx_word' id='word_1_96' title='bbox 650 1974 932 2054; x_wconf 88' lang='lat' dir='ltr'>Leuterszheim‚</span> <span class='ocrx_word' id='word_1_97' title='bbox 962 1974 1117 2055; x_wconf 88' lang='lat' dir='ltr'>quinque</span> <span class='ocrx_word' id='word_1_98' title='bbox 1142 1973 1352 2052; x_wconf 86' lang='lat' dir='ltr'>decollavit,</span> <span class='ocrx_word' id='word_1_99' title='bbox 1385 1985 1502 2037; x_wconf 88' lang='lat' dir='ltr'>turres</span> <span class='ocrx_word' id='word_1_100' title='bbox 1537 1985 1576 2037; x_wconf 93' lang='lat' dir='ltr'>et</span> 
     </span>
     <span class='ocr_line' id='line_1_15' title="bbox 292 2080 1577 2163; baseline -0.003 -16"><span class='ocrx_word' id='word_1_101' title='bbox 292 2084 431 2147; x_wconf 85' lang='lat' dir='ltr'>moenia</span> <span class='ocrx_word' id='word_1_102' title='bbox 455 2082 588 2146; x_wconf 90' lang='lat' dir='ltr'>destrui</span> <span class='ocrx_word' id='word_1_103' title='bbox 611 2080 715 2162; x_wconf 88' lang='lat' dir='ltr'>fecit,</span> <span class='ocrx_word' id='word_1_104' title='bbox 751 2081 979 2163; x_wconf 87' lang='lat' dir='ltr'>septuaginta</span> <span class='ocrx_word' id='word_1_105' title='bbox 1014 2080 1150 2142; x_wconf 89' lang='lat' dir='ltr'>civibus</span> <span class='ocrx_word' id='word_1_106' title='bbox 1182 2080 1219 2142; x_wconf 92' lang='lat' dir='ltr'>in</span> <span class='ocrx_word' id='word_1_107' title='bbox 1248 2080 1415 2162; x_wconf 89' lang='lat' dir='ltr'>Hitzinge</span> <span class='ocrx_word' id='word_1_108' title='bbox 1448 2083 1577 2143; x_wconf 93' lang='lat' dir='ltr'>oculos</span> 
     </span>
     <span class='ocr_line' id='line_1_16' title="bbox 292 2186 1575 2270; baseline -0.002 -17"><span class='ocrx_word' id='word_1_109' title='bbox 292 2190 367 2254; x_wconf 88' lang='lat' dir='ltr'>erui</span> <span class='ocrx_word' id='word_1_110' title='bbox 390 2189 505 2261; x_wconf 89' lang='lat' dir='ltr'>iussit;</span> <span class='ocrx_word' id='word_1_111' title='bbox 529 2188 662 2270; x_wconf 91' lang='lat' dir='ltr'>passim</span> <span class='ocrx_word' id='word_1_112' title='bbox 686 2188 852 2252; x_wconf 89' lang='lat' dir='ltr'>decollati</span> <span class='ocrx_word' id='word_1_113' title='bbox 875 2188 991 2260; x_wconf 87' lang='lat' dir='ltr'>multi;</span> <span class='ocrx_word' id='word_1_114' title='bbox 1015 2186 1177 2269; x_wconf 92' lang='lat' dir='ltr'>pluribus</span> <span class='ocrx_word' id='word_1_115' title='bbox 1201 2186 1304 2269; x_wconf 84' lang='lat' dir='ltr'>digiti</span> <span class='ocrx_word' id='word_1_116' title='bbox 1329 2188 1398 2250; x_wconf 92' lang='lat' dir='ltr'>duo</span> <span class='ocrx_word' id='word_1_117' title='bbox 1416 2187 1575 2269; x_wconf 87' lang='lat' dir='ltr'>dissecti,</span> 
     </span>
     <span class='ocr_line' id='line_1_17' title="bbox 292 2295 932 2376; baseline -0.002 -16"><span class='ocrx_word' id='word_1_118' title='bbox 292 2297 398 2360; x_wconf 93' lang='lat' dir='ltr'>occisi</span> <span class='ocrx_word' id='word_1_119' title='bbox 422 2304 497 2359; x_wconf 92' lang='lat' dir='ltr'>toto</span> <span class='ocrx_word' id='word_1_120' title='bbox 521 2304 692 2376; x_wconf 90' lang='lat' dir='ltr'>tempore,</span> <span class='ocrx_word' id='word_1_121' title='bbox 717 2295 811 2359; x_wconf 87' lang='lat' dir='ltr'>circa</span> <span class='ocrx_word' id='word_1_122' title='bbox 836 2316 932 2359; x_wconf 90' lang='lat'><strong>2000.</strong></span> 
     </span>
    </p>
   </div>
   <div class='ocr_carea' id='block_1_5' title="bbox 288 2419 1576 2823">
    <p class='ocr_par' dir='ltr' id='par_1_5' title="bbox 288 2419 1576 2823">
     <span class='ocr_line' id='line_1_18' title="bbox 379 2419 1575 2501; baseline 0 -18"><span class='ocrx_word' id='word_1_123' title='bbox 379 2422 525 2483; x_wconf 85' lang='lat' dir='ltr'>Alsates</span> <span class='ocrx_word' id='word_1_124' title='bbox 548 2421 725 2483; x_wconf 84' lang='lat' dir='ltr'>rebellant</span> <span class='ocrx_word' id='word_1_125' title='bbox 748 2420 946 2484; x_wconf 87' lang='lat' dir='ltr'>Archiduci</span> <span class='ocrx_word' id='word_1_126' title='bbox 970 2419 1156 2498; x_wconf 89' lang='lat' dir='ltr'>Austriae,</span> <span class='ocrx_word' id='word_1_127' title='bbox 1188 2420 1368 2501; x_wconf 89' lang='lat' dir='ltr'>Episcopo</span> <span class='ocrx_word' id='word_1_128' title='bbox 1402 2420 1575 2501; x_wconf 85' lang='lat' dir='ltr'>Argenti-</span> 
     </span>
     <span class='ocr_line' id='line_1_19' title="bbox 290 2526 1575 2607; baseline 0.001 -16"><span class='ocrx_word' id='word_1_129' title='bbox 290 2528 392 2591; x_wconf 87' lang='lat' dir='ltr'>nensi</span> <span class='ocrx_word' id='word_1_130' title='bbox 417 2536 452 2589; x_wconf 90' lang='lat' dir='ltr'>et</span> <span class='ocrx_word' id='word_1_131' title='bbox 476 2526 671 2590; x_wconf 89' lang='lat' dir='ltr'>Comitibus</span> <span class='ocrx_word' id='word_1_132' title='bbox 696 2537 761 2590; x_wconf 90' lang='lat' dir='ltr'>etc.</span> <span class='ocrx_word' id='word_1_133' title='bbox 790 2538 826 2590; x_wconf 90' lang='lat' dir='ltr'>et</span> <span class='ocrx_word' id='word_1_134' title='bbox 849 2526 1011 2591; x_wconf 90' lang='lat' dir='ltr'>subditos</span> <span class='ocrx_word' id='word_1_135' title='bbox 1034 2545 1176 2607; x_wconf 93' lang='lat' dir='ltr'>quoque</span> <span class='ocrx_word' id='word_1_136' title='bbox 1200 2526 1410 2607; x_wconf 87' lang='lat' dir='ltr'>Lotharingi</span> <span class='ocrx_word' id='word_1_137' title='bbox 1443 2529 1490 2590; x_wconf 93' lang='lat' dir='ltr'>ad</span> <span class='ocrx_word' id='word_1_138' title='bbox 1517 2550 1575 2593; x_wconf 89' lang='lat' dir='ltr'>re—</span> 
     </span>
     <span class='ocr_line' id='line_1_20' title="bbox 290 2633 1576 2715; baseline 0.001 -19"><span class='ocrx_word' id='word_1_139' title='bbox 290 2635 480 2698; x_wconf 88' lang='lat' dir='ltr'>bellionem</span> <span class='ocrx_word' id='word_1_140' title='bbox 503 2644 717 2715; x_wconf 86' lang='lat' dir='ltr'>provocant,</span> <span class='ocrx_word' id='word_1_141' title='bbox 745 2640 839 2696; x_wconf 93' lang='lat' dir='ltr'>unde</span> <span class='ocrx_word' id='word_1_142' title='bbox 865 2634 1043 2696; x_wconf 85' lang='lat' dir='ltr'>exercitus</span> <span class='ocrx_word' id='word_1_143' title='bbox 1067 2633 1278 2713; x_wconf 85' lang='lat' dir='ltr'>Lotharingi</span> <span class='ocrx_word' id='word_1_144' title='bbox 1303 2633 1576 2697; x_wconf 86' lang='lat' dir='ltr'>decimaoctava</span> 
     </span>
     <span class='ocr_line' id='line_1_21' title="bbox 288 2739 1575 2823; baseline 0.001 -21"><span class='ocrx_word' id='word_1_145' title='bbox 288 2740 375 2803; x_wconf 90' lang='lat' dir='ltr'>Maii</span> <span class='ocrx_word' id='word_1_146' title='bbox 399 2760 551 2823; x_wconf 88' lang='lat' dir='ltr'>vespere</span> <span class='ocrx_word' id='word_1_147' title='bbox 574 2740 711 2804; x_wconf 90' lang='lat' dir='ltr'>invadit</span> <span class='ocrx_word' id='word_1_148' title='bbox 736 2749 771 2803; x_wconf 93' lang='lat' dir='ltr'>et</span> <span class='ocrx_word' id='word_1_149' title='bbox 794 2740 904 2802; x_wconf 93' lang='lat' dir='ltr'>vincit</span> <span class='ocrx_word' id='word_1_150' title='bbox 927 2740 1077 2801; x_wconf 90' lang='lat' dir='ltr'>rusticos</span> <span class='ocrx_word' id='word_1_151' title='bbox 1107 2740 1144 2801; x_wconf 93' lang='lat' dir='ltr'>in</span> <span class='ocrx_word' id='word_1_152' title='bbox 1174 2739 1362 2820; x_wconf 87' lang='lat' dir='ltr'>Aupstein.</span> <span class='ocrx_word' id='word_1_153' title='bbox 1408 2740 1575 2803; x_wconf 87' lang='lat' dir='ltr'>Decima·</span> 
     </span>
    </p>
   </div>
   <div class='ocr_carea' id='block_1_6' title="bbox 287 2846 1577 3252">
    <p class='ocr_par' dir='ltr' id='par_1_6' title="bbox 287 2846 1577 3252">
     <span class='ocr_line' id='line_1_22' title="bbox 289 2846 1577 2928; baseline 0.001 -17"><span class='ocrx_word' id='word_1_154' title='bbox 289 2869 384 2912; x_wconf 91' lang='lat' dir='ltr'>nona</span> <span class='ocrx_word' id='word_1_155' title='bbox 419 2847 506 2910; x_wconf 86' lang='lat' dir='ltr'>Maii</span> <span class='ocrx_word' id='word_1_156' title='bbox 541 2848 691 2912; x_wconf 88' lang='lat' dir='ltr'>rusticos</span> <span class='ocrx_word' id='word_1_157' title='bbox 724 2847 841 2911; x_wconf 87' lang='lat' dir='ltr'>fundit</span> <span class='ocrx_word' id='word_1_158' title='bbox 875 2847 910 2910; x_wconf 91' lang='lat' dir='ltr'>in</span> <span class='ocrx_word' id='word_1_159' title='bbox 946 2848 1100 2910; x_wconf 88' lang='lat' dir='ltr'>Tabern.</span> <span class='ocrx_word' id='word_1_160' title='bbox 1132 2846 1315 2928; x_wconf 82' lang='lat' dir='ltr'>Vigesima</span> <span class='ocrx_word' id='word_1_161' title='bbox 1350 2847 1437 2910; x_wconf 87' lang='lat' dir='ltr'>Maii</span> <span class='ocrx_word' id='word_1_162' title='bbox 1476 2848 1577 2912; x_wconf 91' lang='lat' dir='ltr'>inter</span> 
     </span>
     <span class='ocr_line' id='line_1_23' title="bbox 288 2953 1576 3037; baseline 0 -19"><span class='ocrx_word' id='word_1_163' title='bbox 288 2956 460 3036; x_wconf 87' lang='lat' dir='ltr'>Jambach</span> <span class='ocrx_word' id='word_1_164' title='bbox 476 2964 511 3018; x_wconf 87' lang='lat' dir='ltr'>et</span> <span class='ocrx_word' id='word_1_165' title='bbox 525 2954 734 3019; x_wconf 89' lang='lat' dir='ltr'>Strorreiler</span> <span class='ocrx_word' id='word_1_166' title='bbox 746 2958 864 3018; x_wconf 91' lang='lat' dir='ltr'>denuo</span> <span class='ocrx_word' id='word_1_167' title='bbox 880 2953 1048 3037; x_wconf 86' lang='lat' dir='ltr'>profligat</span> <span class='ocrx_word' id='word_1_168' title='bbox 1062 2954 1226 3028; x_wconf 86' lang='lat' dir='ltr'>rusticos;</span> <span class='ocrx_word' id='word_1_169' title='bbox 1242 2973 1414 3035; x_wconf 85' lang='lat' dir='ltr'>aggerem</span> <span class='ocrx_word' id='word_1_170' title='bbox 1427 2975 1576 3037; x_wconf 89' lang='lat' dir='ltr'>quoque</span> 
     </span>
     <span class='ocr_line' id='line_1_24' title="bbox 287 3061 1576 3145; baseline 0 -21"><span class='ocrx_word' id='word_1_171' title='bbox 287 3063 505 3144; x_wconf 88' lang='lat' dir='ltr'>proximum,</span> <span class='ocrx_word' id='word_1_172' title='bbox 538 3062 726 3126; x_wconf 87' lang='lat' dir='ltr'>interiecto</span> <span class='ocrx_word' id='word_1_173' title='bbox 758 3061 940 3145; x_wconf 87' lang='lat' dir='ltr'>praesidio</span> <span class='ocrx_word' id='word_1_174' title='bbox 977 3061 1143 3142; x_wconf 90' lang='lat' dir='ltr'>imposito</span> <span class='ocrx_word' id='word_1_175' title='bbox 1172 3073 1341 3143; x_wconf 89' lang='lat' dir='ltr'>occupat,</span> <span class='ocrx_word' id='word_1_176' title='bbox 1370 3073 1407 3124; x_wconf 89' lang='lat' dir='ltr'>et</span> <span class='ocrx_word' id='word_1_177' title='bbox 1434 3061 1576 3143; x_wconf 92' lang='lat' dir='ltr'>passim</span> 
     </span>
     <span class='ocr_line' id='line_1_25' title="bbox 287 3161 1574 3252; baseline 0.004 -21"><span class='ocrx_word' id='word_1_178' title='bbox 287 3170 437 3233; x_wconf 90' lang='lat' dir='ltr'>rusticos</span> <span class='ocrx_word' id='word_1_179' title='bbox 460 3170 586 3232; x_wconf 92' lang='lat' dir='ltr'>obvios</span> <span class='ocrx_word' id='word_1_180' title='bbox 609 3161 755 3252; x_wconf 84' lang='lat' dir='ltr'>iugulat.</span> <span class='ocrx_word' id='word_1_181' title='bbox 806 3170 993 3234; x_wconf 88' lang='lat' dir='ltr'>Perierunt</span> <span class='ocrx_word' id='word_1_182' title='bbox 1022 3169 1058 3231; x_wconf 92' lang='lat' dir='ltr'>in</span> <span class='ocrx_word' id='word_1_183' title='bbox 1081 3168 1137 3231; x_wconf 92' lang='lat' dir='ltr'>his</span> <span class='ocrx_word' id='word_1_184' title='bbox 1165 3170 1326 3232; x_wconf 90' lang='lat' dir='ltr'>cladibus</span> <span class='ocrx_word' id='word_1_185' title='bbox 1350 3171 1442 3232; x_wconf 88' lang='lat' dir='ltr'>ultra</span> <span class='ocrx_word' id='word_1_186' title='bbox 1468 3173 1574 3236; x_wconf 86' lang='lat'><strong>2600.</strong></span> 
     </span>
    </p>
   </div>
   <div class='ocr_carea' id='block_1_7' title="bbox 285 3292 1577 3570">
    <p class='ocr_par' dir='ltr' id='par_1_7' title="bbox 285 3292 1577 3570">
     <span class='ocr_line' id='line_1_26' title="bbox 375 3292 1574 3365; baseline 0.002 -10"><span class='ocrx_word' id='word_1_187' title='bbox 375 3293 416 3355; x_wconf 92' lang='lat' dir='ltr'>In</span> <span class='ocrx_word' id='word_1_188' title='bbox 441 3294 626 3356; x_wconf 91' lang='lat' dir='ltr'>Buchonia</span> <span class='ocrx_word' id='word_1_189' title='bbox 650 3295 825 3356; x_wconf 88' lang='lat' dir='ltr'>rebellant</span> <span class='ocrx_word' id='word_1_190' title='bbox 848 3293 970 3356; x_wconf 89' lang='lat' dir='ltr'>rustici</span> <span class='ocrx_word' id='word_1_191' title='bbox 995 3293 1092 3356; x_wconf 88' lang='lat' dir='ltr'>abati</span> <span class='ocrx_word' id='word_1_192' title='bbox 1114 3292 1283 3356; x_wconf 91' lang='lat' dir='ltr'>Fuldensi</span> <span class='ocrx_word' id='word_1_193' title='bbox 1313 3303 1349 3357; x_wconf 92' lang='lat' dir='ltr'>et</span> <span class='ocrx_word' id='word_1_194' title='bbox 1372 3294 1574 3365; x_wconf 83' lang='lat' dir='ltr'>nobilibus:</span> 
     </span>
     <span class='ocr_line' id='line_1_27' title="bbox 287 3399 1577 3481; baseline -0.001 -17"><span class='ocrx_word' id='word_1_195' title='bbox 287 3421 349 3464; x_wconf 92' lang='lat' dir='ltr'>eos</span> <span class='ocrx_word' id='word_1_196' title='bbox 385 3400 479 3462; x_wconf 92' lang='lat' dir='ltr'>cedit</span> <span class='ocrx_word' id='word_1_197' title='bbox 513 3410 549 3463; x_wconf 89' lang='lat' dir='ltr'>et</span> <span class='ocrx_word' id='word_1_198' title='bbox 582 3399 742 3481; x_wconf 88' lang='lat' dir='ltr'>reprimit</span> <span class='ocrx_word' id='word_1_199' title='bbox 777 3399 1016 3480; x_wconf 82' lang='lat' dir='ltr'>Lantgravius</span> <span class='ocrx_word' id='word_1_200' title='bbox 1050 3399 1219 3469; x_wconf 86' lang='lat' dir='ltr'>Hassiae;</span> <span class='ocrx_word' id='word_1_201' title='bbox 1256 3400 1449 3463; x_wconf 88' lang='lat' dir='ltr'>desiderati</span> <span class='ocrx_word' id='word_1_202' title='bbox 1483 3415 1577 3464; x_wconf 88' lang='lat' dir='ltr'>sunt</span> 
     </span>
     <span class='ocr_line' id='line_1_28' title="bbox 285 3508 500 3570; baseline -0.009 0"><span class='ocrx_word' id='word_1_203' title='bbox 285 3508 379 3570; x_wconf 90' lang='lat' dir='ltr'>ultra</span> <span class='ocrx_word' id='word_1_204' title='bbox 404 3526 500 3568; x_wconf 92' lang='lat'><strong>2000.</strong></span> 
     </span>
    </p>
   </div>
   <div class='ocr_carea' id='block_1_8' title="bbox 253 3630 1578 4461">
    <p class='ocr_par' dir='ltr' id='par_1_8' title="bbox 253 3630 1578 4461">
     <span class='ocr_line' id='line_1_29' title="bbox 374 3630 1575 3712; baseline 0.002 -19"><span class='ocrx_word' id='word_1_205' title='bbox 374 3631 415 3693; x_wconf 93' lang='lat' dir='ltr'>In</span> <span class='ocrx_word' id='word_1_206' title='bbox 440 3630 635 3712; x_wconf 85' lang='lat' dir='ltr'>Thuringia</span> <span class='ocrx_word' id='word_1_207' title='bbox 659 3632 834 3694; x_wconf 88' lang='lat' dir='ltr'>rebellant</span> <span class='ocrx_word' id='word_1_208' title='bbox 857 3631 997 3711; x_wconf 90' lang='lat' dir='ltr'>rustici,</span> <span class='ocrx_word' id='word_1_209' title='bbox 1033 3630 1253 3694; x_wconf 89' lang='lat' dir='ltr'>Monasteria</span> <span class='ocrx_word' id='word_1_210' title='bbox 1285 3641 1321 3694; x_wconf 91' lang='lat' dir='ltr'>et</span> <span class='ocrx_word' id='word_1_211' title='bbox 1343 3651 1444 3694; x_wconf 89' lang='lat' dir='ltr'>arces</span> <span class='ocrx_word' id='word_1_212' title='bbox 1466 3633 1575 3696; x_wconf 86' lang='lat' dir='ltr'>nobi-</span> 
     </span>
     <span class='ocr_line' id='line_1_30' title="bbox 288 3735 1572 3820; baseline 0.002 -20"><span class='ocrx_word' id='word_1_213' title='bbox 288 3737 370 3801; x_wconf 91' lang='lat' dir='ltr'>lium</span> <span class='ocrx_word' id='word_1_214' title='bbox 395 3735 586 3818; x_wconf 90' lang='lat' dir='ltr'>diripiunt,</span> <span class='ocrx_word' id='word_1_215' title='bbox 614 3739 762 3802; x_wconf 92' lang='lat' dir='ltr'>authore</span> <span class='ocrx_word' id='word_1_216' title='bbox 795 3738 933 3801; x_wconf 89' lang='lat' dir='ltr'>Thoma</span> <span class='ocrx_word' id='word_1_217' title='bbox 962 3738 1112 3801; x_wconf 90' lang='lat' dir='ltr'>Mintzer</span> <span class='ocrx_word' id='word_1_218' title='bbox 1143 3741 1299 3820; x_wconf 90' lang='lat' dir='ltr'>plebano</span> <span class='ocrx_word' id='word_1_219' title='bbox 1323 3738 1358 3801; x_wconf 89' lang='lat' dir='ltr'>in</span> <span class='ocrx_word' id='word_1_220' title='bbox 1383 3739 1572 3803; x_wconf 89' lang='lat' dir='ltr'>Franken-</span> 
     </span>
     <span class='ocr_line' id='line_1_31' title="bbox 253 3841 1578 3929; baseline 0.002 -23"><span class='ocrx_word' id='word_1_221' title='bbox 253 3890 257 3900; x_wconf 86' lang='lat'>.</span> <span class='ocrx_word' id='word_1_222' title='bbox 286 3845 408 3907; x_wconf 90' lang='lat' dir='ltr'>husen.</span> <span class='ocrx_word' id='word_1_223' title='bbox 465 3841 715 3925; x_wconf 88' lang='lat' dir='ltr'>Supervenere</span> <span class='ocrx_word' id='word_1_224' title='bbox 750 3845 907 3924; x_wconf 88' lang='lat' dir='ltr'>Joannes</span> <span class='ocrx_word' id='word_1_225' title='bbox 940 3860 976 3908; x_wconf 94' lang='lat' dir='ltr'>et</span> <span class='ocrx_word' id='word_1_226' title='bbox 1008 3844 1187 3928; x_wconf 88' lang='lat' dir='ltr'>Georgius</span> <span class='ocrx_word' id='word_1_227' title='bbox 1221 3845 1340 3908; x_wconf 90' lang='lat' dir='ltr'>Duces</span> <span class='ocrx_word' id='word_1_228' title='bbox 1373 3844 1578 3929; x_wconf 82' lang='lat' dir='ltr'>Saxoniae,</span> 
     </span>
     <span class='ocr_line' id='line_1_32' title="bbox 287 3950 1578 4035; baseline 0.004 -22"><span class='ocrx_word' id='word_1_229' title='bbox 287 3950 417 4014; x_wconf 90' lang='lat' dir='ltr'>Ericho</span> <span class='ocrx_word' id='word_1_230' title='bbox 442 3950 693 4014; x_wconf 90' lang='lat' dir='ltr'>Brunsviensis</span> <span class='ocrx_word' id='word_1_231' title='bbox 717 3963 753 4014; x_wconf 87' lang='lat' dir='ltr'>et</span> <span class='ocrx_word' id='word_1_232' title='bbox 777 3951 963 4034; x_wconf 91' lang='lat' dir='ltr'>Philippus</span> <span class='ocrx_word' id='word_1_233' title='bbox 980 3951 1217 4035; x_wconf 89' lang='lat' dir='ltr'>Lantgravius</span> <span class='ocrx_word' id='word_1_234' title='bbox 1232 3952 1395 4016; x_wconf 88' lang='lat' dir='ltr'>Hassiae.</span> <span class='ocrx_word' id='word_1_235' title='bbox 1425 3973 1459 4031; x_wconf 81' lang='lat'>¹5</span> <span class='ocrx_word' id='word_1_236' title='bbox 1477 3953 1578 4018; x_wconf 85' lang='lat' dir='ltr'>Maii</span> 
     </span>
     <span class='ocr_line' id='line_1_33' title="bbox 286 4056 1577 4148; baseline 0.005 -27"><span class='ocrx_word' id='word_1_237' title='bbox 286 4057 436 4121; x_wconf 92' lang='lat' dir='ltr'>rusticos</span> <span class='ocrx_word' id='word_1_238' title='bbox 460 4056 667 4139; x_wconf 89' lang='lat' dir='ltr'>conficiunt,</span> <span class='ocrx_word' id='word_1_239' title='bbox 692 4058 852 4148; x_wconf 87' lang='lat' dir='ltr'>pluribus</span> <span class='ocrx_word' id='word_1_240' title='bbox 877 4059 1008 4141; x_wconf 88' lang='lat' dir='ltr'>captis,</span> <span class='ocrx_word' id='word_1_241' title='bbox 1033 4061 1188 4123; x_wconf 88' lang='lat' dir='ltr'>Thomas</span> <span class='ocrx_word' id='word_1_242' title='bbox 1211 4059 1363 4122; x_wconf 89' lang='lat' dir='ltr'>Mintzer</span> <span class='ocrx_word' id='word_1_243' title='bbox 1386 4061 1577 4128; x_wconf 86' lang='lat' dir='ltr'>modicum</span> 
     </span>
     <span class='ocr_line' id='line_1_34' title="bbox 286 4164 1577 4248; baseline 0.002 -20"><span class='ocrx_word' id='word_1_244' title='bbox 286 4175 424 4230; x_wconf 90' lang='lat' dir='ltr'>assatus</span> <span class='ocrx_word' id='word_1_245' title='bbox 449 4175 484 4227; x_wconf 90' lang='lat' dir='ltr'>et</span> <span class='ocrx_word' id='word_1_246' title='bbox 510 4164 640 4227; x_wconf 90' lang='lat' dir='ltr'>deinde</span> <span class='ocrx_word' id='word_1_247' title='bbox 671 4167 867 4228; x_wconf 88' lang='lat' dir='ltr'>decollatus</span> <span class='ocrx_word' id='word_1_248' title='bbox 897 4175 960 4229; x_wconf 91' lang='lat' dir='ltr'>est.</span> <span class='ocrx_word' id='word_1_249' title='bbox 1012 4165 1175 4229; x_wconf 85' lang='lat' dir='ltr'>Confessi</span> <span class='ocrx_word' id='word_1_250' title='bbox 1208 4176 1290 4229; x_wconf 91' lang='lat' dir='ltr'>sunt</span> <span class='ocrx_word' id='word_1_251' title='bbox 1320 4167 1452 4248; x_wconf 88' lang='lat' dir='ltr'>captivi</span> <span class='ocrx_word' id='word_1_252' title='bbox 1482 4187 1577 4248; x_wconf 89' lang='lat' dir='ltr'>pro-</span> 
     </span>
     <span class='ocr_line' id='line_1_35' title="bbox 285 4271 1577 4354; baseline 0.003 -19"><span class='ocrx_word' id='word_1_253' title='bbox 285 4271 439 4354; x_wconf 88' lang='lat' dir='ltr'>positum</span> <span class='ocrx_word' id='word_1_254' title='bbox 464 4291 584 4334; x_wconf 90' lang='lat' dir='ltr'>eorum</span> <span class='ocrx_word' id='word_1_255' title='bbox 612 4271 722 4334; x_wconf 86' lang='lat' dir='ltr'>fuisse</span> <span class='ocrx_word' id='word_1_256' title='bbox 751 4273 937 4354; x_wconf 87' lang='lat' dir='ltr'>Principes</span> <span class='ocrx_word' id='word_1_257' title='bbox 968 4292 1090 4336; x_wconf 90' lang='lat' dir='ltr'>omnes</span> <span class='ocrx_word' id='word_1_258' title='bbox 1121 4284 1157 4336; x_wconf 90' lang='lat' dir='ltr'>et</span> <span class='ocrx_word' id='word_1_259' title='bbox 1190 4273 1330 4337; x_wconf 90' lang='lat' dir='ltr'>nobiles</span> <span class='ocrx_word' id='word_1_260' title='bbox 1360 4273 1577 4352; x_wconf 89' lang='lat' dir='ltr'>occidendi;</span> 
     </span>
     <span class='ocr_line' id='line_1_36' title="bbox 285 4376 954 4461; baseline 0.001 -19"><span class='ocrx_word' id='word_1_261' title='bbox 285 4379 468 4461; x_wconf 89' lang='lat' dir='ltr'>perierunt</span> <span class='ocrx_word' id='word_1_262' title='bbox 490 4376 525 4440; x_wconf 92' lang='lat' dir='ltr'>in</span> <span class='ocrx_word' id='word_1_263' title='bbox 550 4399 592 4441; x_wconf 90' lang='lat' dir='ltr'>ea</span> <span class='ocrx_word' id='word_1_264' title='bbox 616 4380 717 4442; x_wconf 86' lang='lat' dir='ltr'>clade</span> <span class='ocrx_word' id='word_1_265' title='bbox 741 4380 833 4442; x_wconf 91' lang='lat' dir='ltr'>ultra</span> <span class='ocrx_word' id='word_1_266' title='bbox 859 4399 954 4458; x_wconf 89' lang='lat'><strong>7000.</strong></span> 
     </span>
    </p>
   </div>
   <div class='ocr_carea' id='block_1_9' title="bbox 286 4503 1582 4912">
    <p class='ocr_par' dir='ltr' id='par_1_9' title="bbox 286 4503 1582 4912">
     <span class='ocr_line' id='line_1_37' title="bbox 374 4503 1579 4586; baseline 0.007 -22"><span class='ocrx_word' id='word_1_267' title='bbox 374 4503 591 4584; x_wconf 87' lang='lat' dir='ltr'>Progressus</span> <span class='ocrx_word' id='word_1_268' title='bbox 616 4503 794 4568; x_wconf 85' lang='lat' dir='ltr'>exercitus</span> <span class='ocrx_word' id='word_1_269' title='bbox 818 4515 943 4567; x_wconf 90' lang='lat' dir='ltr'>contra</span> <span class='ocrx_word' id='word_1_270' title='bbox 959 4505 1181 4586; x_wconf 89' lang='lat' dir='ltr'>Molhauseu,</span> <span class='ocrx_word' id='word_1_271' title='bbox 1205 4505 1266 4568; x_wconf 94' lang='lat' dir='ltr'>ubi</span> <span class='ocrx_word' id='word_1_272' title='bbox 1282 4516 1383 4569; x_wconf 88' lang='lat' dir='ltr'>erant</span> <span class='ocrx_word' id='word_1_273' title='bbox 1398 4515 1579 4576; x_wconf 84' lang='lat' dir='ltr'>auctores</span> 
     </span>
     <span class='ocr_line' id='line_1_38' title="bbox 286 4608 1582 4693; baseline 0.008 -21"><span class='ocrx_word' id='word_1_274' title='bbox 286 4608 458 4684; x_wconf 88' lang='lat' dir='ltr'>criminis;</span> <span class='ocrx_word' id='word_1_275' title='bbox 491 4621 664 4692; x_wconf 88' lang='lat' dir='ltr'>occupato</span> <span class='ocrx_word' id='word_1_276' title='bbox 694 4611 847 4693; x_wconf 93' lang='lat' dir='ltr'>oppido,</span> <span class='ocrx_word' id='word_1_277' title='bbox 879 4611 1024 4693; x_wconf 90' lang='lat' dir='ltr'>antiqua</span> <span class='ocrx_word' id='word_1_278' title='bbox 1054 4633 1155 4675; x_wconf 88' lang='lat' dir='ltr'>sacra</span> <span class='ocrx_word' id='word_1_279' title='bbox 1184 4625 1220 4674; x_wconf 91' lang='lat' dir='ltr'>et</span> <span class='ocrx_word' id='word_1_280' title='bbox 1243 4614 1357 4676; x_wconf 88' lang='lat' dir='ltr'>clerus</span> <span class='ocrx_word' id='word_1_281' title='bbox 1381 4613 1582 4682; x_wconf 83' lang='lat' dir='ltr'>restitutus</span> 
     </span>
     <span class='ocr_line' id='line_1_39' title="bbox 286 4717 1580 4802; baseline 0.006 -22"><span class='ocrx_word' id='word_1_282' title='bbox 286 4728 349 4797; x_wconf 89' lang='lat' dir='ltr'>est,</span> <span class='ocrx_word' id='word_1_283' title='bbox 374 4717 480 4779; x_wconf 90' lang='lat' dir='ltr'>armis</span> <span class='ocrx_word' id='word_1_284' title='bbox 510 4718 672 4781; x_wconf 90' lang='lat' dir='ltr'>omnibus</span> <span class='ocrx_word' id='word_1_285' title='bbox 695 4727 731 4782; x_wconf 94' lang='lat' dir='ltr'>et</span> <span class='ocrx_word' id='word_1_286' title='bbox 753 4719 939 4782; x_wconf 90' lang='lat' dir='ltr'>tormentis</span> <span class='ocrx_word' id='word_1_287' title='bbox 963 4719 1100 4782; x_wconf 91' lang='lat' dir='ltr'>bellicis</span> <span class='ocrx_word' id='word_1_288' title='bbox 1124 4719 1221 4782; x_wconf 83' lang='lat' dir='ltr'>exuti</span> <span class='ocrx_word' id='word_1_289' title='bbox 1246 4721 1353 4802; x_wconf 91' lang='lat' dir='ltr'>cives,</span> <span class='ocrx_word' id='word_1_290' title='bbox 1378 4721 1580 4790; x_wconf 89' lang='lat' dir='ltr'>solverunt</span> 
     </span>
     <span class='ocr_line' id='line_1_40' title="bbox 287 4823 1578 4912; baseline 0.004 -26"><span class='ocrx_word' id='word_1_291' title='bbox 287 4823 437 4886; x_wconf 89' lang='lat' dir='ltr'>ducibus</span> <span class='ocrx_word' id='word_1_292' title='bbox 462 4844 571 4903; x_wconf 87' lang='lat'><strong>40000</strong></span> <span class='ocrx_word' id='word_1_293' title='bbox 595 4823 670 4886; x_wconf 90' lang='lat' dir='ltr'>flor.</span> <span class='ocrx_word' id='word_1_294' title='bbox 696 4834 731 4888; x_wconf 93' lang='lat' dir='ltr'>et</span> <span class='ocrx_word' id='word_1_295' title='bbox 755 4825 903 4906; x_wconf 91' lang='lat' dir='ltr'>singulis</span> <span class='ocrx_word' id='word_1_296' title='bbox 932 4825 1033 4888; x_wconf 92' lang='lat' dir='ltr'>annis</span> <span class='ocrx_word' id='word_1_297' title='bbox 1057 4827 1216 4907; x_wconf 89' lang='lat' dir='ltr'>pendant</span> <span class='ocrx_word' id='word_1_298' title='bbox 1245 4847 1328 4906; x_wconf 81' lang='lat'>¹500</span> <span class='ocrx_word' id='word_1_299' title='bbox 1351 4825 1385 4890; x_wconf 91' lang='lat' dir='ltr'>fl.</span> <span class='ocrx_word' id='word_1_300' title='bbox 1411 4837 1445 4889; x_wconf 88' lang='lat' dir='ltr'>et</span> <span class='ocrx_word' id='word_1_301' title='bbox 1469 4829 1578 4912; x_wconf 83' lang='lat' dir='ltr'>prin-</span> 
     </span>
    </p>
   </div>
   <div class='ocr_carea' id='block_1_10' title="bbox 0 0 1718 5700">
    <p class='ocr_par' dir='ltr' id='par_1_10' title="bbox 0 0 1718 5700">
     <span class='ocr_line' id='line_1_41' title="bbox 0 0 1718 5700; baseline 0 3"><span class='ocrx_word' id='word_1_302' title='bbox 0 0 1718 5700; x_wconf 95' lang='lat' dir='ltr'> </span> 
     </span>
    </p>
   </div>
  </div>
 </body>
</html>
