3425 5700
640 632 698 687 0-43
738 634 789 688 ltu
828 632 887 685 &a

136 760 235 814 testes
258 750 336 814 sint.
384 753 454 815 Per
478 753 579 833 leges
607 773 722 835 pape,
751 763 785 815 et
815 756 915 835 leges
945 752 1140 832 hominum,
1169 750 1404 814 conscientias

135 857 280 921 fidelium
305 858 497 923 misserime
522 881 600 924 esse
624 860 836 941 illaqueatas
844 910 854 942 ,
883 870 1032 923 vexatas
1062 869 1097 923 et
1122 858 1402 922 excarnificatas

136 966 214 1029 Tum
238 986 294 1029 res
318 975 354 1029 et
377 967 594 1029 substantias
618 969 806 1050 presertim
830 968 865 1030 in
891 970 956 1030 hac
981 966 1101 1029 inclita
1126 965 1317 1030 Germanie
1347 988 1404 1029 na-

136 1071 239 1152 tione,
263 1073 463 1136 incredibili
486 1074 677 1155 tyrannide
702 1076 903 1155 devoratae,
928 1075 1163 1155 devorarique
1189 1075 1303 1136 adhuc
1329 1074 1404 1137 sine

135 1176 212 1259 fine,
248 1180 475 1262 indignisque
500 1181 622 1245 modis.
670 1180 716 1244 Et
742 1181 889 1245 suismet
913 1180 1067 1245 decretis
1091 1182 1158 1263 ipsi
1192 1191 1321 1244 cavent
1353 1181 1405 1268 (ut

134 1286 204 1349 dist.
229 1309 248 1363 q
272 1296 309 1350 et
334 1308 373 1367 ²5
400 1309 433 1370 q.
463 1308 473 1349 1
502 1297 539 1351 et
565 1286 609 1372 2.)
632 1298 671 1351 ut
693 1309 788 1370 pape
814 1291 915 1371 leges
944 1299 979 1352 et
1001 1290 1171 1370 doctrine,
1205 1288 1404 1371 evangelie,

135 1404 188 1456 aut
209 1405 349 1476 patrum
373 1396 569 1475 sententiis,
593 1397 770 1459 contrarie
801 1417 868 1478 pro
900 1396 1058 1461 erroneis
1091 1405 1126 1459 et
1143 1396 1317 1478 reprobis
1346 1399 1404 1458 ha·

138 1504 287 1566 beantur.
344 1500 383 1565 Si
414 1502 524 1584 igitur
554 1512 590 1565 et
620 1504 685 1565 hos
714 1524 933 1567 revocavere
965 1504 1050 1567 nihil
1083 1504 1178 1567 aliud
1203 1504 1405 1585 prestitam,

138 1630 231 1689 quam
254 1619 294 1672 ut
316 1611 346 1672 T
348 1610 514 1693 yrannidi
538 1613 647 1674 robor
670 1611 847 1692 adiecero,
873 1623 908 1675 et
931 1620 1030 1675 tante
1046 1610 1220 1693 impietati
1242 1609 1310 1672 iam
1335 1631 1405 1673 non

138 1715 301 1780 fenestras
325 1720 450 1799 modu,
481 1720 546 1782 sed
577 1727 613 1781 et
644 1719 769 1781 valvas
802 1739 977 1800 aperuero
1008 1728 1213 1799 grassature
1237 1716 1347 1780 lacius
1372 1726 1407 1779 et

139 1822 280 1905 liberius,
306 1844 411 1906 quarn
426 1826 600 1888 hactenus
616 1846 768 1909 unquam
786 1846 873 1888 ausa
888 1825 1005 1888 fuerit.
1054 1826 1097 1888 Et
1121 1824 1182 1888 fiet
1203 1826 1280 1906 jure
1304 1823 1407 1886 huius

140 1931 367 1994 revocationis
383 1932 588 1995 testimonio
606 1932 887 1996 licentiossisime
905 1946 940 1996 et
956 1932 1225 2016 impunitissime
1249 1930 1406 2013 nequitie

139 2036 265 2101 illorum
289 2039 459 2121 Regnum
475 2039 603 2102 misero
618 2042 728 2123 vulgo
749 2042 857 2121 longe
879 2038 1251 2103 intollerabilissimum
1276 2046 1310 2099 et
1335 2044 1406 2100 tarn

139 2144 331 2207 roboratum
356 2155 393 2208 et
417 2146 621 2227 stabilitum,
646 2147 834 2229 presertim
858 2146 888 2209 si
911 2148 1080 2210 iactatum
1104 2144 1221 2226 fuerit,
1246 2144 1282 2207 id
1306 2165 1327 2206 a
1351 2164 1406 2205 me

141 2247 259 2313 lactum
282 2252 493 2315 auctoritate
510 2274 610 2316 sacre
627 2253 822 2316 maiestatis
835 2265 954 2317 vestre
970 2252 1203 2333 serenissime,
1227 2252 1407 2332 totiusque

139 2354 283 2421 Romani
306 2359 461 2441 Imperii.
509 2360 687 2441 Quantum
712 2381 799 2443 ego,
831 2365 926 2424 bone
952 2362 1059 2441 Deus,
1084 2371 1156 2423 tum
1180 2358 1281 2422 fuero
1307 2378 1406 2439 oper-

141 2465 244 2527 culum
266 2466 424 2548 nequitie
448 2477 484 2530 et
507 2467 718 2550 tyrannidis.

218 2572 355 2635 Tertius
380 2592 494 2654 genus
518 2594 640 2637 eorum
665 2585 729 2653 est,
754 2595 842 2656 quos
879 2575 914 2636 in
939 2575 1074 2656 aliquot
1098 2573 1258 2655 privatas
1283 2580 1318 2635 et
1341 2572 1407 2635 sin·

142 2677 272 2755 gulares
295 2681 345 2760 (ut
361 2681 502 2761 vocant)
528 2702 700 2763 personas
715 2680 851 2763 scripsi,
877 2703 938 2745 eas
960 2682 1105 2761 scilicet,
1130 2701 1198 2762 que
1224 2690 1258 2743 et
1273 2681 1407 2762 Tyran-

142 2783 248 2847 nidem
270 2786 472 2849 Romanam
497 2788 600 2868 tueri,
625 2798 660 2852 et
683 2788 852 2871 pietatem
886 2811 906 2853 a
938 2811 993 2852 me
1026 2790 1165 2852 doctam
1190 2787 1408 2852 labefactare

142 2893 240 2955 moliti
262 2905 352 2958 sunt.
400 2896 441 2958 In
464 2897 531 2958 hos
555 2895 726 2960 confiteor
750 2919 805 2960 me
829 2896 939 2960 fuisse
957 2898 1188 2978 acerbiorem,
1213 2917 1318 2977 quam
1342 2917 1407 2978 pro

143 2999 299 3080 religione
324 3012 360 3064 et
376 3003 617 3084 professione3
643 3005 867 3086 nequeenim
884 3026 939 3068 me
957 3014 1115 3067 sanctum
1132 3005 1285 3085 aliquem
1302 3003 1407 3082 facie,

144 3125 244 3187 neque
268 3110 313 3172 de
337 3109 412 3172 vita
436 3130 525 3188 mea,
548 3112 612 3174 sed
630 3113 674 3174 de
691 3112 853 3174 doctrina
871 3111 999 3174 Christi
1025 3112 1178 3193 disput0,
1204 3131 1318 3194 neque
1343 3111 1408 3173 hos
1438 3173 1441 3178 r

143 3231 317 3296 revocare,
350 3217 528 3298 integrum
553 3228 607 3281 est
631 3219 752 3300 michi,
785 3239 891 3300 quum
926 3241 968 3282 ea
1000 3219 1228 3282 revocatione
1252 3219 1407 3281 futurum

144 3317 189 3398 sit,
211 3333 246 3383 ut
261 3324 289 3385 T
291 3325 439 3405 yrannis
463 3335 499 3386 et
524 3325 688 3407 impietas
712 3347 791 3388 meo
808 3325 1006 3407 patrocinio
1023 3335 1186 3406 regnent,
1212 3335 1246 3388 et
1271 3324 1409 3388 seviant

146 3422 174 3486 iu
194 3431 360 3512 populum
386 3431 444 3494 dei
466 3432 676 3513 violentius,
701 3454 807 3515 quarn
831 3453 984 3515 unquam
1010 3433 1256 3516 regnaverint;
1291 3441 1409 3494 tamen

145 3533 213 3610 quia
234 3539 338 3599 homo
363 3559 440 3601 sum
464 3548 499 3602 et
523 3561 593 3602 non
618 3541 726 3621 Deus,
751 3541 821 3604 alio
845 3541 1033 3623 patricinio
1042 3590 1051 3621 ,
1086 3541 1214 3604 libellis
1239 3540 1325 3602 meis
1350 3543 1408 3602 ad-

146 3658 300 3706 essenon
324 3665 489 3726 possum,
522 3668 626 3728 quam
657 3647 734 3729 ipse
766 3649 928 3711 dominus
963 3670 1062 3711 meus
1085 3647 1213 3728 Jhesus
1238 3647 1407 3726 ChristuS,

146 3745 231 3810 affuit
253 3771 315 3816 sue
340 3752 520 3832 doctrine,
554 3774 660 3834 quam
693 3775 770 3817 cum
805 3776 924 3818 coram
958 3755 1062 3817 Anna
1087 3756 1132 3817 de
1156 3775 1220 3816 sua
1245 3752 1408 3816 doctrina

147 3850 254 3919 luisset
276 3858 518 3941 interrogatus
542 3872 579 3922 et
602 3864 742 3943 alapam
766 3883 788 3925 a
811 3862 971 3926 ministro
996 3862 1213 3944 accepisset,
1238 3861 1343 3923 dixit:
1369 3859 1408 3922 Si

148 3963 223 4025 male
249 3968 387 4029 locutus
419 3988 495 4030 sum
525 3968 764 4032 testimonium
796 3969 946 4051 perhibe
980 3971 1025 4031 de
1057 3972 1160 4032 male.
1218 3967 1257 4030 Si
1291 3979 1407 4030 autem

147 4067 237 4149 bene,
271 4073 355 4156 quid
380 4094 437 4136 me
461 4074 582 4137 cedis?
629 4074 668 4138 Si
693 4077 856 4138 dominus
881 4077 957 4156 ipse
982 4077 1041 4157 qui
1066 4075 1202 4139 sciebat
1225 4096 1263 4137 se
1289 4086 1408 4137 errare

148 4193 203 4239 non
224 4199 361 4274 posse,
378 4201 449 4243 non
481 4193 600 4245 tamen
633 4184 810 4246 detrectat
837 4185 1075 4246 testimonium
1106 4184 1276 4246 adversus
1311 4203 1407 4244 suam

150 4281 325 4350 doctrinam
350 4287 485 4370 audire,
511 4289 617 4352 etiam
641 4312 662 4352 a
685 4290 855 4354 vilissimo
883 4311 998 4370 servo,
1023 4300 1190 4372 quantum
1210 4289 1323 4371 magis
1339 4309 1408 4370 ego

150 4386 215 4471 fex,
244 4414 315 4458 non
346 4395 565 4464 nisierrare
597 4407 741 4479 potens,
765 4400 881 4460 debeo
907 4409 1078 4478 expetere
1104 4406 1137 4458 et
1163 4406 1355 4478 expectare
1380 4395 1409 4457 si

150 4498 214 4576 quis
233 4502 471 4566 testimonium
495 4506 647 4568 reddere
671 4505 757 4569 velit
778 4507 950 4568 adversus
967 4526 1069 4567 neam
1087 4503 1303 4566 doctrinam?
1344 4503 1408 4564 lta-

152 4623 207 4683 que
227 4629 312 4693 rogo
336 4631 402 4692 per
426 4611 701 4676 misericordiam
726 4612 794 4693 dei,
819 4611 1067 4676 Sacratissima
1086 4611 1256 4673 Maiestas
1278 4621 1408 4694 vestra,

154 4709 367 4781 illustrissime
391 4717 651 4783 dominationes
674 4729 808 4800 vestre,
841 4731 902 4782 aut
925 4720 1136 4801 quicumque
1161 4718 1319 4798 tandem,
1351 4719 1409 4780 vel

156 4839 285 4890 summus
306 4831 366 4894 vel
389 4827 528 4892 infimus
552 4825 681 4908 possit,
713 4828 841 4889 reddat
865 4826 1120 4903 testimonium,
1145 4823 1333 4887 convincat
1358 4845 1407 4886 er-

158 4947 246 5014 rores,
259 4951 399 5022 superet
416 4935 601 5022 scripturis
622 4935 841 5018 propheticis
862 4943 897 4997 et
914 4932 1141 5015 evangelicis,
1165 4931 1409 5013 paratissimus

1196 5037 1249 5090 12*
