3425 5700
630 563 876 618 *ulatur

131 692 216 755 sione
238 691 392 774 hostium
415 691 622 755 terminata:
654 691 684 753 si
703 691 788 753 nihil
813 700 866 754 est
889 692 1001 755 maius
1025 707 1084 756 aut
1109 696 1274 778 amplius,
1299 698 1394 778 quod

131 797 306 870 moderatis
330 807 366 860 et
389 797 623 880 prudentibus
647 797 772 861 animis
787 798 886 881 posci
905 801 951 862 ab
966 799 1153 864 immortali
1171 802 1250 866 Deo
1270 805 1392 886 possit,

131 925 220 985 quam
245 914 411 986 quantum
437 904 501 966 tibi
525 904 672 968 coelesti
695 903 789 967 illius
811 905 986 969 beneficio
1012 916 1067 969 est
1095 907 1281 988 tributum,
1317 931 1391 973 ora·

131 1032 193 1074 nus
215 1032 473 1095 precamurque
498 1009 612 1075 Serum
635 1021 730 1074 tuam
755 1023 794 1074 ut
816 1012 852 1075 in
882 1012 1142 1077 conditionibus
1177 1016 1275 1097 pacis
1305 1027 1392 1080 trac-

44 1184 49 1205 ,
132 1119 236 1182 tandis
259 1121 322 1181 des
338 1130 374 1181 te
391 1121 435 1181 ad
455 1139 532 1182 eam
557 1099 768 1200 partem,·ut
791 1118 906 1201 magis
930 1130 1078 1202 propter
1096 1121 1309 1186 desiderium
1334 1144 1392 1205 pa·

130 1225 177 1306 cis,
200 1226 325 1290 faciles
349 1238 384 1289 et
408 1211 584 1306 benignas
608 1225 830 1288 conditiones
853 1226 995 1307 tulisse,
1029 1247 1133 1308 quam
1158 1239 1306 1311 propter
1330 1230 1393 1292 dif-

129 1331 307 1396 ficultatem
331 1333 574 1396 conditionum
597 1332 677 1415 paci
701 1335 817 1395 locum
833 1353 904 1396 non
920 1333 1107 1416 reliquisse
1122 1335 1277 1400 videare.
1314 1338 1394 1401 Hoc

129 1439 278 1520 petimus,
302 1441 370 1502 hoc
394 1442 592 1519 hortamur,
617 1459 733 1522 neque
758 1438 856 1502 dubii
880 1461 1016 1520 sumus,
1040 1450 1075 1505 le
1099 1445 1144 1504 ad
1169 1445 1286 1506 omnia
1310 1445 1393 1508 libe-

129 1546 205 1609 ralia
228 1556 263 1610 et
285 1548 440 1610 humana
463 1555 665 1628 promptum
689 1567 778 1612 esse.
825 1545 898 1609 Sed
928 1557 966 1610 ut
995 1557 1058 1613 tua
1087 1552 1272 1630 praeclara
1295 1572 1394 1615 mens

128 1654 155 1716 in
180 1675 246 1717 sua
275 1654 436 1717 bonitate
468 1664 503 1716 et
533 1654 711 1717 sententia
741 1664 950 1735 permaneat
980 1657 1222 1737 deprecamur.
1281 1657 1393 1721 Nemo

129 1783 271 1844 unquam
301 1761 470 1845 princeps
493 1759 570 1840 fuit,
596 1759 654 1842 qui
679 1761 813 1825 maiora
837 1761 990 1825 senserit
1013 1783 1100 1845 erga
1124 1785 1162 1826 se
1188 1765 1256 1827 Dei
1276 1764 1392 1829 Omni-

128 1870 272 1950 potentis
304 1867 500 1951 promerita
538 1888 642 1950 quam
674 1877 826 1950 experta
861 1878 916 1931 est
949 1866 1052 1933 Ser¹⁸⁵
1082 1883 1159 1944 tua;
1196 1872 1258 1934 sed
1291 1893 1393 1935 nemo

129 1975 224 2040 etiarn
248 1974 366 2039 extitit
389 1994 544 2055 unquam
569 1973 628 2055 qui
657 1973 883 2038 illustriorem
908 1976 1132 2040 occasionem
1155 1979 1320 2042 habuerit
1343 1999 1394 2042 re-

129 2082 287 2146 ferendae
311 2081 361 2143 illi
385 2080 534 2164 gratiae.
582 2078 720 2144 Scimus
743 2101 809 2144 nos
844 2091 880 2144 et
912 2090 1100 2161 testamur,
1142 2092 1177 2146 et
1211 2086 1322 2149 vades
1360 2096 1395 2149 et

131 2210 309 2271 sponsores
332 2188 425 2251 inter
456 2196 491 2250 te
521 2196 557 2250 et
589 2187 704 2249 Deum
735 2208 814 2251 esse
849 2189 1022 2268 volumus,
1046 2189 1076 2251 si
1099 2199 1159 2253 tua
1184 2194 1395 2256 auctoritate

132 2307 160 2359 et
180 2295 365 2360 clementia
387 2295 443 2358 his
466 2294 637 2356 luctuosis
660 2295 883 2376 temporibus
907 2296 1139 2360 constituetur
1154 2318 1237 2378 pax,
1262 2302 1393 2362 nullum

131 2424 272 2487 unquam
296 2401 499 2484 Principem
531 2410 567 2463 et
598 2401 740 2482 Regem
770 2404 917 2482 nullum,
952 2413 1011 2466 aut
1042 2403 1154 2467 maius
1187 2406 1394 2488 obsequium

130 2512 197 2574 Deo
225 2508 460 2593 praestitisse,
485 2517 547 2572 aut
569 2509 643 2571 ullo
667 2518 827 2591 tempore
860 2530 938 2572 esse
968 2521 1238 2592 praestaturum.
1276 2511 1382 2596 Carpi

129 2638 196 2681 mur
217 2617 404 2700 paulatim:
430 2615 695 2679 concludimur:
721 2615 756 2678 in
781 2616 966 2698 angustias
981 2616 1192 2700 redigimur:
1217 2629 1323 2700 atque
1349 2641 1394 2683 ex

132 2727 206 2787 orbe
228 2734 403 2788 terrarum
427 2721 603 2802 universe,
628 2721 687 2803 qui
710 2722 788 2786 fere
812 2732 908 2786 totus
929 2723 1120 2805 aliquando
1138 2724 1235 2808 Regi
1251 2725 1396 2808 Regum

129 2831 258 2896 Christo
281 2831 367 2913 Jesu
391 2828 570 2893 Salvatori
594 2839 717 2892 nostro
741 2829 869 2912 paruit,
895 2830 929 2894 in
954 2839 1027 2895 tres
1050 2832 1108 2895 vel
1133 2842 1284 2914 quatuor
1307 2833 1395 2897 chri-

129 2939 308 3003 stianitatis
332 2937 535 3022 provincias
565 2937 699 3019 repulsi
724 2950 760 3001 et
792 2938 964 3001 coarctati
1000 2959 1135 3018 sumus,
1171 2960 1262 3021 quae
1297 2944 1395 3005 solae

127 3057 253 3111 restant
275 3047 452 3128 integrae:
477 3044 569 3108 aliae
593 3054 654 3107 aut
677 3045 820 3127 penitus
843 3046 923 3109 Deo
947 3047 1179 3129 rebellarunt,
1204 3058 1264 3110 aut
1280 3048 1396 3131 impiis

127 3154 224 3218 sectis
248 3164 283 3218 et
306 3154 494 3216 heresibus
524 3153 570 3215 ad
600 3154 846 3215 rebellandum
879 3162 961 3215 sunt
987 3154 1228 3236 propinquae,
1264 3164 1324 3218 aut
1360 3154 1395 3219 in

127 3269 217 3324 tanto
241 3262 401 3344 periculo
425 3258 639 3323 constitutae
663 3270 744 3321 sunt
756 3308 765 3339 ,
789 3270 828 3322 ut
852 3260 951 3342 quasi
971 3281 1037 3343 pro
1055 3262 1252 3342 desperatis
1268 3271 1304 3326 et
1319 3282 1395 3344 per-

125 3367 200 3431 ditis
222 3370 433 3432 habeantur.
479 3366 665 3447 Quaenam
700 3386 913 3447 quaesumus
949 3380 1048 3431 tanta
1083 3388 1148 3431 nos
1178 3369 1254 3450 agit
1284 3370 1394 3451 preci·

126 3476 211 3556 pites
233 3476 303 3538 Dei
326 3476 396 3555 ira,
429 3484 468 3536 ut
498 3483 635 3557 pestem
660 3483 695 3536 et
718 3474 898 3538 interitum
923 3484 1081 3537 nostrum
1104 3474 1245 3556 ipsimet
1269 3496 1393 3559 appro-

123 3586 306 3661 peremus?
330 3591 579 3645 convertamur
603 3581 648 3642 ad
672 3580 787 3663 ipsum
810 3581 1019 3645 Dominum:
1056 3594 1091 3644 et
1126 3602 1205 3645 cum
1240 3582 1291 3645 illi
1325 3583 1396 3646 iras
1431 3663 1434 3673 .

124 3699 155 3752 et
176 3691 323 3754 iniurias
354 3700 494 3753 nostras
518 3688 857 3769 condonaverimus,
882 3708 1065 3770 speremus
1089 3692 1135 3751 ab
1159 3710 1202 3751 eo
1227 3690 1396 3771 consequi

122 3797 417 3877 misericordiam,
440 3817 532 3877 quae
556 3806 653 3859 certe
677 3816 746 3859 non
773 3795 899 3875 deerit,
924 3796 952 3857 si
972 3795 1031 3877 pie
1047 3804 1083 3858 et
1097 3796 1275 3859 humiliter
1289 3796 1396 3861 fuerit

119 3904 238 3984 petita.
287 3905 332 3967 Et
348 3906 435 3967 haec
453 3913 571 3966 tamen
589 3904 706 3967 omnia
729 3902 765 3965 in
788 3923 891 3965 manu
912 3912 973 3963 tua
989 3901 1209 3983 potissimum
1225 3902 1274 3965 fili
1291 3904 1395 3966 caris-

119 4010 201 4074 sime
226 4023 320 4074 sunt.
369 4010 437 4092 Qui
462 4010 491 4073 si
516 4020 550 4073 te
575 4020 613 4073 ut
637 4008 862 4088 confidimus,
895 4009 940 4069 ad
972 4018 1139 4072 constans
1162 4009 1261 4091 pacis
1285 4009 1394 4073 consi-

118 4116 195 4181 lium
222 4103 462 4198 converteris,
487 4125 590 4179 erunt
615 4124 675 4177 tuo
700 4117 808 4177 ductu
833 4124 869 4176 et
892 4114 1040 4195 imperio
1056 4136 1126 4178 non
1144 4118 1264 4179 salvae
1285 4118 1395 4207 solum

117 4224 386 4289 christianitatis
410 4244 477 4304 res,
501 4243 623 4285 verum
647 4220 753 4284 etiam
776 4220 960 4295 florentes;
986 4242 1058 4286 non
1082 4222 1194 4285 minor
1213 4234 1266 4284 est
1282 4223 1397 4303 gloria

113 4351 266 4411 parcere
292 4333 453 4397 hostibus
478 4328 636 4408 devictis,
662 4349 767 4410 quam
791 4348 853 4391 eos
878 4327 1038 4391 vincere:
1067 4327 1183 4410 pietas
1213 4339 1328 4393 autem
1362 4340 1398 4393 et

114 4437 224 4503 virtus
250 4449 292 4504 et
314 4436 488 4521 sapientia
512 4436 620 4498 multo
646 4434 757 4497 maior
778 4454 844 4518 pro
871 4434 994 4498 celesti
1013 4435 1161 4517 imperio
1185 4434 1279 4497 ferre
1294 4436 1398 4517 signa

111 4546 144 4608 in
167 4547 241 4610 Dei
266 4548 400 4625 hostes,
426 4564 531 4625 quam
555 4563 620 4626 pro
644 4541 796 4605 terrenis
819 4544 926 4604 rebus
951 4543 1169 4624 depugnare.
1211 4540 1283 4604 Nos
1300 4550 1396 4605 certe

111 4654 285 4717 ardentes
310 4649 551 4715 benivolentia
577 4670 664 4731 erga
687 4658 739 4730 te,
770 4661 805 4711 et
829 4648 946 4711 studio
971 4648 1086 4712 laudis
1116 4660 1218 4730 tuae,
1251 4670 1294 4712 ea
1317 4670 1397 4713 con-

109 4761 260 4824 sulimus
287 4758 362 4839 tibi,
381 4777 472 4841 quae
487 4758 699 4820 arbitramur
712 4754 866 4836 utilitati,
884 4754 1059 4837 dignitati,
1076 4755 1298 4837 amplitudini
1315 4766 1397 4820 tuae

105 4867 395 4931 accommodata.
444 4864 536 4945 Quid
562 4863 732 4927 Dominus
756 4863 854 4925 Deus
879 4872 1043 4944 appetat,
1075 4862 1301 4945 perspicuum
1332 4872 1398 4947 est,
