3425 5700
819 544 1066 603 &iiiiii-0

305 697 371 757 che
394 692 427 755 in
454 704 579 774 questo
603 693 718 756 usiate
742 692 897 755 l'officio
923 702 1062 767 vostro;
1095 696 1127 755 el
1159 694 1436 757 Prothonotario
1468 694 1573 757 scrive

304 812 339 864 et
353 802 454 881 parla
470 819 537 881 pur
560 799 608 861 lui
624 809 715 861 tutto
731 800 935 880 'lbisogno;
961 800 1030 881 voi,
1055 820 1094 862 se
1118 812 1193 863 sete
1218 810 1316 863 tanto
1342 799 1464 864 timido
1490 822 1570 863 com·

304 907 480 970 municate
505 926 571 968 con
595 906 644 968 lui
668 908 787 987 quello
811 908 878 968 che
903 926 972 969 non
998 915 1097 969 osate
1121 908 1165 969 ne
1189 910 1329 988 parlare
1358 909 1401 970 ni
1425 906 1573 971 scrivere

304 1026 340 1078 et
365 1015 413 1077 lui
438 1013 602 1076 satisfarh
626 1034 689 1093 per
714 1014 783 1095 voi,
808 1013 961 1076 maxime
986 1016 1052 1077 che
1075 1014 1121 1076 ha
1145 1016 1179 1077 le
1203 1014 1300 1077 cifre.

382 1122 440 1184 ,Al
463 1121 559 1183 Rmo
584 1122 701 1183 Padre
726 1121 910 1185 confessor
935 1120 1007 1182 dite
1032 1140 1095 1203 per
1120 1130 1222 1202 parte
1248 1122 1282 1183 di
1307 1122 1349 1185 N.
1365 1119 1402 1185 S.
1428 1123 1495 1185 che
1518 1142 1575 1184 sua

303 1228 441 1291 Santita
474 1229 682 1291 commenda
712 1228 805 1290 assai
833 1229 868 1290 la
901 1227 1066 1291 sincerita
1107 1237 1143 1289 et
1173 1228 1364 1291 devotione
1396 1249 1459 1291 sua
1491 1238 1526 1291 et
1554 1228 1575 1291 li

303 1346 407 1418 porta
431 1344 529 1397 tanta
553 1334 737 1397 affettione
762 1337 827 1397 che
852 1352 922 1397 non
948 1335 965 1397 ὲ
992 1354 1075 1397 cosa
1100 1335 1165 1397 che
1197 1334 1233 1396 di
1257 1333 1330 1397 Sua
1354 1335 1576 1398 Beatitudine

303 1464 371 1505 non
398 1443 427 1504 si
452 1463 559 1524 possa
583 1453 809 1523 premetter-e,
843 1454 879 1505 et
903 1443 962 1505 noi
992 1445 1027 1504 lo
1051 1452 1192 1505 tenemo
1224 1452 1259 1506 et
1290 1443 1450 1506 stimamo
1482 1463 1578 1505 come

301 1550 413 1630 padre
436 1549 583 1631 proprio
609 1559 643 1612 et
668 1550 889 1612 desideramo
926 1549 1007 1611 farli
1038 1550 1123 1631 ogni
1154 1570 1243 1633 gran
1274 1550 1427 1633 piacere.
1483 1550 1578 1612 Hora

301 1677 365 1737 per
389 1677 470 1719 man
494 1657 529 1718 di
546 1657 786 1719 Heachworth
812 1677 850 1719 se
874 1657 924 1737 gli
949 1658 1079 1719 manda
1094 1677 1140 1719 un
1166 1656 1425 1720 confessionale
1440 1657 1576 1738 amplis·

302 1764 390 1827 simo
414 1775 450 1827 et
474 1766 508 1826 la
532 1763 684 1827 statione
710 1774 744 1827 et
768 1764 990 1845 indulgentia
1015 1764 1050 1826 di
1075 1784 1154 1827 essa
1178 1766 1272 1827 nella
1295 1763 1441 1845 propria
1466 1762 1579 1845 patria

300 1871 346 1934 ad
380 1869 454 1933 vita
482 1892 564 1944 sua3
598 1870 642 1933 ne
676 1871 699 1933 li
732 1873 995 1956 mancheranno
1028 1872 1073 1933 da
1107 1868 1142 1933 S.
1169 1869 1221 1933 go
1246 1869 1422 1952 maggiori
1454 1870 1576 1951 gratie.

301 1980 358 2040 Da
382 1999 445 2040 sua
469 1978 647 2060 paternit&
671 2000 741 2041 non
766 1979 794 2040 si
820 1978 986 2042 desidera
1010 1980 1101 2040 altro
1125 1999 1163 2040 se
1188 1998 1263 2047 non¹
1282 1979 1349 2041 che
1372 1978 1465 2040 sacci
1498 1979 1578 2059 quel

300 2088 395 2148 buon
421 2084 534 2148 offitio
560 2106 625 2147 con
652 2084 781 2147 Cesare
807 2087 872 2147 che
905 2086 922 2147 ὲ
955 2086 1058 2148 solita
1090 2094 1126 2147 et
1156 2086 1221 2147 che
1254 2087 1287 2147 le
1319 2086 1417 2147 detta
1450 2086 1484 2147 la
1518 2105 1578 2147 sua

300 2193 519 2255 conscientia
542 2204 578 2254 et
603 2192 793 2255 devotione
817 2193 883 2254 che
907 2213 1046 2274 sempre
1072 2192 1130 2255 s'ie
1155 2201 1324 2255 mostrata
1348 2212 1452 2255 verso
1477 2191 1521 2255 N.
1543 2189 1577 2254 S.

300 2311 335 2363 et
361 2309 485 2383 questa
510 2298 622 2361 Santa
646 2296 750 2361 Sede.

388 2407 659 2488 Ringratierete
684 2427 747 2470 sua
772 2405 954 2469 Paternita
986 2405 1079 2469 assai
1103 2407 1196 2469 assai
1225 2408 1271 2467 da
1302 2416 1404 2488 parte
1435 2405 1470 2468 di
1507 2404 1579 2468 Sua

299 2514 526 2577 Beatitudine
550 2523 586 2576 et
610 2525 747 2583 nostra:
774 2513 961 2575 renderete
986 2514 1099 2575 anche
1124 2513 1238 2593 gratie
1262 2516 1296 2575 al
1313 2512 1500 2576 Marchese
1521 2512 1577 2592 Jo-

299 2621 413 2685 achim
448 2630 484 2683 et
514 2621 587 2683 dite
619 2642 639 2683 a
673 2618 745 2682 Sua
779 2617 947 2700 Signoria
980 2622 1045 2682 che
1085 2622 1178 2683 nella
1216 2640 1300 2683 cosa
1331 2622 1388 2683 del
1421 2641 1578 2684 vescovo

298 2729 623 2808 Brandeburgense
647 2748 810 2808 speramo
835 2728 900 2789 che
922 2726 964 2790 N.
981 2724 1017 2791 S.
1042 2738 1163 2808 presto
1188 2728 1222 2789 lo
1247 2726 1433 2789 consoler&
1457 2736 1495 2789 et
1519 2726 1579 2789 noi

216 2831 221 2842 '
297 2857 367 2916 pon
400 2856 584 2899 mancamo
623 2835 656 2897 di
691 2834 900 2915 sollicitare,
932 2836 998 2898 che
1030 2843 1127 2898 certo
1161 2834 1272 2897 siamo
1303 2832 1579 2916 obbligatissimi

299 2942 416 3007 aSua
439 2942 606 3025 Signoria
631 2953 667 3004 et
691 2943 803 3005 anche
829 2965 848 3005 a
883 2945 965 3023 quel
998 2944 1070 3005 bon
1102 2943 1240 3023 prelato
1274 2941 1330 3004 dei
1362 2941 1448 3004 boni
1480 2941 1579 3005 offici

298 3053 363 3113 che
386 3051 496 3114 fanno
520 3049 556 3111 in
581 3059 706 3130 questa
730 3069 837 3111 causa
862 3069 1019 3112 comune.

386 3158 456 3220 Per
480 3165 687 3219 contentare
712 3153 884 3237 Spieghel
914 3155 942 3218 si
967 3155 1081 3218 scrive
1106 3157 1138 3219 al
1163 3154 1369 3220 Caracciolo
1399 3157 1463 3218 che
1498 3177 1579 3238 pro·

297 3264 390 3327 veda
414 3283 514 3326 come
538 3262 691 3325 scrivete
715 3271 750 3324 et
774 3272 896 3325 nostro
921 3259 1074 3344 Signore
1098 3265 1132 3325 lo
1156 3265 1202 3326 ha
1227 3265 1334 3325 molto
1360 3283 1442 3325 caro
1474 3274 1512 3326 et
1542 3264 1577 3326 in
1680 3259 1681 3298 l

296 3372 405 3433 molto
437 3370 600 3452 maggior
625 3390 709 3433 cosa
740 3369 760 3430 e
788 3389 853 3451 per
886 3368 1100 3450 gratificarlo
1133 3371 1296 3432 venendo
1329 3369 1351 3431 l’
1375 3370 1580 3451 occasione,

296 3478 428 3559 perche
453 3477 511 3558 gia
536 3487 656 3558 tempo
681 3476 773 3539 assai
805 3478 850 3538 ha
876 3475 1008 3556 optima
1032 3475 1279 3539 informatione
1304 3477 1398 3539 della
1423 3478 1517 3540 virtu
1544 3487 1581 3540 et

296 3585 450 3648 dottrina
475 3595 510 3648 et
532 3584 759 3648 observantia
782 3604 845 3646 sua
863 3604 966 3646 verso
983 3583 1018 3646 S.
1036 3584 1123 3646 Bne.
1162 3584 1190 3645 ll
1215 3587 1324 3646 breve
1342 3585 1375 3646 al
1390 3586 1580 3648 consolato

295 3694 331 3755 di
355 3693 504 3755 Stlestat
534 3691 563 3755 si
595 3693 724 3754 manda
756 3711 821 3753 con
855 3700 980 3772 questa
1006 3691 1101 3753 accio
1127 3693 1160 3753 lo
1192 3699 1409 3773 consegnate
1444 3711 1464 3751 a
1497 3693 1579 3774 lui¹)
1680 3747 1681 3778 .

295 3802 346 3863 La
370 3821 453 3862 cosa
478 3799 497 3860 ἐ
521 3799 581 3880 gii
605 3799 640 3860 in
665 3798 762 3860 Rota
787 3807 823 3860 et
846 3796 956 3878 quelli
981 3799 1073 3859 della
1098 3796 1290 3861 universita
1320 3819 1472 3879 sperano
1499 3820 1579 3862 sen·
1680 3875 1681 3896 Χ

294 3907 405 3970 tentia
430 3906 464 3967 in
488 3906 591 3968 favor
615 3905 701 3987 ogni
725 3905 760 3966 di
785 3913 820 3966 et
843 3907 962 3967 hanno
987 3903 1076 3966 fatto
1101 3903 1266 3966 stendere
1298 3907 1363 3968 che
1394 3927 1454 3987 per
1491 3909 1581 3970 dote
1680 3897 1681 3962 l

296 4035 364 4076 non
389 4013 541 4094 bisogna
566 4013 654 4074 altra
686 4011 908 4092 provisione:
940 4010 1163 4091 bisognando
1189 4031 1260 4073 non
1285 4011 1313 4073 si
1337 4033 1505 4076 mancare
1541 4017 1579 4077 di
1680 4013 1681 4034 ¹

293 4131 395 4184 tutto,
443 4117 524 4182 Cosi
549 4118 572 4181 li
598 4118 779 4181 affermate
811 4118 1054 4183 liberamento.
1110 4117 1245 4198 Questo
1277 4119 1470 4182 solicitator
1505 4142 1580 4202 qua

293 4228 352 4288 del
375 4225 585 4307 Magontino
610 4227 675 4288 che
698 4227 744 4288 ha
768 4225 802 4287 in
828 4247 932 4288 mano
957 4227 991 4289 la
1016 4246 1099 4290 cosa
1124 4227 1183 4289 del
1214 4227 1331 4290 dottor
1356 4225 1532 4308 Capitone
1560 4231 1579 4292 ὸ

293 4333 327 4394 in
352 4353 458 4395 causa
483 4333 548 4394 che
584 4334 618 4394 la
653 4330 854 4412 speditione
890 4353 952 4395 sua
988 4333 1017 4395 si
1052 4335 1222 4414 protrahe
1258 4342 1376 4404 tanto;
1410 4335 1579 4416 besogna

292 4439 446 4503 solicitas
471 4439 537 4510 lui;
563 4437 642 4501 tutti
667 4439 783 4520 questi
807 4437 842 4501 di
868 4460 905 4502 se
933 4439 993 4502 lie
1018 4440 1114 4503 facto
1138 4441 1303 4503 intender
1328 4441 1393 4502 che
1418 4441 1513 4522 porti
1542 4444 1579 4505 le

291 4545 541 4629 supplicationi
566 4555 601 4607 et
624 4545 864 4608 informationi
890 4569 909 4609 a
933 4547 1134 4628 proposit0,
1160 4567 1215 4609 ma
1246 4568 1283 4608 se
1316 4546 1424 4610 strica
1458 4561 1494 4609 et
1527 4570 1578 4613 va

321 4792 344 4863 ¹)
363 4796 467 4859 Scripta
485 4803 572 4844 tamen
591 4795 722 4844 habentur
739 4796 766 4844 in
785 4795 868 4844 latere
888 4796 993 4846 sinistro
1012 4797 1116 4847 litterae
1135 4797 1271 4859 originalis
1291 4797 1355 4846 haec
1375 4799 1469 4847 verba:
1492 4800 1576 4860 „Non
1680 4801 1681 4826 ³

361 4877 382 4924 si
402 4877 416 4923 ὲ
435 4883 543 4940 possuto
562 4877 643 4924 haver
661 4877 785 4939 expedito
805 4883 898 4940 questa
918 4891 987 4934 serm
1007 4879 1090 4927 masi
1110 4879 1233 4926 mandere
1254 4877 1296 4926 col
1315 4877 1459 4942 proximo.“
