3425 5700
821 562 1068 617 edistii&

305 712 410 773 homo
434 709 469 769 in
485 706 688 786 Germania,
714 707 867 769 maxime
892 708 957 769 che
981 706 1078 769 habii
1102 709 1239 789 grande
1265 708 1465 789 complicita
1487 730 1583 771 come

305 816 458 895 liutten‚
489 815 522 877 ei
546 815 629 896 qual
654 813 759 877 etiam
784 814 803 876 ὲ
828 814 1013 877 coniurato
1045 835 1110 877 con
1141 815 1340 879 Francesco
1366 814 1584 899 Sichinghen

305 933 340 985 et
364 922 424 1005 poi
447 921 618 1003 impugna
641 922 676 983 la
700 940 807 983 causa
830 922 925 984 della
942 920 1072 985 Chiesa
1097 924 1178 1005 (quo
1203 923 1288 985 nihil
1310 922 1445 1005 gratius
1462 924 1584 985 audire

306 1043 359 1092 est
383 1030 478 1112 apud
503 1027 729 1108 Germanos);
758 1026 875 1110 putria
906 1031 977 1091 ben
1002 1028 1116 1091 anche
1141 1050 1238 1093 esser
1271 1032 1337 1093 che
1368 1032 1402 1093 io
1431 1030 1541 1093 fanno
1566 1052 1585 1091 a

305 1140 400 1200 buon
416 1136 499 1218 tine,
523 1156 589 1217 per
602 1134 716 1198 tenire
731 1133 920 1216 pacificata
935 1139 969 1198 la
986 1136 1189 1217 Germania,
1215 1136 1342 1199 dalche
1359 1134 1432 1199 Sua
1448 1138 1585 1200 Maesta

305 1265 375 1307 non
404 1244 523 1327 putria
554 1243 669 1326 patira
702 1262 836 1305 senon
862 1242 1038 1307 disconzo.
1085 1244 1125 1306 Io
1150 1246 1218 1307 alle
1243 1245 1380 1327 parolle
1405 1246 1463 1307 del
1488 1246 1585 1307 detto

305 1350 475 1414 Chievres
499 1370 569 1413 non
593 1351 753 1431 sapendo
777 1350 1091 1431 particularmente
1125 1351 1209 1432 quid
1234 1352 1343 1413 vellet
1366 1350 1531 1431 innuere,
1563 1352 1585 1413 li

305 1457 443 1542 resposi
476 1478 558 1521 cose
589 1456 750 1539 generali
780 1458 846 1521 che
880 1478 935 1521 me
961 1479 1119 1540 pareano
1144 1458 1198 1520 far
1222 1460 1255 1521 al
1280 1458 1482 1540 proposito,
1516 1479 1584 1521 non

305 1565 403 1647 potei
431 1565 519 1647 peri)
543 1562 620 1627 iare
645 1565 680 1626 di
704 1586 775 1628 non
797 1567 994 1647 responder
1011 1567 1266 1629 audacemente
1284 1576 1416 1646 quanto
1432 1586 1453 1628 a
1470 1568 1587 1647 quella

207 1728 216 1745 ,
305 1674 431 1755 paroia
461 1677 571 1735 vostro
596 1672 708 1755 Papa,
739 1674 805 1735 che
836 1693 875 1734 se
907 1692 1016 1734 erano
1050 1671 1231 1736 christiani
1256 1673 1279 1735 il
1305 1674 1405 1754 Papa
1430 1694 1491 1736 era
1515 1678 1585 1735 cosi

305 1783 376 1843 ben
408 1800 472 1842 suo
503 1799 603 1842 come
636 1788 758 1842 nostro
784 1790 819 1842 et
843 1782 909 1843 che
934 1780 1173 1860 guardassero
1197 1783 1289 1844 bene
1315 1782 1348 1842 in
1374 1792 1501 1861 questa
1524 1802 1587 1841 sua

305 1888 504 1969 grandezza
536 1885 572 1948 di
604 1906 674 1949 non
702 1885 821 1949 irritar
843 1886 914 1949 Dio
946 1887 1006 1967 qui
1039 1887 1155 1950 aufert
1180 1884 1353 1970 Spiritum
1376 1888 1586 1969 principum,

306 2004 341 2057 et
365 2014 435 2057 non
460 2014 559 2056 esser
581 1994 606 2056 il
630 1995 741 2057 dever
765 1993 963 2057 confundet
987 1996 1022 2056 la
1046 1993 1128 2056 fede
1153 2014 1217 2076 per
1241 1994 1370 2077 privati
1395 2003 1431 2057 et
1455 2005 1585 2075 tempo-

305 2101 372 2165 rali
396 2100 519 2163 affetti.
552 2100 612 2162 Me
637 2100 732 2164 disse
757 2102 822 2163 che
846 2120 913 2182 per
932 2110 1057 2181 questo
1074 2121 1145 2163 non
1161 2121 1268 2163 erano
1287 2102 1362 2164 loro
1378 2122 1442 2183 per
1459 2102 1588 2183 perdet

304 2211 340 2273 la
372 2208 455 2271 fede
488 2207 525 2271 di
549 2207 689 2272 Christo
721 2217 756 2271 et
789 2210 856 2271 che
890 2209 1040 2271 devesse
1074 2210 1144 2270 ben
1177 2207 1355 2271 advertire
1379 2210 1449 2272 allo
1474 2210 1540 2271 che
1568 2210 1586 2269 ⁷1

305 2336 361 2379 me
389 2316 503 2379 dicea.
550 2315 647 2377 Alfin
678 2315 889 2377 sorridendo
915 2315 1009 2379 disse
1033 2317 1099 2378 che
1124 2335 1298 2397 appresso
1323 2316 1358 2377 di
1382 2336 1420 2377 se
1446 2316 1493 2377 lui
1518 2335 1585 2378 non

307 2422 487 2486 extimava
510 2442 594 2485 cosa
618 2430 717 2484 tanto
743 2420 889 2484 difficile
913 2431 1041 2485 metter
1065 2422 1207 2486 silentio
1232 2424 1266 2485 al
1283 2422 1375 2485 fatto
1400 2422 1435 2483 di
1452 2422 1587 2485 Luther

305 2531 357 2595 At
387 2532 454 2593 che
486 2529 521 2593 io
554 2528 692 2610 resposi
725 2531 791 2591 che
822 2550 860 2591 se
894 2550 964 2591 non
996 2549 1153 2592 usavano
1188 2529 1386 2612 dilligentia
1410 2528 1446 2591 di
1470 2531 1587 2591 buona

306 2646 402 2701 sorte
411 2685 421 2718 ,
451 2637 705 2699 vederebbeno
737 2636 772 2698 di
804 2638 915 2699 breve
944 2658 989 2699 un
1015 2639 1065 2699 tal
1089 2637 1253 2700 incendio
1278 2638 1302 2699 il
1327 2638 1408 2717 quai
1433 2657 1505 2699 non
1530 2658 1585 2699 ex-

306 2744 484 2826 tingueria
506 2752 604 2806 tucta
628 2742 649 2805 l’
666 2764 780 2825 acqua
805 2745 863 2806 del
887 2764 950 2806 suo
976 2764 1072 2807 marc
1098 2744 1133 2806 di
1157 2744 1322 2808 Fiandra.

396 2853 476 2926 ΙΙΙῐῙξθ
499 2853 597 2932 Dne,
631 2850 742 2914 siamo
765 2852 888 2915 venuti
918 2873 939 2914 a
962 2853 1045 2914 mali
1068 2852 1195 2934 tempi,
1230 2854 1295 2915 che
1320 2873 1390 2915 non
1416 2853 1443 2914 si
1469 2852 1587 2934 sapiri

307 2971 406 3024 tanta
435 2959 538 3024 stima
566 2960 611 3022 de
635 2959 705 3021 Dio
738 2959 783 3021 nd
807 2961 867 3022 del
891 2980 954 3022 suo
981 2980 1065 3022 vero
1090 2959 1234 3022 Vicario
1260 2971 1295 3022 et
1319 2960 1476 3042 ogniuno
1501 2959 1589 3022 sisa

306 3073 341 3131 la
372 3065 591 3130 conscientia
620 3086 720 3129 come
753 3067 833 3128 vole
863 3075 899 3128 et
923 3069 974 3128 sel
999 3067 1131 3130 accade
1155 3068 1221 3129 che
1245 3067 1269 3128 li
1294 3068 1370 3129 loro
1395 3067 1498 3150 padri
1522 3067 1588 3148 spi·
1681 3137 1682 3140 Ἴ

307 3174 424 3238 rituali
448 3174 581 3237 donino
606 3172 725 3236 animo
753 3174 819 3236 che
843 3191 914 3236 non
940 3173 1071 3237 temino
1096 3177 1168 3237 cosi
1193 3173 1431 3256 rigidamente,
1453 3175 1486 3236 le
1511 3195 1588 3236 cen·
1681 3219 1682 3246 r

307 3303 388 3345 sure
414 3283 525 3363 (corne
549 3280 643 3343 vedo
667 3281 768 3362 quasi
792 3280 879 3344 farsi
902 3283 936 3344 al
961 3277 1141 3366 presente)
1165 3301 1236 3344 non
1262 3281 1441 3344 extimano
1464 3282 1591 3344 alcuna

308 3411 401 3469 cosa,
424 3391 460 3451 lo
484 3389 552 3451 che
576 3388 830 3451 doverebbeno
847 3388 1016 3462 extimam
1042 3388 1115 3451 scio
1140 3391 1236 3470 quod
1260 3389 1340 3452 dico
1366 3397 1401 3451 et
1425 3387 1497 3450 vidi
1520 3387 1590 3449 iam

308 3519 330 3560 a
353 3494 477 3578 paucis
501 3495 645 3575 diebus,
669 3504 776 3576 atque
799 3494 934 3558 utinam
958 3516 1029 3558 non
1054 3496 1238 3574 vidissem,
1264 3496 1326 3558 sed
1352 3515 1422 3558 non
1446 3515 1590 3577 possum

309 3623 424 3686 neque
453 3603 566 3665 ausim
590 3602 708 3665 omnia
732 3602 908 3676 scribere;
942 3604 1055 3665 solum
1079 3603 1241 3685 supplico
1267 3601 1338 3665 Sua
1362 3601 1500 3666 Santitd
1524 3603 1591 3664 che

309 3713 449 3774 almeno
485 3709 533 3772 fin
565 3711 631 3773 che
664 3719 856 3773 assettamo
888 3721 1014 3791 questa
1038 3731 1121 3773 cosa
1146 3709 1181 3771 di
1204 3708 1359 3772 Martino
1383 3729 1421 3772 se
1445 3709 1591 3772 trattino
1680 3709 1681 3739 ³

308 3822 342 3882 le
367 3839 449 3881 cose
475 3816 510 3879 di
534 3816 633 3881 costa
657 3837 725 3879 con
749 3818 887 3898 grande
911 3827 1071 3899 respetto
1096 3816 1129 3878 di
1155 3837 1225 3879 non
1248 3816 1387 3878 irritare
1412 3828 1592 3899 questore,

310 3927 442 3990 Cesare
467 3924 547 3987 dico
572 3933 608 3987 et
630 3924 656 3986 li
680 3924 757 3987 suoi
782 3934 817 3987 et
841 3945 973 3987 ancora
997 3926 1031 3985 la
1049 3925 1169 3986 nation
1186 3922 1409 3988 Germanica.
1442 3925 1480 3986 Io
1498 3926 1593 3986 vedo

308 4036 345 4097 la
376 4053 462 4096 cosa
491 4031 528 4094 di
551 4031 706 4094 Martino
739 4041 794 4094 tra
817 4029 933 4113 questi
957 4030 1115 4112 Principi
1149 4041 1183 4093 et
1208 4017 1330 4112 popuii
1354 4033 1420 4094 che
1444 4051 1531 4093 sono
1557 4031 1592 4092 in

310 4142 346 4203 la
370 4141 467 4204 dieta
491 4158 588 4201 esser
611 4139 720 4200 molto
745 4158 900 4200 remessa
924 4137 995 4219 piu,
1021 4147 1056 4199 et
1079 4146 1177 4200 certo
1195 4139 1412 4221 comprendo
1430 4138 1478 4220 (id
1496 4139 1593 4220 quod
1679 4143 1680 4197 ἒ

310 4246 411 4310 multi
434 4244 519 4308 mihi
543 4244 721 4326 dixerunt)
749 4245 874 4308 chela
899 4244 1174 4308 demostratione
1200 4247 1281 4326 quai
1305 4245 1339 4306 io
1364 4244 1433 4308 feci
1458 4247 1532 4308 loro
1560 4247 1593 4308 el

311 4355 348 4419 di
379 4354 415 4416 di
440 4352 577 4415 Cenere
608 4352 655 4414 ha
678 4354 787 4414 molto
812 4351 959 4432 giovato
985 4353 1091 4433 (quod
1116 4353 1176 4414 vix
1200 4351 1440 4433 credidissem)
1465 4361 1501 4415 et
1522 4353 1593 4414 hoc

311 4459 477 4544 provenit
507 4458 640 4542 perche
672 4460 787 4542 questi
811 4459 922 4522 nobili
947 4469 982 4522 et
1005 4460 1158 4541 principi
1181 4461 1343 4522 haveano
1368 4460 1480 4522 solum
1505 4461 1594 4520 letto

312 4571 345 4632 le
376 4566 624 4631 maledicentia
658 4566 695 4629 di
718 4567 852 4629 Luther
884 4575 1009 4630 contra
1039 4569 1072 4630 el
1097 4568 1197 4648 Papa
1229 4578 1264 4629 et
1294 4567 1389 4629 clero
1413 4575 1449 4629 et
1473 4587 1544 4628 non
1571 4566 1595 4627 li
1678 4603 1679 4655 3

312 4675 393 4739 libri
425 4676 479 4738 de'
505 4672 726 4738 Sacramenti
758 4683 795 4738 et
827 4676 920 4736 dove
951 4673 998 4737 lui
1029 4676 1191 4756 approba
1221 4673 1303 4735 tutti
1333 4673 1357 4735 li
1386 4671 1521 4736 articuli
1549 4675 1595 4736 de

313 4782 441 4864 Joanni
471 4783 586 4856 Huss;
618 4781 644 4844 il
674 4783 740 4844 che
763 4791 953 4864 postquam
977 4781 1117 4844 ostendi
1141 4781 1176 4844 in
1200 4780 1487 4862 frequentissimo
1510 4799 1594 4842 con-

313 4902 433 4971 ventu,
458 4889 641 4972 productis
666 4889 768 4953 etiam
795 4888 905 4970 ipsius
929 4889 1039 4970 libris,
1064 4889 1172 4972 molti,
1197 4889 1265 4952 imo
1290 4887 1479 4951 assaissimi
1498 4886 1594 4968 prin-
