3425 5700
814 549 873 606 tr<il
910 547 964 606 420
1002 546 1060 604 e*

299 702 510 769 clarissimos
540 719 709 783 proceres
731 696 865 761 factum
898 695 965 760 fuit
988 716 1066 758 cum
1091 693 1179 758 Cir¹¹⁰
1213 705 1272 757 tua
1296 694 1503 773 convenire,
1534 706 1567 760 ut

299 821 394 876 esset
417 808 570 874 omnium
595 804 817 868 incolumitas
841 802 1017 866 communi
1040 803 1152 866 tutela
1176 811 1211 864 et
1235 800 1441 866 defensione
1458 803 1565 866 tutior.

298 920 389 998 Nos,
413 916 442 979 si
466 910 735 994 circumspectio
758 919 820 973 tua
843 931 918 974 rem
941 912 1035 972 bene
1059 907 1252 991 cogitatam
1277 918 1313 972 et
1335 918 1473 990 ceptam
1496 912 1567 972 insi·

298 1038 393 1090 stete
416 1035 523 1104 atque
547 1019 678 1100 exequi
701 1015 1007 1099 perseveraverit,
1032 1036 1104 1079 non
1119 1036 1238 1080 sumus
1261 1015 1312 1078 illi
1328 1035 1443 1097 neque
1458 1027 1566 1079 aucto

298 1131 413 1196 ritatis
435 1137 578 1192 nostrae
601 1124 768 1203 brachio,
793 1143 910 1206 neque
934 1122 1097 1186 omnibus
1121 1121 1263 1185 auxiliis
1287 1141 1379 1204 quae
1402 1122 1567 1204 praestari

300 1263 320 1303 a
350 1237 454 1302 nobis
477 1243 646 1316 poterunt
677 1230 848 1304 defuturi:
885 1230 992 1311 idque
1017 1229 1081 1293 tibi
1105 1230 1313 1311 pollicemur
1344 1249 1386 1291 ac
1410 1227 1513 1292 etiam
1535 1239 1569 1291 ut

299 1363 509 1429 perseveres
533 1351 569 1404 et
591 1357 724 1421 pergas
746 1338 971 1419 iniungimus.
1008 1336 1087 1418 Qua
1110 1336 1216 1399 etiam
1241 1337 1285 1399 de
1301 1355 1350 1415 re,
1374 1337 1420 1398 ad
1437 1347 1569 1399 nostros

298 1455 333 1517 in
358 1449 533 1533 Hispania
555 1445 713 1510 Nuncios
736 1445 939 1526 scripsimus
969 1454 1008 1506 ut
1038 1441 1134 1526 apud
1158 1441 1428 1506 Serenissimum
1452 1441 1568 1506 Caesa·

298 1581 373 1623 rem
397 1577 536 1620 omnem
559 1572 705 1635 operam
730 1572 801 1633 quo
824 1551 936 1634 ipsius
958 1551 1188 1632 tibiquoque
1213 1549 1345 1612 auxilio
1369 1549 1461 1613 adsit
1484 1571 1568 1612 sere·

299 1667 392 1730 nitas
415 1662 610 1728 adhibeant
633 1670 668 1722 et
690 1659 930 1740 interponant,
955 1658 1044 1721 sicut
1069 1659 1114 1720 de
1137 1657 1192 1720 his
1216 1666 1332 1720 tecum
1353 1657 1570 1738 supradictus

297 1771 497 1837 Cardinalis
507 1769 666 1848 Legatus
680 1774 801 1829 noster
815 1765 920 1828 latius
934 1775 1029 1847 aget,
1044 1764 1142 1846 cujus
1155 1763 1282 1827 litteris
1297 1763 1403 1826 fidem
1417 1764 1570 1831 habebis.

385 1898 517 1959 Datum
538 1893 679 1955 Romae
703 1889 760 1952 die
777 1888 846 1952 VII
862 1889 1048 1952 Februarii
1062 1887 1254 1952 MDXXV
1276 1889 1382 1951 Anno
1407 1891 1569 1951 secundo.

853 2086 872 2094 Α
877 2085 1039 2096 vammum-em·-

902 2315 975 2380 190.

551 2410 710 2516 nemeis
736 2433 816 2512 vn
844 2431 1073 2532 ancipitis
1101 2429 1329 2513 romanon.

607 2578 903 2652 (surrentinum
922 2577 959 2636 ad
977 2579 1125 2653 Principes.
1144 2579 1189 2638 fol.
1208 2579 1260 2650 52.)

786 2690 821 2752 (7.
841 2690 979 2738 Februarii
1001 2686 1088 2758 1525.)

385 2834 515 2900 Dilecti
538 2832 602 2896 filii
626 2842 692 2895 etc.
739 2830 813 2893 Etsi
844 2852 963 2894 sumus
994 2831 1081 2894 certi
1106 2831 1319 2895 Nobilitates
1342 2842 1481 2896 vestras
1504 2853 1574 2896 non

298 2948 411 3007 latere
441 2952 609 3024 quantam
633 2940 770 3001 cladem
793 2958 835 2999 ac
866 2938 1058 3020 perniciem
1090 2938 1217 3001 afferat
1244 2938 1303 3003 isti
1335 2940 1575 3003 nobilissimae

297 3051 451 3114 omnium
474 3046 733 3130 provinciarum
760 3044 974 3107 Germaniae
995 3043 1141 3108 Lutheri
1166 3045 1274 3127 impia
1299 3055 1334 3108 et
1358 3046 1575 3109 abominabi-

297 3159 341 3220 lis
363 3156 485 3234 facti0,
509 3174 600 3235 quae
625 3164 660 3213 et
683 3151 788 3213 fidem
813 3154 1015 3233 cultumque
1040 3150 1174 3214 Summi
1191 3152 1259 3214 Dei
1281 3172 1378 3215 more
1399 3163 1577 3235 perpetuo

296 3274 350 3327 tot
374 3263 596 3325 saeculorum
621 3257 793 3321 adscitum
818 3267 854 3319 et
878 3262 1165 3340 comprobatum,
1197 3269 1233 3322 et
1257 3280 1396 3323 omnem
1419 3270 1576 3342 potesta·

297 3384 378 3449 tem,
403 3367 637 3449 disciplinam,
661 3365 892 3445 ordinemque
917 3364 1114 3445 confundit,
1138 3366 1244 3447 idque
1258 3366 1409 3445 molitur,
1432 3377 1472 3429 ut
1487 3366 1576 3450 legi·

297 3481 364 3540 bus
388 3476 614 3555 moribusque
638 3471 865 3553 perturbatis
890 3481 926 3533 et
950 3492 1083 3535 summa
1107 3472 1185 3534 imis
1200 3473 1422 3551 misceantur,
1443 3480 1484 3535 'et
1505 3473 1579 3536 ima

297 3583 440 3648 summis
464 3580 696 3643 dominentur.
744 3579 877 3640 Tamen
902 3578 1014 3641 visum
1040 3589 1095 3641 est
1118 3578 1220 3642 nobis
1239 3580 1284 3641 de
1299 3580 1429 3641 virtute
1454 3591 1578 3643 vestra
1690 3626 1691 3661 ,

297 3692 430 3773 optime
453 3686 692 3752 iudicantibus
715 3705 780 3766 per
810 3686 876 3747 has
908 3696 1046 3748 nostras
1075 3685 1210 3749 litteras
1243 3706 1312 3748 non
1341 3697 1413 3749 tam
1443 3688 1579 3751 docere
1690 3664 1691 3697 ³

298 3818 362 3861 vos
387 3817 490 3879 quam
516 3796 718 3871 admonere,
743 3803 781 3852 ut
804 3812 870 3873 per
892 3794 1062 3855 honorem
1092 3792 1184 3855 illius
1208 3791 1471 3874 Omnipotentis
1496 3796 1579 3871 Dei,

297 3907 358 3989 qui
383 3904 484 3967 vobis
508 3912 630 3964 tantae
665 3899 849 3980 dignitatis
892 3911 927 3963 et
956 3900 1009 3961 sui
1034 3900 1246 3980 cognitionis
1270 3900 1422 3963 donator
1445 3900 1580 3982 extitit,

297 4033 432 4096 perque
457 4030 535 4072 eam
564 4007 686 4085 fidem,
722 4026 792 4086 qua
821 4005 873 4068 illi
902 4007 1037 4069 servire
1071 4018 1105 4070 et
1136 4008 1285 4071 obedire
1316 4008 1451 4070 astricti
1479 4010 1581 4089 estiS,

296 4119 414 4181 velitis
444 4115 573 4178 vestris
603 4112 775 4175 similibus
802 4113 909 4175 claris
939 4112 1113 4194 bonisque
1147 4114 1366 4196 principibus
1390 4115 1580 4179 vobiscum

295 4223 470 4287 adiunctis
494 4242 598 4304 opem
624 4241 689 4301 pro
713 4230 833 4282 vestra
857 4231 959 4302 parte
984 4220 1088 4301 ferre,
1113 4232 1150 4283 ut
1174 4242 1196 4284 a
1219 4221 1345 4304 patria,
1369 4230 1405 4283 et
1429 4222 1581 4286 natione

296 4341 430 4409 vestra,
461 4329 496 4391 in
521 4348 593 4409 qua
615 4345 756 4408 semper
779 4346 866 4407 prae
891 4328 1042 4389 coeteris
1066 4327 1266 4391 Christiana
1289 4328 1417 4410 religio
1440 4328 1581 4411 floruit,

296 4438 377 4501 talis
399 4435 528 4518 pestis,
559 4445 595 4498 et
619 4432 801 4497 calamitas
824 4433 1017 4515 aliquando
1042 4435 1307 4513 exterminetur,
1331 4454 1373 4497 ac
1396 4444 1449 4497 tot
1472 4456 1582 4518 pere·

296 4544 432 4607 untium
456 4542 650 4604 animarum
674 4541 799 4620 saluti,
829 4552 865 4602 et
889 4542 1023 4622 legum,
1046 4543 1220 4605 bonorum
1245 4561 1392 4621 morum,
1417 4544 1583 4626 superio·

295 4672 372 4715 rum
394 4659 610 4731 potestatum
641 4667 733 4728 quae
756 4666 822 4728 per
851 4648 945 4709 hanc
968 4649 1207 4711 turbulentam
1236 4649 1390 4712 heresim
1422 4650 1457 4712 in
1482 4652 1583 4733 peri·

295 4760 411 4821 culum
434 4756 611 4818 adductae
635 4764 733 4834 sunt,
765 4754 998 4816 incolumitati
1021 4756 1247 4836 consulatur,
1271 4776 1350 4819 cum
1374 4755 1480 4820 facile
1508 4758 1584 4823 iam

295 4864 459 4929 omnibus
486 4872 676 4945 appareat,
710 4860 777 4923 nisi
812 4880 960 4943 presens
994 4862 1189 4926 remedium
1224 4862 1331 4925 fuerit
1366 4864 1587 4949 adhibitum,
