3425 5700
778 539 1024 598 essese*

261 693 340 754 dem
366 689 452 753 nihil
478 690 642 753 videbam
667 699 817 772 propter
849 690 944 771 quod
976 689 1107 751 Vestra
1140 687 1331 752 Beatitudo
1367 685 1538 749 contineri

262 807 427 879 possete
451 798 622 861 mittendo
647 800 787 880 legato,
820 818 923 879 quam
958 796 984 859 si
1019 795 1180 879 preteriti
1210 794 1379 877 temporis
1403 795 1540 857 ratione

260 915 480 977 moveretur;
506 905 639 986 quippe
665 905 759 986 quod
784 905 877 969 forte
894 905 1070 987 cogitaret
1084 903 1267 984 antiquum
1284 901 1540 965 Germanorum

261 1032 393 1074 morem
418 1012 615 1073 obsoletum
642 1032 720 1075 esse
744 1032 851 1094 quum
876 1022 983 1074 antea
1006 1009 1273 1074 consuevissent
1297 1003 1428 1072 Sedem
1445 1010 1539 1090 Apo·

263 1119 424 1182 stolicam
449 1118 605 1181 revereri
631 1128 666 1181 et
691 1139 849 1201 quosque
874 1139 957 1181 suos
981 1120 1188 1190 observare;
1223 1117 1293 1179 iam
1328 1125 1444 1178 autem
1462 1135 1540 1177 con-

261 1236 419 1287 temnere
443 1235 478 1287 et
504 1246 565 1287 eos
590 1225 742 1288 ludibrio
767 1227 902 1288 habere
926 1234 964 1288 ut
988 1225 1017 1287 si
1041 1225 1119 1306 quis
1142 1224 1298 1286 maxima
1327 1222 1433 1285 etiam
1469 1223 1540 1305 pol·

262 1333 333 1393 leat
361 1332 551 1413 prudentia
587 1341 622 1394 et
659 1331 854 1414 gravitate,
890 1332 951 1394 vix
982 1340 1102 1394 tamen
1133 1330 1270 1413 sperari
1300 1330 1414 1412 possit
1446 1332 1541 1411 quod

263 1436 397 1519 aliquid
428 1437 603 1518 proficere
633 1448 755 1519 queat;
793 1439 839 1499 ob
876 1439 942 1499 hoc
981 1437 1099 1499 studui
1135 1440 1318 1501 declarare
1354 1457 1425 1498 non
1461 1437 1542 1499 ideo

263 1544 377 1607 minus
402 1565 474 1607 rem
501 1545 617 1607 denuo
635 1560 720 1608 'esse
743 1547 950 1608 tentandam
975 1565 1020 1607 ex
1046 1545 1212 1626 Apostoli
1232 1546 1446 1606 documento
1473 1564 1542 1625 quo

262 1661 382 1714 monet
406 1672 470 1715 nos
495 1664 533 1715 ut
561 1652 692 1735 iugiter
726 1653 912 1732 instemus,
941 1653 1182 1734 increpemuS,
1218 1671 1405 1733 operemur
1436 1661 1472 1714 et
1506 1650 1541 1711 in

263 1758 357 1820 omni
374 1760 469 1821 bono
487 1780 596 1843 opere
614 1758 857 1840 invigilemus:
884 1761 946 1822 sed
963 1780 1102 1840 vereor,
1121 1760 1190 1821 Β’119
1206 1759 1248 1820 ΡΓ
1273 1780 1318 1821 ne
1335 1757 1411 1821 lieri
1430 1757 1541 1839 possit

265 1868 396 1947 (preter
421 1875 538 1929 tamen
572 1866 791 1948 propositum
829 1876 866 1929 et
894 1866 1096 1948 opinionem
1128 1868 1253 1945 meam)
1284 1867 1380 1948 quod
1413 1864 1541 1947 aliquis

264 1972 455 2035 arbitretur
487 1994 541 2035 me
569 1984 694 2036 taxare
719 1974 875 2037 voluisse
909 1974 1057 2036 consilia
1088 1984 1123 2036 et
1156 1973 1314 2045 actiones
1346 1974 1542 2055 ..liquorum

267 2078 325 2159 qui
350 2081 500 2141 antehac
526 2081 682 2161 legatum
707 2093 858 2161 egerunt
890 2080 927 2142 in
951 2080 1157 2157 Germania,
1189 2081 1289 2162 quasi
1319 2081 1433 2143 minus
1463 2100 1541 2163 pru·

264 2184 391 2247 denter
422 2206 479 2247 res
508 2186 595 2248 istas
618 2176 795 2249 ¹tractare
831 2186 1018 2267 sciverint,
1050 2208 1155 2269 quum
1187 2200 1304 2251 tamen
1336 2188 1468 2251 nemini
1499 2186 1544 2249 sit

264 2295 451 2355 obscurum
484 2306 518 2357 et
552 2294 634 2356 mihi
666 2292 836 2373 maxime,
874 2296 999 2357 horum
1037 2314 1169 2376 magna
1206 2316 1251 2357 ex
1289 2304 1391 2376 parte
1422 2292 1544 2373 inscio,

264 2400 436 2481 precipue
461 2402 505 2462 de
530 2402 653 2463 ultimo
678 2402 753 2465 R¹¹¹⁰
777 2403 899 2483 legato
935 2422 1016 2483 suo,
1053 2423 1158 2483 quam
1195 2402 1403 2485 diligenter,
1439 2421 1544 2483 quam

266 2506 404 2589 placide
430 2528 534 2588 quam
559 2508 738 2571 indefesse
763 2519 798 2570 et
822 2508 1175 2591 circumspectissime
1200 2510 1318 2572 omnia
1341 2530 1406 2590 per
1430 2510 1545 2589 ipsum

265 2625 416 2676 tractata
440 2615 582 2693 fuerint,
608 2625 645 2678 ut
670 2625 838 2697 quantum
862 2617 909 2678 ad
923 2616 1039 2698 ipsum
1064 2616 1200 2695 attinet,
1218 2615 1303 2679 nihil
1318 2614 1426 2678 fuerit
1449 2615 1545 2697 quod

265 2720 379 2801 magis
404 2721 598 2783 desiderari
622 2722 812 2804 potuisset;
840 2742 956 2803 neque
981 2741 1049 2804 ego
1075 2726 1166 2785 adeo
1190 2724 1401 2785 inhumanus
1426 2739 1462 2784 et
1486 2723 1544 2783 im-

264 2828 343 2910 pius
368 2848 480 2891 essem
504 2828 563 2910 qui
588 2829 633 2891 de
658 2827 764 2893 tantis
788 2828 873 2892 viris
897 2829 1042 2911 obloqui
1062 2831 1239 2912 auderem,
1256 2829 1427 2913 precipue
1450 2830 1547 2912 quod

265 2935 301 2997 id
326 2935 370 2998 sit
394 2957 416 2999 a
439 2937 525 3000 meis
550 2936 707 3008 moribus
732 2936 882 2998 alienum
908 2947 945 2999 et
968 2939 1060 3000 male
1085 2937 1164 3020 quis
1188 2937 1333 3019 obloqui
1350 2938 1463 3020 possit
1486 2935 1547 2999 ubi

268 3041 355 3105 nihil
378 3043 465 3106 vitio
489 3043 597 3106 tribui
621 3052 749 3125 potest.
810 3043 891 3105 Non
925 3042 991 3105 fuit
1023 3043 1091 3107 iste
1127 3043 1263 3107 animus
1300 3065 1366 3106 nec
1396 3043 1547 3106 intentio

266 3169 345 3211 mea
369 3170 528 3230 prorsus;
565 3170 693 3232 nempe
724 3151 790 3212 hec
827 3150 910 3230 quia
941 3150 1114 3213 inscitiam
1139 3149 1397 3214 Germanorum
1421 3159 1547 3212 taxare

270 3255 365 3318 volui
390 3255 450 3337 qui
475 3277 564 3337 quos
587 3254 751 3322 venerari
777 3264 813 3318 et
837 3259 1030 3320 observare
1056 3257 1238 3338 deberent,
1264 3277 1325 3319 eos
1340 3257 1410 3319 iam
1434 3255 1548 3318 minus

266 3362 416 3425 honeste
441 3363 638 3444 suscipiunt
661 3374 697 3426 et
720 3367 828 3446 longe
853 3364 956 3427 aliter
980 3373 1134 3428 tractant
1158 3384 1263 3445 quam
1288 3384 1326 3426 se
1359 3363 1456 3444 ipsos
1489 3363 1547 3425 de·

269 3480 383 3550 ceret,
416 3479 453 3532 ut
486 3469 604 3551 potius
637 3471 816 3534 contemni
847 3481 884 3534 et
919 3471 1072 3534 ludibrio
1108 3491 1188 3534 esse
1220 3471 1408 3532 videantur
1443 3491 1550 3552 quam

270 3577 365 3656 quod
390 3577 625 3639 observentur
649 3588 685 3640 et
708 3577 865 3660 ipsorum
889 3579 1045 3641 consiliis
1070 3588 1105 3640 et
1129 3576 1290 3640 doctrine
1315 3597 1401 3639 sane
1425 3596 1549 3638 eorun-

270 3683 349 3745 dem
375 3683 617 3761 adherendum
643 3705 721 3748 esse
754 3695 895 3768 putent;
928 3688 975 3747 ob
1006 3687 1073 3747 hoc
1105 3685 1198 3748 enim
1231 3705 1336 3766 quum
1368 3683 1465 3746 missi
1496 3683 1550 3746 sui

270 3793 366 3871 apud
390 3787 588 3853 Germanos
612 3793 680 3854 hoc
704 3790 824 3873 iniquo
848 3803 1010 3874 tempore
1035 3793 1071 3853 in
1095 3792 1213 3872 aliqua
1236 3790 1459 3873 reputatione
1480 3810 1549 3852 non

270 3896 456 3977 habentur,
481 3895 516 3958 in
542 3918 611 3979 qua
635 3919 699 3961 nec
724 3910 840 3963 vestra
861 3899 1062 3962 Beatitudo·
1077 3899 1107 3961 si
1131 3899 1320 3961 interesset
1343 3897 1395 3984 (ut
1411 3900 1551 3978 vereor)

269 4004 472 4082 haberetur,
498 4005 784 4086 subdubitabam,
810 4027 853 4069 ne
878 4006 987 4069 ilhinc
1012 4005 1194 4068 consilium
1218 4003 1323 4067 iniret
1346 4004 1458 4086 legati
1481 4026 1549 4067 arn-

273 4109 364 4191 plius
389 4130 458 4172 non
485 4111 702 4188 destinandi,
733 4114 1000 4196 propterquod
1029 4114 1141 4175 solum
1175 4111 1263 4174 illud
1294 4113 1442 4174 verbum
1472 4132 1550 4193 pro-

271 4214 344 4294 tuli,
370 4236 439 4278 non
470 4218 575 4279 etiam
608 4220 702 4300 quod
728 4218 892 4300 dignitati
923 4219 1117 4301 cuiuspiam
1149 4219 1337 4282 detrahere
1370 4219 1552 4298 voluerim,

271 4321 331 4384 ubi
357 4323 468 4404 magis
498 4327 737 4388 commendari
766 4337 943 4389 merentur
973 4347 1078 4408 quam
1107 4325 1270 4391 incusari.
1317 4324 1436 4406 Quare
1467 4325 1552 4387 Vre.

273 4431 309 4492 B.
327 4431 597 4512 supplicandum
612 4433 735 4514 putavi
759 4446 798 4495 ut
821 4436 971 4496 verbum
986 4453 1101 4496 meum
1121 4433 1247 4495 eodem
1271 4452 1377 4495 sensu
1400 4431 1553 4514 accipiat

273 4537 488 4619 expositioni
513 4550 548 4602 et
572 4540 860 4623 interpretationi
883 4561 961 4603 mee
978 4539 1163 4621 conformi,
1187 4558 1259 4601 non
1279 4538 1384 4602 etiam
1407 4539 1469 4601 illo
1493 4539 1552 4620 qui

274 4645 382 4707 menti
400 4667 476 4709 mee
492 4647 634 4728 penitus
651 4651 871 4727 adversetur,
897 4647 1051 4728 alioquin
1075 4646 1177 4709 fieret
1193 4648 1288 4728 quod
1308 4666 1377 4727 ego
1401 4645 1447 4708 de
1469 4644 1553 4708 hinc

274 4772 415 4815 manum
440 4753 658 4818 continerem
682 4776 704 4818 a
727 4755 853 4818 litteris
878 4754 1085 4835 scribendis,
1110 4752 1139 4816 si
1155 4752 1259 4815 aliter
1279 4754 1390 4814 verba
1413 4753 1554 4834 prolata

274 4879 352 4922 esse
383 4859 667 4944 intelligerentur
700 4883 805 4944 quam
829 4881 898 4944 ego
933 4861 994 4924 illa
1017 4858 1179 4941 proferre
1195 4859 1406 4932 voluissem
1438 4858 1502 4921 sed
1517 4869 1554 4922 et
