3425 5700
640 589 888 651 obtuto-2

723 884 798 951 238.

400 1000 551 1081 lukius:
580 999 733 1080 Fructus
762 1000 938 1103 germinis
964 1002 1121 1084 lutheri.

122 1148 236 1217 (Pontif.
261 1148 426 1221 mperatum
445 1148 525 1205 bobii
544 1148 597 1205 eto.
624 1148 766 1220 epistolae.
786 1180 819 1189 -
844 1149 928 1207 Aroh.
945 1150 1032 1209 ratio.
1058 1149 1292 1209 Asnaum
1312 1149 1372 1209 Vol.
1390 1150 1405 1207 1

636 1236 682 1294 iol
701 1236 751 1295 2³³
771 1236 801 1294 et
818 1238 887 1311 req.)

212 1364 321 1428 Anno
345 1364 488 1427 Domini
511 1364 721 1427 MDXXIV
738 1375 970 1429 surrexerunt
985 1366 1107 1429 rustici
1134 1365 1266 1428 subditi
1299 1366 1402 1427 comi·

125 1470 167 1533 tis
195 1472 241 1534 de
276 1469 422 1552 Hupfen
454 1470 549 1534 circa
577 1472 648 1532 duo
673 1471 807 1553 oppida
836 1472 912 1534 eius
935 1470 1137 1556 Stielingen
1161 1484 1197 1536 et
1228 1473 1400 1553 Tumgen,

124 1580 211 1641 adeo
227 1591 266 1640 ut
281 1588 642 1641 castramentarentur
657 1588 793 1641 armata
807 1600 913 1642 manu
930 1581 1025 1643 circa
1041 1601 1164 1643 nemus
1179 1580 1399 1654 Hercinium;

124 1687 265 1747 tandem
284 1693 366 1766 post
379 1685 500 1766 plures
515 1693 708 1747 attentatas
732 1686 942 1749 concordias
966 1689 1060 1769 (nam
1073 1686 1402 1750 Schaiibusensium

125 1792 348 1854 concordiam
371 1790 502 1854 factam
527 1801 562 1853 et
587 1800 811 1873 acceptatam
827 1793 949 1855 rustici
966 1794 1297 1876 denuofregerunt)
1323 1814 1401 1856 cum

123 1898 273 1980 plurium
297 1898 468 1962 nobilium
492 1897 624 1961 subditi
649 1909 685 1960 et
708 1898 953 1963 Praelatorum
976 1921 1015 1963 se
1038 1901 1179 1964 rusticis
1203 1900 1400 1963 coniunxis-

124 2016 216 2087 sent,
247 2004 399 2069 collecto
429 2024 560 2086 magno
593 2004 752 2086 equitatu
783 2006 906 2069 rustici
937 2027 1071 2089 aequas
1099 2008 1322 2071 conditiones
1345 2027 1400 2069 ac-

124 2131 249 2192 cepere
274 2113 374 2194 pacis
399 2122 434 2175 et
458 2112 508 2175 sic
532 2132 590 2175 res
613 2111 680 2174 fuit
704 2114 838 2177 sedata

208 2219 317 2282 Anno
341 2219 412 2282 Dni
427 2218 647 2283 MDXXV
638 2238 673 2281 m
693 2218 772 2299 ipso
788 2218 957 2299 Januario
981 2220 1113 2284 subditi
1136 2222 1278 2285 abbatis
1303 2221 1400 2284 Cam·

122 2325 325 2406 pidunensis
348 2326 496 2389 similem
520 2327 700 2407 querelam
723 2339 928 2409 moverunt,
958 2329 1053 2391 unde
1084 2328 1181 2391 missi
1205 2350 1226 2391 a
1250 2328 1397 2392 foedere

124 2430 317 2497 Svevorum
343 2434 401 2515 qui
426 2453 569 2497 causam
592 2432 776 2514 audirent,
801 2454 879 2496 eam
903 2435 1080 2516 reliquere
1103 2435 1358 2517 imperfectam.

209 2540 316 2603 Unde
341 2560 423 2603 mox
447 2540 569 2603 rustici
600 2539 707 2603 vicini
737 2540 773 2602 in
805 2541 938 2623 Algoia
969 2541 1130 2623 episcopi
1162 2542 1401 2624 Augustensis

125 2648 227 2709 etiam
251 2649 485 2728 rebellarunt,
518 2647 578 2730 qui
606 2648 782 2710 nollentes
818 2668 928 2730 agere
951 2667 1031 2710 cum
1055 2649 1174 2731 aliquo
1198 2648 1400 2712 consiliario

122 2754 300 2833 petierunt
323 2754 516 2816 adventurn
539 2752 708 2835 Episcopi
732 2754 767 2817 in
791 2756 938 2835 propria
962 2775 1129 2837 persona,
1165 2756 1225 2838 qui
1259 2757 1305 2819 ad
1339 2776 1401 2820 eos

124 2861 275 2924 venitin
301 2860 523 2925 Oberndorff
543 2871 579 2922 et
602 2858 741 2942 Steten,
767 2863 830 2925 sed
854 2884 895 2926 re
917 2863 1051 2926 infecta
1074 2872 1219 2927 coactus
1242 2864 1309 2927 fuit
1333 2864 1399 2926 dis-

123 2971 247 3031 cedere
271 2969 308 3032 in
331 2969 538 3034 Februario.

209 3074 322 3139 Sexta
344 3075 530 3140 Februarii
552 3075 694 3164 collecti
718 3088 800 3139 sunt
830 3076 952 3139 rustici
980 3077 1105 3140 armati
1128 3098 1237 3159 supra
1260 3077 1400 3141 Ulmam

124 3182 258 3246 duobus
293 3183 490 3246 miliaribus
514 3184 549 3246 in
581 3183 800 3266 Baleringen
835 3193 870 3247 et
899 3183 1147 3265 Schimelberg
1178 3185 1224 3246 ad
1252 3196 1401 3266 quatuor

123 3288 281 3370 millium,
316 3290 492 3354 neminem
523 3301 640 3354 tamen
671 3291 898 3354 offenderunt
928 3291 992 3353 sed
1020 3301 1137 3354 certos
1161 3303 1401 3373 conceperunt

124 3397 287 3460 articulos
317 3417 384 3478 pro
409 3397 607 3479 Evangelio
632 3408 813 3462 eteorum
838 3399 1004 3461 libertate
1028 3411 1152 3461 contra
1175 3395 1400 3479 Sacerdotes,

125 3502 308 3567 Praelatos
332 3515 367 3566 et
391 3505 530 3568 nobiles
554 3525 632 3569 cum
656 3505 784 3586 quibus
808 3525 916 3587 saepe
940 3506 1014 3587 liga
1038 3503 1170 3567 frustra
1193 3504 1277 3585 agit.

210 3610 342 3692 Quinta
358 3610 478 3674 Martii
501 3613 720 3674 rebellarunt
743 3612 865 3674 rustici
888 3612 923 3674 in
946 3613 1166 3675 Keisthnaro
1189 3612 1399 3694 Mindeltab,

125 3715 249 3800 llertal,
275 3717 534 3798 Chamlachtal,
559 3717 717 3800 Ginztal,
741 3719 882 3800 Rottal,
906 3719 942 3781 in
965 3719 1213 3782 Marcbionatu
1236 3719 1400 3802 Burgaro

125 3824 216 3888 circa
238 3828 353 3889 lacum
378 3826 473 3889 circa
496 3824 672 3906 Waltser,
705 3838 740 3889 et
763 3826 964 3888 Wuntzacb
992 3827 1083 3889 adeo
1108 3826 1203 3909 quod
1226 3825 1262 3888 in
1286 3827 1399 3889 tribus

123 3932 324 4014 septimanis
348 3933 416 3996 orti
440 3933 584 3995 fuerunt
608 3943 688 3995 octo
713 3934 816 3996 cunei
840 3933 1070 3996 Rusticorum
1096 3942 1131 3996 et
1161 3935 1327 4016 potenter
1362 3934 1397 3996 in

125 4035 246 4103 Suevis
271 4061 317 4102 ex
344 4039 510 4122 opposito
534 4038 710 4102 Bavariae
738 4059 852 4122 prope
884 4039 1093 4121 Schengaro
1123 4052 1163 4102 ut
1191 4042 1302 4105 duces
1329 4042 1396 4105 Ba·

122 4145 238 4210 variae
261 4146 437 4228 timerent,
462 4166 506 4208 ne
531 4146 766 4226 irrumperent
782 4145 816 4208 in
842 4147 1008 4208 ducatum
1033 4167 1153 4210 eorum
1168 4158 1204 4210 et
1218 4148 1398 4231 praesidia

123 4251 371 4335 imposuerunt.

210 4358 448 4424 Obtinuerunt
472 4362 580 4424 multa
604 4359 738 4442 oppida
771 4359 958 4440 Luikirch,
983 4361 1154 4442 Vangen,
1186 4361 1395 4441 Markdorff,

122 4463 320 4551 Morspurg,
345 4467 536 4548 Waltsere,
561 4467 765 4546 Wurtzacb,
790 4466 975 4549 Leiphein,
1000 4466 1200 4551 Gintzburg
1224 4479 1289 4535 etc.

208 4573 340 4656 Quarta
364 4574 508 4659 Aprilis.
555 4575 742 4638 Exercitus
766 4573 862 4655 ligae
886 4574 1011 4656 fugato
1035 4573 1393 4657 Wirtembergiorum

122 4679 251 4745 Ducem
275 4681 483 4764 supervenit
507 4691 541 4744 et
566 4680 698 4746 VIIIm.
722 4681 932 4743 rusticorum
956 4701 1002 4744 ex
1025 4692 1175 4764 utraque
1198 4693 1300 4764 parte
1324 4683 1392 4746 Da-

123 4787 216 4849 nubii
238 4809 351 4871 prope
375 4788 561 4872 Leiphaim
586 4787 796 4851 constitutos
819 4786 950 4850 invasit
980 4797 1017 4850 et
1043 4789 1090 4850 ad
1114 4789 1182 4852 tria
1204 4789 1315 4854 millia
1336 4812 1391 4854 oc·

122 4895 213 4976 cidit,
231 4893 451 4980 'septingenti
475 4906 536 4959 aut
559 4897 679 4979 plures
703 4895 877 4958 submersi
900 4906 1000 4978 sunt,
1023 4896 1164 4978 plurimi
1184 4896 1291 4983 capti,
1315 4899 1392 4962 Ple-
