3425 5700
679 601 738 655 NJ
779 602 829 657 115
870 599 928 653 &⁴³

171 744 259 807 detto
285 745 332 807 da
355 746 453 808 molti
478 747 512 808 dl
537 745 573 808 in
597 766 667 829 qua
691 749 758 810 che
779 756 906 829 questa
920 766 1006 807 cosa
1021 744 1038 807 ὲ
1056 743 1159 806 facile
1176 764 1197 805 a
1213 741 1444 823 extinguersi,

170 872 221 914 ma
242 852 308 914 che
331 872 397 933 per
420 854 531 916 havet
554 852 706 935 meglior
729 854 942 917 executione
965 862 999 915 et
1015 848 1222 915 obedientia'
1235 852 1445 929 besognava

169 958 271 1020 hever
296 961 329 1021 el
353 960 537 1043 conseglio
562 969 598 1023 et
621 981 766 1024 assenso
792 961 827 1023 di
848 958 1007 1042 Principi
1032 959 1068 1039 (il
1092 960 1156 1021 che
1182 960 1251 1020 ben
1269 956 1287 1019 ὲ
1304 966 1444 1018 vero‘se

169 1064 189 1125 li
205 1065 361 1148 Principi
384 1065 576 1130 sentissero
600 1088 667 1131 con
684 1068 815 1131 Cesare
840 1076 876 1130 et
897 1087 968 1129 non
983 1066 1121 1129 iussero
1147 1067 1219 1127 cosl
1244 1060 1444 1126 incrudeliti

169 1182 285 1235 contra
309 1174 345 1235 di
369 1175 457 1254 noi);
482 1184 606 1238 contra
629 1186 746 1239 autem
769 1176 795 1238 il
819 1174 1030 1240 Cancellieri
1055 1192 1195 1254 sempre
1219 1171 1251 1232 ci
1276 1169 1354 1232 dice
1379 1169 1443 1230 che

168 1278 422 1361 &impossibile
447 1292 575 1345 metter
596 1282 644 1344 fin
669 1304 691 1345 a
714 1292 840 1364 questa
872 1303 956 1345 cosa
987 1300 1093 1345 senza
1123 1300 1169 1341 un
1195 1276 1375 1355 Concili0,
1409 1283 1445 1337 et

168 1387 227 1447 che
257 1387 333 1451 feta
363 1392 525 1469 obstant,
557 1400 592 1452 et
624 1390 711 1453 certi
735 1390 918 1473 proverbii
942 1391 986 1452 de
1011 1378 1280 1451 constellatione
1305 1385 1370 1446 che
1394 1382 1443 1444 lui

166 1492 235 1554 sole
258 1494 340 1573 plus
364 1516 480 1576 aequo
503 1498 615 1559 havet
639 1498 709 1559 alle
732 1497 835 1559 mani.
876 1497 935 1559 Ad
959 1496 1047 1559 haec
1071 1496 1106 1557 lo
1131 1496 1198 1556 che
1221 1492 1256 1555 io
1273 1488 1444 1571 respondi

166 1618 230 1661 non
253 1604 417 1683 besogna
440 1614 593 1685 repetet,
617 1604 748 1684 perche
773 1624 845 1666 non
868 1622 993 1666 manco
1017 1600 1072 1665 far
1097 1601 1130 1665 el
1154 1599 1287 1678 debito,
1312 1597 1355 1659 ne
1373 1594 1442 1658 mai

167 1705 236 1767 loro
259 1707 296 1769 in
319 1717 411 1773 tutte
435 1719 559 1791 queste
584 1711 743 1772 consulte
767 1711 887 1772 hanno
912 1710 1068 1791 allegato
1088 1705 1221 1770 motivo
1239 1706 1304 1767 che
1318 1704 1353 1765 io
1370 1720 1441 1765 non

166 1811 254 1875 habii
296 1814 442 1879 distolto
474 1837 540 1880 con
574 1816 836 1879 evidentissime
869 1816 1026 1897 regioni,
1066 1816 1099 1877 le
1132 1812 1228 1895 quali
1259 1812 1375 1874 odeno
1408 1818 1442 1871 et

165 1930 356 2002 accettan0,
387 1945 445 1986 ma
469 1925 504 1987 in
529 1924 732 1987 conclusion
756 1924 866 1987 fanno
891 1945 912 1987 a
936 1925 990 1986 lor
1012 1922 1127 1985 modo,
1176 1920 1220 1983 Et
1244 1938 1354 1982 ancor
1377 1917 1442 1979 che

164 2045 224 2106 per
253 2027 279 2090 li
309 2029 447 2092 articoli
474 2029 671 2113 impiissimi
696 2032 761 2094 che
785 2030 820 2093 io
844 2032 898 2093 lor
921 2032 968 2093 ho
992 2037 1163 2093 mostrato
1188 2024 1333 2089 extratti
1357 2023 1442 2087 dalli

165 2133 240 2197 libri
271 2137 307 2199 di
333 2138 468 2201 Luther
498 2148 534 2201 et
565 2158 631 2220 per
660 2137 789 2201 infiniti
821 2138 976 2220 exempii
1000 2136 1096 2219 quali
1120 2134 1205 2217 ogni
1229 2135 1264 2197 dl
1289 2132 1318 2196 si
1348 2131 1441 2193 vede

165 2243 280 2322 seguir
302 2244 349 2307 da
373 2257 499 2326 questa
521 2245 673 2321 heresia‚
698 2246 912 2309 conoschino
935 2256 970 2307 et
988 2244 1190 2307 confessino
1211 2243 1277 2304 che
1294 2240 1328 2302 io
1346 2238 1440 2301 dichi

164 2346 185 2409 il
206 2370 308 2425 vero,
333 2362 369 2414 et
392 2354 458 2414 che
483 2352 512 2414 si
536 2355 627 2415 deve
651 2352 708 2415 far
731 2352 816 2434 ogni
840 2372 942 2431 cosa,
966 2361 1083 2415 tamen
1108 2349 1234 2411 dicono
1260 2348 1325 2409 che
1349 2345 1441 2409 biso·

164 2476 232 2537 gna
253 2478 320 2539 per
343 2459 367 2521 il
390 2459 496 2523 melio
520 2460 799 2543 temporeggiar‚
823 2470 859 2523 et
883 2461 993 2523 veder
1022 2459 1057 2520 di
1085 2466 1213 2520 metter
1240 2454 1310 2515 fine
1335 2474 1356 2515 a
1379 2452 1440 2514 tali

163 2564 423 2630 inconvenienti
447 2587 513 2649 per
535 2567 594 2631 via
611 2576 740 2651 pacata
755 2578 791 2631 et
807 2586 980 2631 consenso
997 2567 1032 2628 di
1050 2564 1142 2645 tutti,
1166 2563 1189 2625 il
1206 2563 1271 2624 che
1288 2561 1440 2623 sarebbe

163 2673 303 2755 optim0‚
328 2694 367 2736 se
390 2693 458 2756 pur
482 2694 552 2737 non
577 2696 616 2737 se
640 2676 834 2739 lassassero
859 2676 1046 2756 aggabbar
1070 2669 1246 2752 dequesti
1265 2666 1440 2748 Alemani‚

163 2779 184 2841 li
206 2780 300 2861 quali
325 2801 395 2844 non
421 2802 572 2845 cercano
597 2802 636 2845 se
660 2801 731 2844 non
756 2783 881 2844 chela
905 2780 1001 2844 dieta
1025 2798 1063 2842 se
1087 2777 1210 2841 finisca
1233 2796 1272 2838 re
1296 2774 1438 2839 infecta.

163 2885 286 2966 Quello
317 2889 365 2951 mi
395 2889 433 2952 fa
459 2901 531 2952 star
555 2888 756 2972 stupefacto
782 2890 834 2951 ch’
852 2891 885 2952 el
909 2887 1092 2968 conseglio
1118 2887 1153 2948 di
1177 2886 1379 2966 Alemagna
1403 2885 1439 2946 di

162 2993 284 3074 Cesar,
316 2996 341 3057 il
372 2996 477 3075 quale
510 3017 550 3059 sa
579 2997 713 3078 meglio
737 2996 762 3058 li
785 2995 882 3058 modi
905 2996 941 3058 di
964 2994 1140 3076 proceder
1163 2992 1199 3054 in
1223 3000 1348 3073 questo
1374 2993 1438 3053 che

162 3121 227 3163 non
252 3105 284 3165 el
309 3103 500 3167 cancellier
523 3115 558 3167 et
582 3104 606 3166 li
623 3103 704 3166 altri
719 3104 775 3166 del
794 3103 975 3186 conseglio
991 3111 1140 3181 secreto,
1162 3101 1281 3162 hanno
1298 3099 1437 3162 dechia-

162 3216 235 3270 rato
259 3231 280 3271 a
304 3209 436 3273 Cesare
460 3212 525 3273 che
542 3209 578 3274 S.
594 3193 732 3273 Maesti
757 3229 863 3272 senza
887 3210 978 3272 altra
1002 3207 1263 3271 consultatione
1288 3205 1323 3268 di
1340 3205 1436 3268 Prin·

162 3313 226 3395 cipi
251 3327 336 3398 pote
361 3327 396 3379 et
419 3317 511 3380 deve
535 3319 711 3399 proceder
735 3319 840 3380 adia
864 3315 1076 3379 executione
1099 3315 1193 3378 della
1209 3314 1328 3386 Bulla;
1354 3333 1438 3376 non-

162 3423 297 3487 dimeno
333 3426 367 3488 el
403 3425 586 3506 conseglio
622 3435 761 3488 secreto
796 3424 890 3486 dove
922 3442 1010 3484 sono
1035 3420 1145 3484 nostri
1170 3420 1309 3483 Italiani
1335 3422 1439 3483 etde

160 3529 362 3615 Borgogna‚
386 3532 407 3592 l'
425 3532 545 3594 hanno
568 3534 690 3594 voluta
713 3530 834 3595 invitis
857 3540 894 3592 et
916 3528 1192 3593 reclamantibus
1216 3527 1328 3608 nobis,
1352 3541 1436 3590 met·

161 3649 212 3700 ter
232 3639 270 3701 in
293 3657 399 3702 mano
424 3639 519 3701 della
542 3639 639 3702 dieta
661 3639 873 3701 universale.

246 3745 377 3827 Quasi
403 3743 550 3828 divulga
573 3764 639 3828 per
660 3747 787 3809 lettere
812 3744 847 3806 di
872 3743 1003 3806 diversi
1028 3743 1074 3804 da
1098 3741 1217 3805 Roma
1241 3741 1360 3804 chesi
1391 3744 1437 3805 ha

162 3851 292 3932 agitato
313 3853 350 3915 in
375 3851 574 3916 concistoro
598 3852 657 3933 git
681 3852 740 3935 piu
765 3852 863 3914 volte
887 3852 931 3913 de
955 3850 1126 3912 mandare
1150 3868 1220 3911 uno
1249 3849 1437 3913 Cardinale

161 3958 278 4039 legato
299 3960 482 4030 delatore
506 3962 564 4040 qul
588 3979 654 4040 per
678 3971 804 4040 questa
826 3957 986 4038 materia,
1011 3965 1047 4019 et
1066 3955 1125 4039 gil
1143 3954 1258 4037 questi
1272 3955 1436 4019 Alemani

162 4083 228 4126 non
253 4066 464 4129 desiderano
489 4068 597 4128 altro:
630 4086 701 4129 non
726 4065 785 4146 gii
810 4085 875 4146 per
899 4083 997 4127 amor
1022 4063 1087 4126 che
1111 4063 1188 4125 loro
1213 4083 1256 4124 ne
1284 4063 1435 4146 portin0‚

160 4191 214 4234 ma
236 4191 300 4253 per
322 4182 519 4255 extorquet
540 4172 648 4236 nuovi
673 4171 897 4242 concordati,
930 4190 1000 4233 non
1026 4191 1124 4233 come
1149 4169 1173 4231 li
1198 4169 1332 4250 antiqui
1357 4169 1436 4233 fatti

162 4297 235 4342 cum
260 4281 292 4342 el
306 4279 496 4343 Cardinale
513 4279 635 4343 Sancti
658 4281 804 4362 Angeli,
827 4300 886 4341 ma
906 4277 1063 4341 secundo
1079 4276 1197 4357 quella
1211 4274 1435 4340 instruttione

161 4383 194 4446 la
215 4388 318 4466 quale
341 4387 376 4449 io
400 4386 543 4449 mandai
566 4386 626 4450 alli
651 4387 685 4448 dl
709 4387 857 4468 passati;
883 4386 925 4448 ne
950 4385 1018 4447 mei
1044 4385 1250 4446 darebbeno
1274 4383 1344 4447 fine
1366 4387 1436 4449 alla

161 4509 241 4554 cosa
265 4493 298 4556 di
320 4494 465 4574 Luther,
489 4513 644 4575 percon
669 4504 795 4575 questo
817 4492 962 4575 meggio
988 4499 1221 4571 constrenger
1244 4493 1434 4572 quoddam·

162 4599 264 4662 modo
278 4597 543 4663 Sanctissimum
558 4601 747 4663 Dominum
763 4599 932 4663 Nostrum
956 4601 989 4661 al
1013 4600 1089 4661 loro
1105 4598 1221 4669 voles:
1247 4600 1334 4678 pero
1354 4619 1434 4663 meo

162 4701 272 4767 inutili
294 4707 442 4770 consilio
467 4716 502 4770 et
525 4727 591 4788 per
614 4707 635 4769 1’
652 4727 751 4770 amor
774 4707 810 4768 di
826 4707 896 4770 Dio
921 4725 991 4768 non
1017 4725 1055 4768 se
1079 4704 1169 4785 parli
1186 4705 1230 4767 de
1246 4705 1434 4796 Cardinule

164 4808 312 4894 Legato,
344 4815 411 4876 che
436 4834 508 4877 non
533 4813 571 4876 fu
593 4813 663 4877 mai
687 4813 821 4895 peggio
845 4825 996 4895 pensato
1020 4834 1085 4894 per
1108 4813 1215 4874 molte
1240 4833 1344 4876 cause
1369 4814 1434 4877 che

165 4915 206 4979 V.
231 4917 269 4982 S.
291 4920 384 4984 Rma
414 4935 500 5005 pote
532 4923 783 5005 comprendet,
815 4924 947 5003 perche
979 4941 1044 5002 per
1068 4921 1139 4989 ,dar
1170 4919 1336 4982 auttoritii
1364 4921 1435 4986 alla

1239 5025 1272 5080 8*
