3425 5700
637 559 886 622 selmo-0

134 705 246 771 merita
269 716 393 792 nostra
417 707 527 790 digna
555 722 656 774 erant
688 722 727 776 ut
759 713 871 776 nostri
906 724 1026 777 mutuo
1057 711 1204 778 honoris
1235 723 1271 778 et
1300 709 1404 778 huius

135 813 276 878 Sanctae
308 813 414 880 Sedis
453 817 637 898 dignitatis
670 820 765 901 apud
798 819 950 884 animum
983 821 1075 884 illius
1107 842 1191 884 eura
1227 821 1404 903 vigilaret,

134 943 241 1005 neque
265 944 344 986 eum
368 923 548 987 hominem
572 926 608 987 in
633 935 727 988 statu
752 935 788 988 et
810 927 898 989 locis
922 927 991 990 tuis
1015 949 1093 991 cum
1116 931 1251 992 honore
1285 938 1320 991 et
1342 949 1402 1011 po·

135 1039 251 1093 testate
263 1031 490 1112 relinqueret,
505 1030 565 1112 qui
578 1028 709 1094 Sedem
724 1032 971 1114 Apostolicam
984 1045 1020 1097 et
1036 1055 1165 1098 nomen
1182 1035 1404 1099 Pontificium

135 1137 198 1198 suis
218 1137 336 1219 impiis
360 1147 396 1200 et
420 1139 604 1220 probrosis
628 1139 857 1221 dogmatibus
881 1150 975 1204 esset
1000 1143 1228 1206 laceraturus.
1287 1142 1405 1224 Quan-

136 1263 228 1324 quam
251 1265 377 1327 parum
407 1245 463 1306 his
495 1245 673 1308 morsibus
705 1254 759 1308 est
789 1246 947 1309 obnoxia
978 1248 1120 1311 veritas.
1175 1249 1288 1331 Igitur
1316 1252 1405 1312 haec

135 1351 227 1414 nobis
249 1351 340 1414 mira
363 1363 399 1414 et
422 1351 655 1434 inexpectata
678 1353 896 1430 acciderunt,
921 1353 951 1416 si
968 1356 1073 1418 modo
1091 1355 1193 1417 scivit
1207 1357 1284 1437 ipse
1301 1377 1405 1438 quem

135 1457 343 1540 relinqueret
367 1468 404 1520 et
426 1458 456 1520 si
480 1458 573 1521 illius
609 1458 739 1540 impiae
773 1459 967 1550 voluptatis
999 1461 1160 1523 conscius
1192 1461 1277 1543 fuit,
1310 1463 1407 1544 quod

136 1564 167 1626 in
187 1565 248 1628 tali
270 1565 441 1647 Principe
465 1586 689 1647 nequaquam
714 1577 768 1629 est
792 1569 1029 1649 credendum,
1053 1569 1152 1631 cuius
1176 1589 1241 1630 nos
1265 1568 1406 1650 quidem

136 1684 169 1734 et
188 1673 329 1736 honoris
353 1682 390 1735 et
413 1672 607 1736 voluntatis
632 1693 710 1737 eam
734 1675 869 1738 habere
903 1675 1076 1738 rationem
1109 1677 1271 1738 volumus
1302 1696 1407 1756 quam

138 1778 277 1860 ipsemet
300 1789 413 1861 optat.
460 1777 534 1842 Sed
558 1780 588 1842 si
611 1780 687 1843 sine
711 1780 805 1844 illius
829 1780 1026 1845 offensione
1049 1779 1126 1844 fieri
1150 1790 1269 1863 potest
1290 1793 1326 1844 et
1349 1791 1409 1844 tua

139 1884 405 1968 circumspectio
431 1897 671 1968 opportunum
705 1886 928 1966 iudicaverit,
959 1891 1166 1951 mandamus
1195 1888 1309 1952 eidem
1338 1887 1410 1951 Cir·

140 1994 383 2076 cumspectioni
406 2003 490 2056 tuae
514 2003 552 2056 ut
575 2002 809 2075 posteaquam
840 1995 904 2057 tibi
938 1995 1137 2058 constiterit
1168 1995 1409 2077 supradictum

140 2099 284 2181 diploma
308 2104 354 2164 ab
380 2121 423 2163 eo
446 2100 626 2183 Episcopo
652 2122 731 2164 esse
764 2111 801 2163 et
829 2103 907 2184 ipse
940 2121 1029 2183 opus
1058 2120 1156 2163 suum
1189 2113 1226 2164 et
1249 2103 1409 2164 lucubra-

140 2207 260 2270 tionem
283 2208 485 2290 agnoverit,
510 2217 572 2270 aut
595 2211 641 2270 ab
666 2229 709 2271 eo
735 2208 865 2271 editam
889 2208 997 2271 fuerit
1011 2209 1211 2289 probatum,
1237 2227 1315 2270 cum
1338 2216 1409 2271 tam

139 2313 253 2396 vigore
275 2325 417 2379 tuarum
440 2314 629 2396 legationis
652 2314 860 2378 facultatum
886 2336 991 2396 quam
1024 2314 1234 2378 auctoritate
1267 2335 1409 2397 quoque

139 2431 261 2502 nostra,
292 2443 399 2504 quam
430 2422 465 2484 in
494 2422 546 2485 Te
579 2424 723 2503 plenam
756 2423 802 2485 ad
836 2424 928 2484 hunc
961 2421 1126 2486 effectum
1154 2422 1411 2503 transferimus,

140 2528 271 2593 citatum
303 2531 430 2593 iubeas
464 2539 547 2592 ante
582 2539 618 2592 te
653 2530 891 2610 personaliter
926 2549 1133 2611 comparere
1167 2549 1209 2592 ac
1244 2538 1411 2610 tanquam

138 2637 336 2700 seditiosum
368 2658 409 2699 ac
442 2656 555 2718 prave
586 2637 631 2699 de
658 2635 730 2698 tide
767 2647 802 2699 et
831 2634 927 2699 Sede
959 2635 1170 2719 Apostoliea
1203 2635 1411 2698 sentientem

139 2763 236 2824 quum
259 2745 366 2808 etiam
395 2743 525 2807 crimen
550 2743 697 2824 periurii
718 2743 909 2806 incurrisse
940 2745 1138 2806 censendus
1168 2753 1236 2822 est,
1269 2762 1411 2806 causam

138 2852 251 2915 dicere
275 2872 403 2934 cogas,
434 2850 705 2932 convictumque
738 2849 843 2913 animi
875 2850 920 2913 ad
948 2852 1155 2914 scandalum
1178 2860 1215 2913 et
1237 2849 1412 2913 haeresim

138 2979 176 3021 ac
205 2960 450 3042 gravissimum
483 2957 617 3021 crimen
655 2958 846 3039 superbiae
877 2957 1090 3035 inclinantis,
1122 2966 1182 3020 aut
1217 2966 1411 3020 retractare

137 3085 225 3146 quae
246 3066 354 3149 impie
378 3066 452 3147 egit
475 3065 551 3127 sive
575 3065 714 3127 locutus
738 3074 793 3126 est
816 3064 959 3146 publice
984 3065 1175 3145 compellas
1183 3113 1192 3146 ,
1229 3072 1289 3125 aut
1323 3063 1352 3125 si
1375 3064 1412 3126 in

136 3191 196 3235 sua
218 3172 420 3255 pervicacia
444 3171 644 3234 obstinatus
668 3170 784 3249 fuerit,
810 3170 911 3232 iustis
940 3180 975 3233 et
1006 3170 1136 3258 debitis
1161 3170 1266 3234 etiam
1296 3173 1412 3252 priva·

136 3278 239 3343 tionis
259 3278 443 3343 Ecclesiae
468 3298 574 3359 quam
597 3277 745 3360 indigne
769 3277 907 3340 obtinet
930 3277 1147 3359 reliquisque
1169 3298 1190 3339 a
1206 3277 1281 3339 iure
1306 3286 1341 3339 et
1365 3275 1411 3341 fe.

135 3406 182 3448 re.
229 3386 360 3451 Leonis
384 3386 423 3447 X
447 3384 738 3467 praedecessoris
762 3385 873 3447 nostri
890 3383 1016 3447 litteris
1033 3394 1157 3447 contra
1174 3384 1412 3446 Lutheranam

134 3494 307 3557 haeresim
347 3493 488 3556 statutis
521 3492 647 3574 poenis
678 3489 824 3556 afficias.
879 3491 918 3553 In
953 3492 1167 3554 contrarium
1197 3489 1413 3553 facientibus

133 3619 199 3662 non
238 3599 463 3663 obstantibus
505 3598 794 3680 quibuscumque.
862 3597 1035 3659 Volumus
1074 3608 1191 3659 autem
1228 3597 1257 3659 si
1296 3596 1412 3659 dictus

133 3705 330 3790 Episcopus
354 3706 620 3770 Sambianensis
644 3724 708 3766 sua
732 3704 893 3766 Ecclesia
916 3703 1074 3785 legitime
1103 3702 1210 3766 fuerit
1240 3702 1412 3786 privatuS,

133 3815 188 3894 qui
211 3816 249 3878 in
275 3834 318 3878 eo
341 3817 479 3877 honore
515 3822 551 3875 et
581 3814 661 3874 loco
691 3810 921 3873 sufficiendus
946 3810 1013 3872 erit
1042 3810 1086 3872 sit
1118 3818 1190 3872 tum
1224 3809 1412 3871 virtutibus

132 3921 259 4003 dignus
285 3942 327 3985 ac
352 3920 574 3985 Christianae
599 3927 635 3980 et
663 3916 859 3980 catholicae
891 3917 1028 3997 mentis,
1061 3925 1133 3978 tum
1165 3916 1232 3998 ipsi
1260 3916 1412 3979 Alberto

133 4026 299 4093 Prussiae
323 4028 496 4110 magistro
521 4034 691 4107 acceptus
715 4034 751 4086 et
775 4032 909 4105 gratuS,
934 4033 972 4086 ut
996 4023 1032 4085 in
1049 4023 1184 4085 cunctis
1209 4021 1267 4085 ille
1283 4040 1410 4104 cogno-

132 4148 202 4199 scat
225 4158 295 4201 nos
318 4136 355 4198 in
380 4134 516 4216 optino
542 4152 631 4215 erga
655 4151 734 4193 eum
758 4130 875 4193 animo
900 4148 1152 4212 perseverare,
1176 4148 1412 4210 magnamque

28 4223 29 4234 ἵ
132 4241 236 4323 ipsius
262 4242 413 4305 honoris
436 4250 471 4303 et
503 4238 695 4302 voluntatis
727 4239 857 4299 ducere
885 4237 1071 4299 rationem.
1119 4235 1248 4298 Datum
1273 4236 1413 4298 Romae

26 4301 30 4347 a

26 4409 34 4454 ι

27 4457 33 4536 l

28 4545 35 4644 i

30 4647 33 4672 .

27 4369 29 4378 ·
132 4349 184 4413 die
206 4352 326 4433 primo
350 4347 562 4411 Decembris
585 4344 794 4408 MDXXIV
819 4362 913 4406 anno
938 4344 1106 4406 secundo.

667 4629 875 4640 mwwwm

156 5018 234 5070 Bm,
245 5016 400 5059 boemenia
409 5010 548 5051 Lunam
