3425 5700
643 568 889 628 043le

138 724 168 777 et
195 714 324 779 ibidem
357 726 514 780 nostram
546 726 582 779 et
612 718 703 781 sacri
733 716 873 799 imperii
898 726 1052 780 statuum
1076 714 1324 779 tractationem
1349 735 1407 778 ex·

137 832 287 904 pectere,
320 832 356 887 et
379 824 509 887 deinde
533 828 580 887 ab
604 825 686 887 hinc
711 846 822 907 usque
846 826 892 887 ad
917 845 1016 887 suam
1040 824 1266 887 securitatem
1290 823 1407 885 redire

138 930 274 1011 debeat,
306 940 343 994 et
374 932 489 1013 possit
520 953 542 993 a
565 932 670 994 nobis
694 943 739 995 et.
752 933 929 995 universis
953 926 1074 994 illesus
1082 980 1091 1011 ,
1124 940 1160 993 et
1183 930 1325 993 minime
1348 930 1406 992 irn-

138 1038 284 1119 peditus3
310 1049 346 1101 et
369 1040 451 1102 ideo
472 1041 679 1103 mandamus
694 1040 869 1103 universis
885 1051 920 1103 et
937 1038 1086 1121 singulis
1100 1037 1326 1101 Electoribus
1341 1046 1407 1113 etc.

139 1146 222 1224 quod
251 1146 452 1209 huiusmodi
481 1158 640 1210 nostrum
674 1157 710 1209 et
739 1148 830 1209 sacri
863 1146 1001 1229 imperii
1025 1148 1161 1209 salvum
1186 1147 1408 1224 conductum,

139 1262 168 1313 et
196 1253 421 1317 securitatem
451 1254 488 1316 in
521 1256 618 1317 dicto
641 1254 799 1317 Luthero
830 1253 978 1317 firmiter
1003 1263 1039 1316 et
1062 1252 1314 1315 inviolabiliter
1338 1272 1406 1314 ser-

139 1370 227 1440 vent,
259 1360 366 1422 etiam
396 1360 431 1422 in
462 1381 608 1423 accessu
639 1371 675 1423 et
702 1380 846 1423 recessu
872 1380 935 1423 suo
960 1362 1005 1423 ad
1031 1362 1171 1422 domum
1197 1360 1407 1438 conducant,

140 1475 170 1526 et
189 1467 336 1529 conduci
360 1467 512 1546 faciant,
541 1477 577 1530 et
600 1468 756 1531 iubeant.
802 1467 848 1529 Et
872 1478 996 1531 contra
1020 1468 1087 1530 hoc
1114 1487 1183 1529 non
1208 1467 1409 1543 molestent,

140 1592 192 1634 seu
217 1576 448 1655 perturbent,
481 1585 542 1636 aut
575 1577 620 1637 ab
651 1575 769 1655 aliquo
802 1575 981 1637 hominum
1005 1573 1082 1636 fieri
1107 1573 1313 1655 permittant
1335 1575 1408 1635 ullo

139 1680 248 1743 modo:
280 1682 316 1743 in
349 1693 519 1763 quantum
548 1682 739 1763 unicuique
770 1693 926 1745 vestrum
958 1702 1078 1744 carum
1110 1692 1164 1744 est
1191 1690 1349 1743 nostram
1373 1690 1409 1742 et

139 1788 217 1849 sacri
240 1788 382 1870 imperii
404 1788 685 1869 indignationem
709 1788 955 1869 gravissimam
976 1790 1121 1851 evitare.
1161 1788 1291 1849 Datum
1305 1786 1407 1849 Wor-

140 1894 264 1959 matiae.

740 2308 795 2375 47.

214 2431 425 2514 Mandatum
453 2435 646 2536 imperiale
672 2433 984 2515 interlocutorum
1012 2453 1118 2534 super
1145 2432 1320 2512 librorum

465 2560 752 2640 lutheranorum
780 2558 1070 2659 sequestratione.

576 2717 658 2785 (Acta
675 2715 810 2776 Wcmec.
827 2715 873 2775 lul
891 2715 959 2785 loc.)

219 2839 365 2908 Carolus
378 2857 444 2911 etc.
458 2845 632 2910 universis
645 2856 680 2910 et
696 2845 847 2927 singulis
855 2844 1087 2926 Electoribus,
1097 2844 1327 2926 principibus,
1338 2855 1408 2907 tam

138 2944 397 3033 Ecclesiasticis,
410 2973 516 3035 quam
529 2954 780 3033 saecularibus,
793 2953 973 3035 praelatis,
992 2952 1189 3030 comitibus
1205 2952 1409 3031 baronibus,

136 3055 315 3140 nobilibus,
327 3061 508 3142 militibus,
518 3062 715 3143 clientibus,
726 3061 933 3143 capitaneis,
945 3060 1181 3142 praesidibus
1195 3061 1408 3139 castellanis,

136 3159 369 3249 vicedominis,
383 3168 587 3251 praefectis,
601 3169 901 3250 vicegerentibuS,
919 3167 1088 3248 scultetis,
1112 3165 1408 3248 burgimagistriS,
1472 3169 1476 3177 '

136 3266 312 3355 iudicibus,
326 3277 540 3358 consulibus,
553 3277 691 3340 civibus
704 3288 741 3340 et
753 3275 1063 3339 communitatibus
1075 3295 1117 3338 ac
1130 3275 1408 3357 quibuscumque

137 3376 207 3440 aliis
229 3382 360 3445 nostris
384 3392 421 3445 et
444 3383 536 3447 sacri
558 3384 707 3465 imperii,
732 3405 775 3446 ac
799 3384 906 3446 etiam
930 3381 1188 3464 principatuum
1208 3392 1408 3444 nostrorum

136 3482 454 3571 haereditariorum,
479 3501 515 3554 et
537 3492 798 3573 provinciarum
824 3491 991 3570 subditis,
1023 3500 1058 3553 et
1082 3489 1247 3552 fidelibus
1271 3489 1409 3551 dilectis

135 3593 377 3679 cujuscumque
401 3599 595 3681 dignitatis,
621 3609 744 3678 statue,
768 3610 828 3662 aut
853 3597 1065 3662 conditionis
1090 3597 1231 3677 fuerint,
1256 3597 1408 3684 gratiam

135 3710 285 3766 nostram
308 3703 536 3786 Caesaream,
561 3717 596 3770 et
621 3711 897 3770 omnebonum:
930 3705 1139 3768 Reverendi
1164 3703 1407 3783 Venerabiles,

135 3802 304 3890 illustres,
335 3812 534 3895 magnifici,
568 3814 724 3893 nobiles,
759 3824 794 3876 et
824 3812 1052 3876 honorabiles
1077 3811 1178 3875 amici
1203 3822 1238 3874 et
1262 3830 1407 3873 consan-

135 3913 247 3989 guinei
272 3919 386 3981 nostri
410 3921 615 4001 charissimi,
640 3921 833 4001 Electores,
858 3918 1048 4002 principeS,
1081 3919 1201 3982 devoti
1227 3929 1261 3980 et
1284 3917 1409 3980 fideles

136 4019 257 4087 dilecti.
306 4026 391 4105 Nos,
417 4039 452 4089 et
475 4027 625 4108 quilibet
648 4039 804 4091 vestrum
828 4031 922 4091 bene
946 4026 1118 4105 novimus,
1145 4025 1264 4107 qualia
1286 4025 1407 4104 verba,

135 4129 343 4213 scripturae,
380 4144 415 4197 et
451 4134 531 4199 libri
566 4156 631 4217 per
664 4135 857 4198 Martinum
890 4135 1084 4197 Lutherum
1120 4123 1254 4196 ordinis
1286 4127 1408 4194 Sancti

137 4232 337 4321 Augustini,
371 4250 407 4302 et
436 4241 472 4303 in
504 4243 645 4305 nomine
676 4263 740 4305 suo
770 4261 836 4323 per
865 4240 1009 4322 aliquod
1038 4250 1178 4322 tempus
1202 4237 1407 4320 praedicati,

136 4342 262 4425 scripti,
292 4357 330 4409 et
352 4347 389 4411 in
414 4348 524 4412 latino
548 4370 589 4412 ac
614 4349 819 4430 germanico
843 4348 1012 4411 idiomate
1036 4347 1212 4430 impressi,
1238 4355 1273 4408 et
1296 4345 1408 4427 publi·

136 4449 363 4535 cecinerint,
388 4454 448 4537 qui
472 4468 615 4520 nostrae
638 4467 785 4520 sanctae
808 4455 903 4536 fidei,
928 4466 963 4518 et
979 4455 1201 4518 Christianae
1226 4452 1408 4516 doctrinae

136 4555 261 4642 ritibus,
287 4571 326 4624 et
348 4562 491 4645 legibus
514 4565 657 4628 omnino
681 4564 858 4644 contrarii,
884 4574 920 4627 et
934 4563 1114 4626 offensivi:
1140 4580 1408 4644 quorumquam

137 4665 279 4732 maxima
310 4689 398 4751 pars
430 4670 466 4733 in
490 4691 593 4734 sacro
618 4671 777 4735 Concilio
803 4669 1074 4734 Constantiense
1099 4689 1177 4732 cum
1202 4668 1349 4731 consilio
1374 4679 1409 4730 et

44 4766 45 4771 ’
137 4789 271 4839 assensu
294 4777 545 4841 Romanorum
567 4779 807 4860 Imperatoris,
837 4798 879 4839 ac
903 4777 1009 4852 etiam
1033 4776 1186 4839 omnium
1209 4777 1409 4859 principum

138 4895 169 4946 et
188 4887 423 4953 communium
451 4908 492 4950 ac
517 4886 710 4968 precipuae
734 4884 970 4949 Germanicae
1002 4883 1154 4948 nationis
1186 4883 1342 4948 damnati
1374 4894 1409 4946 et
