3425 5700
709 549 954 618 edili&

187 705 271 776 darn
305 729 375 775 non
406 709 665 792 inelegantem,
704 708 767 774 sed
801 729 872 773 non
905 704 1046 773 omnino
1081 708 1117 772 in
1158 708 1320 774 omnibus
1349 725 1472 774 verum

186 841 388 884 sermonem
407 817 569 898 confecit,
600 839 704 900 quem
729 821 774 880 ab
792 819 976 882 Aleandro
1007 817 1192 881 recitatum
1216 819 1330 900 finxit,
1354 840 1471 901 quem-

188 947 260 1008 que
277 926 370 988 inter
383 928 596 988 documenta
613 925 751 988 sincera
775 925 905 1007 Leplat
929 925 1050 1004 edidit,
1075 924 1205 1006 aliique
1230 938 1471 990 numerarunt.

186 1033 334 1115 Optima
367 1035 456 1095 haec
481 1033 717 1110 consuetudo,
750 1031 971 1112 temporibus
1007 1032 1235 1113 Pallavicini,
1271 1035 1472 1096 habebatur

186 1159 371 1203 sermones
402 1137 576 1219 effingere
610 1148 646 1201 et
685 1140 720 1200 in
759 1159 821 1201 ore
858 1140 1047 1218 haeroum,
1091 1141 1233 1219 ducum,
1272 1142 1471 1223 principum

186 1268 341 1329 ponere;
373 1247 436 1308 sed
467 1248 512 1307 ab
544 1244 714 1308 historiae
747 1245 939 1308 severitate
963 1246 1134 1326 alienam,
1163 1268 1374 1329 quamquam
1403 1249 1471 1311 for-

186 1365 283 1417 tasse
308 1353 502 1416 lectoribus
519 1362 667 1433 gratam,
685 1373 776 1414 reor.
816 1352 893 1414 Hac
919 1372 1006 1414 vero
1028 1354 1214 1416 occasione
1232 1355 1472 1419 pallavicinus

186 1481 255 1543 pro
279 1459 450 1523 sermonis
480 1461 610 1521 robore
636 1461 804 1521 nonnulla
829 1459 965 1521 addidit
989 1481 1098 1541 quae,
1135 1462 1163 1522 si
1197 1463 1311 1525 minus
1343 1483 1471 1545 oppor-

185 1579 275 1630 tuna
309 1565 458 1628 iudicari
489 1577 684 1646 nequeant,
718 1585 824 1647 quum
850 1587 920 1628 11011
952 1587 1074 1629 coram
1099 1570 1276 1648 quoddam
1310 1570 1471 1652 principe

185 1675 338 1738 recitata
356 1672 436 1752 sint,
461 1674 523 1734 sed
548 1672 582 1734 in
607 1672 894 1754 frequentissimo
916 1673 1054 1755 imperii
1066 1676 1265 1755 principum
1284 1689 1472 1757 conventu,

184 1803 395 1865 germanam
438 1791 555 1844 tamen
592 1781 853 1862 simplieitatem
892 1803 963 1844 non
1003 1793 1157 1847 servant.
1216 1784 1472 1847 Instructiones

184 1888 370 1972 Episcopo
401 1887 614 1970 Tergestino
648 1899 682 1950 et
713 1888 849 1966 Jodoco
882 1893 987 1951 datae
1012 1909 1173 1951 severam
1198 1892 1375 1971 quandam
1400 1892 1470 1953 vim

184 1996 453 2078 praeseferunt;
486 2016 601 2076 neque
635 1995 800 2058 inornata
833 1996 947 2058 forma
971 1996 1040 2058 illis
1064 1999 1186 2070 obest;
1221 1997 1352 2059 veritas
1378 1998 1471 2060 enim

186 2105 285 2166 nullo
319 2103 510 2166 verborum
544 2101 626 2164 fuco
664 2103 824 2164 involuta
857 2103 1056 2164 evidentior
1087 2103 1226 2165 exsistit
1258 2116 1293 2166 et
1325 2105 1472 2186 propria

184 2213 267 2273 luce
298 2209 423 2292 fulget.
471 2209 739 2272 Monumentum
773 2211 841 2272 hoc
873 2210 1092 2290 temporibus
1135 2211 1274 2272 diaetae
1309 2210 1469 2274 Worma-

184 2316 294 2380 tiensi
335 2316 571 2379 anterioribus
610 2317 880 2397 adscripsimuS,
916 2327 990 2377 tum
1026 2317 1108 2396 quia
1154 2320 1286 2379 nullum
1320 2321 1364 2380 de
1395 2320 1472 2399 ipsa

183 2424 308 2486 diaeta
331 2423 522 2504 vestigium
546 2421 580 2484 in
604 2423 683 2504 ipso
708 2431 875 2504 apparet,
905 2432 977 2484 tum
1007 2423 1090 2503 quia
1116 2435 1249 2486 tanturn
1274 2423 1471 2488 Constanti-

183 2529 284 2593 ensis
324 2529 465 2592 diaetae
496 2530 592 2592 facta
624 2529 830 2608 innuuntur,
873 2529 1066 2611 ipsaequae
1096 2531 1347 2593 instructiones
1381 2535 1472 2595 tales

182 2647 269 2700 sunt
303 2657 394 2720 quae
425 2636 640 2700 desiderium
667 2637 785 2719 potius
814 2658 886 2699 non
909 2637 1062 2699 vocandi
1094 2639 1138 2700 ad
1165 2659 1293 2701 novam
1318 2639 1471 2702 diaetam

183 2745 384 2807 Lutherum
409 2746 615 2823 ostendant,
647 2765 752 2825 quam
785 2745 854 2808 iam
888 2743 1006 2806 vocati
1031 2755 1066 2806 et
1090 2745 1243 2810 convicti
1268 2747 1470 2808 obstinatio·

182 2872 269 2915 nem
293 2852 472 2914 damnent.

277 2957 354 3021 Nec
378 2958 481 3038 parvi
508 2960 677 3021 momenti
701 2967 782 3021 sunt
807 2958 958 3039 epistola
991 2981 1012 3021 a
1047 2960 1352 3023 Vicecancellario
1390 2964 1469 3023 Ale-

182 3068 301 3128 andro
327 3067 411 3128 data
434 3066 492 3128 die
522 3087 569 3145 15.
595 3065 729 3147 Aprilis
760 3087 852 3145 1521,
879 3067 1055 3129 sententia
1079 3067 1292 3130 marchionis
1315 3068 1470 3130 Brande·

181 3172 389 3255 burgensis,
415 3173 597 3235 consilium
613 3173 810 3255 principum
825 3172 964 3253 imperii
990 3176 1034 3234 de
1048 3174 1255 3254 Luther01),
1280 3177 1471 3238 relationes

183 3280 363 3345 Aleandri
388 3281 432 3343 de
457 3282 606 3362 privatis
630 3280 777 3344 Lutheri
802 3280 988 3361 colloquiis
1012 3280 1047 3342 in
1073 3284 1178 3343 domo
1204 3283 1368 3344 electoris
1386 3284 1470 3345 Tre·

182 3386 360 3468 verensiS,
385 3388 501 3469 deque
525 3390 791 3450 lutheranorum
817 3388 1014 3473 consiliisq,
1040 3400 1075 3451 et
1100 3388 1297 3452 Cardinalis
1321 3390 1469 3470 Mogun-

183 3495 251 3558 tini
276 3497 321 3557 de
347 3504 439 3557 statu
465 3494 726 3576 Germaniaei),
752 3495 903 3576 epistola
918 3496 1067 3557 Adriani
1086 3496 1147 3558 VI.
1169 3498 1214 3557 ad
1232 3497 1470 3560 Archiducem

186 3602 453 3665 Ferdinandum
479 3623 572 3665 anno
612 3624 692 3681 1522
727 3604 810 3665 data
842 3602 937 3665 circa
966 3603 1246 3666 machinationes
1270 3606 1468 3667 lutherano-

184 3706 307 3793 rum4).
348 3710 517 3789 Quamvis
535 3730 642 3772 unum
657 3710 800 3771 missum
818 3710 863 3770 sit
878 3711 923 3771 ad
941 3710 1114 3771 Nuncium
1137 3712 1200 3771 sed
1216 3731 1285 3772 non
1304 3709 1409 3773 Carlo
1425 3712 1469 3774 V.

185 3818 447 3899 consignatum,
468 3828 503 3878 et
520 3817 615 3879 aliud
640 3816 809 3898 scriptum
826 3819 890 3878 sed
907 3838 976 3879 non
993 3817 1146 3897 missum,
1171 3818 1328 3898 pretiosa
1351 3830 1470 3881 tamen

184 3934 271 3985 sunt
293 3923 417 3987 brevia
442 3944 533 4004 quae
557 3925 622 3985 sub
647 3944 793 3985 numero
818 3944 860 4001 39
886 3934 921 3986 et
950 3944 1007 4002 152
1033 3924 1067 3985 in
1091 3925 1220 3987 nostris
1236 3926 1470 3988 monumentis

187 4028 347 4093 veniunt.
394 4030 494 4093 Haec
519 4040 636 4092 autem
662 4040 786 4092 contra
809 4030 1078 4111 impugnatores
1103 4031 1232 4093 Leonis
1257 4042 1293 4094 et
1310 4032 1466 4096 Clemen-

183 4138 232 4200 tis
266 4138 410 4202 faciunt.
457 4138 711 4200 Instructiones
742 4140 788 4199 ad
822 4137 979 4200 Nuncios
1012 4139 1240 4219 Apostolicos
1264 4160 1357 4201 anno
1388 4161 1469 4218 1524

184 4246 294 4307 datae
320 4256 401 4307 sunt
424 4245 635 4327 prudentiae
661 4256 696 4306 et
720 4244 857 4307 consilii
882 4257 1144 4307 monumentum
1168 4246 1307 4328 insigne
1340 4259 1375 4309 et
1398 4270 1467 4310 non

182 4352 367 4415 minimum
390 4352 560 4415 historiae
585 4350 836 4432 adiutorium5).

279 4458 379 4539 Quae
403 4458 520 4520 omnia
546 4468 581 4520 et
605 4459 674 4520 alia
698 4460 754 4520 hic
778 4479 850 4521 non
874 4471 1078 4539 memorata,
1104 4460 1264 4541 apprime
1279 4461 1469 4525 historicae

182 4566 331 4629 veritati
355 4565 559 4645 inserviunt,
586 4575 621 4627 et
646 4574 766 4628 nostra
794 4567 861 4627 hac
885 4575 1022 4645 aetate,
1047 4566 1211 4628 eruendis
1236 4570 1469 4631 monumentis

263 4760 282 4821 ¹)
304 4764 417 4810 Docum.
438 4764 480 4822 63,
501 4762 543 4822 69,
564 4774 606 4825 71.
842 4760 864 4829 ⁹)
884 4766 997 4815 Docum.
1017 4775 1059 4825 74,
1080 4764 1122 4821 80,
1142 4774 1186 4823 93,
1206 4777 1239 4827 94
1258 4772 1308 4816 etc.

259 4838 282 4909 ¹)
303 4844 415 4891 Docum.
438 4854 497 4905 107.
842 4840 864 4908 ⁴)
885 4846 997 4897 Docum.
1022 4856 1078 4904 129.

258 4924 279 4988 ὅ1
300 4925 413 4972 Docum.
437 4934 493 4991 154.
