3425 5700
624 543 871 605 &mih

123 715 183 762 uon
211 695 305 761 saria
327 697 363 759 al
394 704 563 780 presente
586 715 718 778 guerra
748 695 785 759 in
809 694 914 758 Italia
937 703 1035 759 tanto
1060 694 1276 778 pernictiosa
1308 716 1329 758 a
1352 696 1387 758 la

121 803 311 885 Republica
334 802 528 868 christiana
552 824 607 868 ma
632 803 799 866 etiamdio
822 811 914 865 tutto
939 805 1057 883 quello
1088 804 1147 884 pel
1171 803 1196 866 il
1220 806 1324 884 quale
1349 823 1387 864 se

121 910 211 992 litiga
233 909 326 974 saria
349 912 394 974 de
418 911 453 973 la
477 909 631 974 Cesarea
654 909 792 973 Maesta
817 908 979 990 pacifico,
1003 909 1134 992 perche
1152 907 1225 974 Sua
1247 908 1387 974 Santita

122 1017 347 1082 incommenzd
372 1038 393 1080 a
416 1027 548 1080 tracter
572 1019 607 1080 la
630 1038 720 1100 pace
740 1018 892 1079 essendo
909 1015 1078 1079 Francesi
1093 1017 1205 1080 cazati
1222 1018 1281 1080 del
1297 1027 1387 1080 tutto

122 1126 160 1188 de
182 1125 280 1189 Italia
303 1126 362 1190 nel
384 1126 468 1205 qual
491 1133 612 1206 tempo
636 1124 660 1186 li
678 1123 845 1188 Caesarei
869 1143 940 1187 non
956 1125 1033 1186 solo
1050 1145 1120 1187 non
1136 1127 1387 1187 admettevano

122 1252 200 1312 pace
227 1233 373 1310 alcuna,
408 1252 465 1294 ma
495 1231 656 1296 eziandio
687 1251 793 1294 senza
820 1251 997 1295 consenso
1029 1240 1065 1294 et
1087 1241 1216 1313 saputa
1246 1233 1291 1296 de
1315 1229 1388 1295 Sua

122 1336 248 1400 Santita
270 1359 310 1400 se
333 1360 379 1401 ne
403 1340 562 1402 andorno
587 1340 643 1402 col
668 1358 793 1419 campo
816 1359 838 1400 a
853 1337 1023 1418 Massilia,
1048 1340 1143 1401 unde
1166 1341 1298 1402 bellum
1319 1341 1387 1402 hoc

121 1466 181 1527 quo
204 1465 292 1509 nunc
316 1447 491 1526 ardemus,
515 1455 551 1508 et
566 1446 709 1526 Regem
732 1446 865 1527 alioqui
889 1446 1131 1528 quiescentem
1148 1445 1185 1508 vi
1208 1465 1322 1528 prope
1347 1447 1383 1510 in

123 1552 245 1616 Italiam
269 1562 466 1630 traxerunt,
491 1562 526 1614 et
549 1553 610 1633 poi
634 1554 700 1614 che
723 1554 817 1614 hano
833 1552 926 1615 visto
950 1555 985 1615 lo
1010 1573 1109 1616 error
1132 1573 1196 1615 suo
1211 1555 1387 1616 volevano

123 1661 179 1721 che
200 1659 241 1722 N.
266 1657 303 1723 S.
335 1661 369 1721 lo
395 1660 603 1723 emendasse
628 1659 786 1743 piliando
817 1662 850 1721 le
876 1680 972 1722 arme
1004 1669 1041 1723 et
1072 1659 1329 1723 contribuendo
1353 1663 1388 1723 la

123 1785 254 1845 guerra;
279 1766 305 1829 il
328 1769 393 1829 che
418 1765 455 1829 S.
476 1765 528 1829 811
553 1768 596 1829 nd
621 1776 730 1848 potea
753 1766 845 1830 farlo
869 1787 935 1848 per
960 1765 1110 1829 trovarsi
1134 1776 1233 1829 tanto
1257 1768 1387 1848 debile,

122 1873 159 1935 ni
180 1875 278 1937 volea
310 1873 401 1936 farlo
433 1872 670 1937 existimando
701 1893 772 1936 non
798 1893 895 1936 esser
919 1876 1068 1938 decente
1100 1895 1121 1936 a
1144 1895 1191 1936 un
1215 1874 1388 1938 Pontifice

123 1982 262 2060 prender
294 1983 328 2043 le
352 2001 448 2043 arme
481 1979 537 2043 fra
561 1979 759 2061 christiani,
797 1991 832 2042 et
864 2001 902 2044 se
928 1981 951 2043 li
975 1981 1052 2044 suoi
1075 1981 1324 2064 predecessori
1353 1984 1387 2045 lo

121 2088 270 2150 haveano
294 2087 391 2150 facto
415 2085 474 2168 gia
498 2106 536 2150 se
560 2088 676 2150 vedea
700 2087 745 2150 de
769 2087 892 2168 quanti
917 2088 998 2150 mali
1024 2108 1132 2150 erano
1156 2088 1239 2151 stati
1264 2109 1387 2161 causa;

122 2194 204 2256 onde
225 2194 390 2257 havendo
415 2191 490 2256 Sua
513 2191 651 2256 Santita
682 2194 881 2256 deliberato
915 2215 1043 2276 gerere
1067 2215 1105 2258 se
1130 2203 1297 2276 tanquam
1322 2197 1386 2258 Pa-

121 2309 200 2362 trem
230 2301 392 2365 omnibus
425 2321 645 2366 communem
678 2311 714 2364 et
737 2321 860 2365 servar
893 2303 928 2365 la
960 2302 1165 2384 neutralitai,
1202 2304 1235 2366 el
1259 2303 1318 2365 Re
1352 2304 1387 2365 di

120 2403 246 2471 Franza
268 2407 439 2472 dimostro
462 2409 563 2473 voler
587 2427 654 2472 con
677 2407 807 2472 effecto
836 2408 892 2471 far
916 2408 1139 2490 experientia
1164 2411 1208 2471 de
1231 2411 1281 2472 tal
1306 2429 1386 2472 neu-

119 2512 236 2594 truita,
260 2513 413 2580 dicendo
437 2515 504 2577 che
527 2514 587 2594 gia
611 2515 677 2577 che
696 2512 772 2577 Sua
788 2512 923 2578 Santitir
949 2517 1042 2578 dava
1066 2535 1172 2597 passo
1198 2525 1233 2578 et
1256 2516 1388 2579 victua-

118 2618 159 2682 lie
181 2641 202 2683 a
222 2621 246 2684 li
269 2621 418 2686 exerciti
442 2622 611 2701 caesarei,
635 2642 707 2688 non
731 2622 804 2704 geli
825 2623 974 2703 negaria
998 2642 1129 2685 ancora
1153 2643 1175 2686 a
1198 2623 1263 2698 lui;
1288 2635 1324 2686 et
1338 2625 1387 2686 in-

119 2725 170 2789 vio
199 2749 244 2792 un
272 2729 433 2792 exercito
463 2748 531 2810 per
561 2729 595 2792 el
619 2727 799 2793 Stat0.de
829 2730 864 2793 le
895 2729 1035 2792 Chiesia
1065 2731 1111 2792 ad
1142 2733 1388 2811 temptandum

116 2854 255 2916 regnum
279 2835 573 2918 Neapolitanum
599 2837 718 2900 donde
742 2833 780 2901 S.
805 2833 857 2901 811
884 2836 922 2900 fu
947 2844 1141 2901 constretta
1165 2848 1225 2899 aut
1249 2858 1388 2903 sumere

116 2960 216 3020 arma,
238 2943 367 3025 quibus
390 2964 455 3007 nec
480 2953 622 3024 poterat
646 2963 713 3007 nec
736 2946 882 3007 volebat
905 2944 967 3023 uti,
992 2953 1052 3005 aut
1069 2946 1155 3006 dare
1168 2943 1275 3007 fidem
1290 2946 1388 3028 Regi

115 3049 358 3122 neutralitatis:
394 3050 639 3113 concludendo
671 3061 798 3132 questa
821 3050 1037 3113 convention
1068 3068 1138 3113 non
1173 3072 1271 3114 esser
1294 3056 1385 3115 altro

114 3164 146 3217 et
174 3158 239 3220 che
261 3155 300 3220 S.
325 3155 377 3219 811
402 3176 510 3238 sopra
541 3157 596 3221 cio
621 3158 736 3221 havea
760 3156 893 3238 scripto
925 3178 971 3219 un
995 3158 1112 3221 Breve
1143 3178 1165 3219 a
1189 3154 1225 3222 S.
1251 3158 1386 3224 Excell.

112 3262 412 3329 coniunctamente
436 3275 472 3327 et
496 3265 566 3328 allo
590 3264 648 3326 Ι110
671 3263 777 3327 fratel
801 3285 876 3342 suo,
901 3266 935 3326 al
959 3266 1065 3345 quale
1094 3265 1128 3328 lo
1152 3266 1269 3329 havea
1293 3286 1388 3330 man·

111 3369 200 3451 dato,
224 3371 356 3455 perche
381 3390 452 3434 non
469 3375 619 3435 bastava
636 3373 680 3435 ad
697 3370 734 3436 S.
752 3368 805 3433 811
826 3370 1052 3433 administrar
1071 3374 1141 3433 ben
1157 3381 1250 3434 tutto
1267 3374 1387 3454 quello

111 3475 257 3541 havesse
286 3500 309 3541 a
338 3488 501 3541 retornar
532 3478 567 3541 in
600 3478 686 3541 utile
718 3481 763 3542 de
794 3480 828 3540 la
862 3478 1062 3541 Christiana
1092 3478 1294 3560 republica,
1331 3502 1386 3543 ma

109 3585 208 3647 volea
232 3586 390 3649 anchora
412 3586 589 3648 renderne
613 3593 719 3649 conto
750 3586 798 3649 ali
822 3584 943 3647 dilecti
967 3584 1065 3648 filioli
1090 3586 1143 3647 sui
1174 3605 1219 3648 ne
1243 3587 1265 3648 li
1291 3588 1386 3669 quali

109 3700 142 3749 et
161 3690 217 3755 ira
243 3692 266 3754 li
289 3692 478 3774 principali
503 3712 613 3754 erano
637 3692 883 3756 meritamente
907 3691 978 3755 Sue
1003 3692 1079 3755 ill¹¹²⁰
1102 3690 1279 3773 Signorie.
1326 3696 1386 3758 Me

106 3816 252 3879 respose
282 3799 679 3882 prudentissimamente
719 3801 784 3863 che
816 3803 885 3862 ben
920 3820 1030 3882 sapea
1062 3800 1097 3861 la
1127 3802 1318 3880 prudentia
1351 3813 1387 3865 et

106 3903 210 3969 bonta
244 3908 290 3971 de
315 3906 357 3971 N.
381 3904 419 3971 S.
452 3916 487 3969 et
510 3906 649 3970 benche
673 3929 695 3971 a
718 3906 767 3970 lui
797 3926 868 3969 non
892 3915 1004 3969 stesse
1035 3905 1170 3968 iudicar
1200 3909 1250 3969 tal
1284 3928 1386 3971 cossa

104 4020 137 4073 et
157 4032 225 4094 per
251 4015 288 4077 la
308 4012 445 4077 affinita
469 4016 528 4077 del
549 4034 685 4094 sangue
709 4023 745 4077 et
761 4012 991 4075 observantia
1011 4014 1129 4074 hanno
1146 4033 1168 4075 a
1183 4016 1217 4075 la
1232 4013 1386 4078 Cesarea

104 4116 237 4185 Maesta
273 4121 298 4185 li
320 4120 488 4183 desidera
511 4121 596 4203 ogni
620 4120 771 4203 felicita,
808 4119 1032 4182 nientemeno
1066 4140 1104 4183 se
1128 4122 1262 4183 rendea
1286 4133 1384 4185 certo

103 4227 164 4288 che
196 4228 324 4310 quello
357 4228 472 4290 havea
495 4227 592 4290 facto
616 4228 658 4290 N.
684 4226 720 4292 S.
754 4228 788 4290 lo
817 4228 934 4289 havea
966 4226 1062 4289 facto
1096 4236 1313 4309 constrecto‚
1350 4240 1385 4291 et

102 4331 266 4397 havendo
291 4344 458 4415 respecto
482 4334 541 4416 pih
566 4336 600 4395 al
624 4337 695 4397 ben
712 4354 861 4396 comune
886 4334 953 4395 che
978 4333 1206 4415 aparticular
1221 4336 1384 4417 alchun0,

102 4452 134 4501 et
154 4440 249 4505 cossi
276 4462 317 4504 se
341 4442 476 4505 rendea
499 4450 598 4505 certo
622 4444 680 4505 nel
703 4440 854 4503 havenir
877 4438 968 4502 faria
992 4448 1028 4501 et
1053 4442 1117 4503 che
1139 4440 1186 4504 lui
1211 4451 1247 4504 et
1268 4444 1300 4505 el
1317 4443 1383 4505 fra·

101 4550 178 4612 tello
210 4568 329 4614 erano
361 4548 581 4612 devotissimi
604 4548 769 4611 servitori
802 4549 937 4611 desua
961 4545 1013 4610 811
1039 4548 1156 4629 parati
1188 4571 1209 4610 a
1232 4548 1288 4611 far
1320 4570 1384 4632 per

101 4651 166 4720 Sua
196 4654 435 4722 Beatitudine
470 4665 562 4718 tutto
597 4657 717 4736 quello
753 4654 772 4716 ὲ
807 4653 993 4735 obbligato
1029 4653 1112 4735 ogni
1147 4654 1313 4737 Principe
1349 4666 1384 4719 et

99 4766 253 4828 nembro
289 4760 511 4840 Christiano,
547 4773 582 4824 et
613 4783 670 4826 me
700 4760 815 4843 prego
846 4763 913 4823 che
944 4761 1131 4824 scrivendo
1164 4782 1184 4823 a
1209 4761 1245 4826 S.
1271 4761 1322 4825 811
1351 4766 1382 4826 el

99 4870 232 4935 volesse
265 4867 508 4932 recomandar
531 4868 760 4931 humilmente
790 4868 837 4930 ali
862 4868 960 4949 piedi
988 4869 1121 4931 desua
1144 4869 1381 4935 Beatitudine.
