3425 5700
817 579 1064 637 <>“-Ξ“ὶ908>-ο

302 727 383 790 libri
406 727 496 790 fatto
521 747 543 788 a
562 727 759 808 Maguntia,
786 738 821 789 et
845 727 890 790 de
905 727 965 807 poi
989 714 1098 789 multo
1121 725 1238 809 meli0,
1257 736 1294 791 et
1309 725 1452 810 quando
1476 729 1577 791 have·

301 855 380 897 amo
405 835 514 896 molto
538 834 598 914 piu
623 833 667 896 de
690 834 844 914 bisogno
880 835 924 895 de
954 835 1004 895 tal
1029 831 1166 914 officio,
1199 835 1347 916 predico
1371 833 1578 897 similmente

302 962 322 1003 a
347 940 497 1004 Vormes
521 940 557 1003 in
581 939 763 1021 presentia
786 940 822 1002 di
847 939 969 1019 Cesar,
993 959 1063 1002 non
1088 931 1202 1003 solum
1225 941 1509 1023 &perseguitato
1533 943 1578 1004 da

302 1048 495 1111 Lutherani
510 1069 588 1110 cum
604 1047 762 1129 periculo
785 1048 829 1110 de
844 1048 880 1108 la
895 1047 980 1127 vita,
1005 1067 1062 1109 ma
1077 1067 1210 1110 ancora
1225 1046 1247 1110 ὸ
1266 1047 1421 1110 refutato
1436 1049 1483 1110 tla
1505 1047 1580 1111 suoi

302 1155 437 1237 proprii
461 1154 543 1218 frati
567 1155 611 1216 de
624 1151 810 1236 Maguntia
833 1163 928 1216 sotto
950 1163 1128 1235 pretexto,
1153 1154 1219 1216 che
1242 1174 1281 1217 se
1305 1156 1340 1217 lo
1359 1153 1579 1218 retenisseno

302 1262 338 1324 in
363 1282 455 1342 casa,
480 1282 551 1324 non
576 1262 688 1324 solum
713 1263 1000 1323 mancarebbeno
1020 1262 1097 1324 loro
1113 1261 1146 1323 le
1164 1260 1366 1343 elemosine,
1390 1283 1448 1325 ma
1463 1264 1579 1325 sareb-

303 1371 396 1432 beno
421 1367 630 1450 oltraggiati
654 1368 700 1430 da
723 1367 748 1430 li
773 1369 817 1430 de
842 1368 978 1430 Hutten
1002 1377 1037 1429 et
1060 1367 1141 1430 altri
1154 1368 1366 1443 Lutherani;
1391 1371 1510 1433 donde
1533 1369 1580 1433 lui

303 1475 321 1538 ὲ
346 1484 438 1538 stato
463 1485 657 1538 constretto
681 1474 828 1556 refuger
851 1476 922 1537 alla
945 1475 1133 1537 clementia
1166 1476 1224 1539 del
1256 1474 1487 1539 Sanctissimo
1515 1497 1580 1558 per

302 1585 415 1646 haver
439 1584 589 1664 qualche
613 1581 741 1664 gratia,
766 1590 803 1644 et
825 1580 979 1644 maxime
1003 1583 1103 1644 voler
1128 1601 1225 1645 esser
1247 1582 1411 1645 restituto
1435 1583 1470 1645 in
1495 1582 1579 1666 pris·

303 1690 414 1753 tinum
439 1690 497 1751 del
521 1698 698 1752 convento
723 1689 767 1751 de
791 1687 994 1771 Argentina
1018 1689 1111 1752 dove
1134 1689 1184 1752 lui
1207 1690 1226 1752 ὲ
1250 1688 1432 1772 professo,
1458 1701 1494 1754 et
1516 1711 1582 1773 per

302 1796 429 1859 iniuria
453 1798 498 1859 de
523 1796 630 1878 quelli
646 1795 731 1858 frati
746 1794 805 1877 gia
822 1794 981 1875 alquanti
998 1795 1133 1858 annisu
1148 1805 1344 1860 constretto
1360 1816 1426 1860 con
1443 1798 1582 1879 grande

303 1905 420 1966 danno
452 1903 497 1965 de
527 1904 605 1966 suoi
638 1902 744 1965 studii
779 1911 816 1965 et
845 1901 964 1983 quiete
995 1901 1149 1984 partirsi.
1200 1903 1241 1966 Io
1274 1904 1527 1985 cognoscendo
1557 1903 1583 1966 li

304 2010 420 2073 meriti
444 2011 503 2072 del
526 2009 683 2090 preditto
707 2009 838 2089 padre,
863 2019 898 2071 et
922 2009 1120 2091 sperando,
1145 2011 1211 2072 che
1235 2012 1292 2073 nel
1328 2010 1478 2074 advenit
1501 2009 1583 2074 sera

305 2137 446 2200 sempre
470 2117 505 2178 al
524 2113 708 2197 proposito
734 2125 857 2178 contra
882 2125 1007 2196 questa
1029 2125 1138 2196 secta,
1162 2137 1227 2179 son
1243 2126 1365 2181 tenuto
1382 2137 1579 2180 reccoman·

305 2225 407 2287 darlo
432 2222 667 2304 supplicando
692 2243 713 2284 a
737 2223 780 2285 V.
807 2219 843 2288 S.
868 2221 964 2286 Rma
997 2242 1036 2286 se
1068 2222 1176 2303 degni
1208 2223 1409 2286 interceder
1436 2244 1502 2305 per
1533 2223 1584 2287 lui

304 2351 477 2413 appresso
510 2332 542 2392 el
574 2327 639 2392 8¹⁰⁰
672 2328 701 2391 si
729 2329 860 2410 perche
891 2330 1033 2411 quando
1057 2332 1267 2392 havessemo
1292 2332 1337 2393 de
1362 2331 1513 2412 bisogno
1539 2331 1585 2393 de

304 2437 354 2500 lui
377 2437 413 2498 in
449 2439 531 2518 quel
555 2445 674 2518 tempo
701 2437 745 2498 de
769 2435 1017 2518 importantia,
1050 2437 1332 2518 protestandomi
1363 2437 1411 2500 lui
1435 2439 1494 2502 del
1518 2459 1585 2501 suo

305 2544 474 2628 periculo,
498 2543 549 2606 fui
574 2553 769 2607 constretto
792 2544 1014 2625 prometterli
1038 2545 1115 2625 che,
1139 2543 1169 2606 si
1192 2545 1397 2626 predicasse
1421 2546 1587 2608 debono

305 2651 432 2730 anime,
456 2670 528 2712 non
553 2671 591 2712 se
615 2651 640 2712 li
664 2652 903 2714 mancarebbe
926 2651 956 2712 a’
971 2650 1048 2713 suoi
1071 2650 1229 2732 periculi,
1254 2654 1282 2713 sl
1307 2651 1413 2715 etiam
1436 2671 1502 2735 per
1518 2654 1588 2715 dar

306 2759 471 2838 exemplo
503 2759 549 2819 ad
582 2757 662 2819 altri
695 2758 750 2838 (de
780 2756 804 2818 li
833 2756 929 2838 quali
964 2778 1008 2820 ne
1039 2756 1058 2820 ὲ
1090 2776 1181 2838 gran
1214 2767 1358 2820 caterva
1386 2760 1432 2820 de
1466 2759 1587 2841 questi

307 2866 397 2929 dotti
420 2866 456 2928 in
481 2864 684 2947 Germania)
717 2866 728 2927 i
753 2864 847 2947 quali
871 2886 937 2947 per
961 2865 1212 2947 desperatione
1245 2887 1284 2928 se
1313 2866 1422 2929 fanno
1453 2867 1587 2930 Luthe-

306 2972 403 3051 rani,
427 2971 526 3035 accio
552 2991 778 3053 cognoscano
803 2972 869 3035 che
894 2971 951 3034 chi
980 2993 1027 3035 va
1056 2992 1122 3054 per
1145 2974 1181 3035 la
1204 2972 1322 3035 dretta
1345 2972 1413 3054 via,
1445 2974 1489 3035 nd.
1513 2974 1589 3037 Dio

307 3080 350 3143 ne
374 3082 409 3142 lo
434 3099 498 3142 suo
511 3078 654 3141 Vicario
679 3081 714 3143 lo
739 3080 939 3142 abandona.
987 3080 1030 3142 El
1054 3080 1152 3142 detto
1175 3079 1269 3142 frate
1285 3080 1414 3159 Joanni
1437 3081 1590 3144 narrari

307 3189 342 3250 la
365 3207 449 3249 cosa
473 3207 537 3249 sua
560 3188 594 3247 al
619 3183 659 3247 Sr
681 3186 967 3269 Archiepiscopo
998 3195 1034 3249 et
1064 3186 1235 3268 expedito
1268 3187 1313 3249 de
1337 3187 1382 3269 la,
1405 3197 1591 3269 promette

308 3292 409 3356 venir
432 3315 454 3356 a
476 3293 532 3356 far
554 3296 650 3356 bono
679 3291 797 3355 officio
822 3291 851 3355 si
874 3295 934 3356 nel
958 3292 1124 3373 predicar
1147 3312 1248 3356 como
1266 3295 1326 3356 nel
1342 3294 1525 3357 confessar
1551 3296 1590 3359 in

308 3401 433 3463 alcune
457 3410 559 3481 parte
584 3399 619 3461 di
644 3398 835 3463 Germania
860 3420 963 3462 meno
987 3420 1009 3461 a
1033 3400 1082 3461 lui
1104 3400 1315 3482 periculose.

397 3508 453 3570 De
467 3510 502 3570 la
518 3516 616 3570 secta
633 3528 733 3570 como
750 3510 796 3570 ho
815 3507 947 3588 scripto
964 3506 1025 3588 piu
1045 3510 1143 3570 volte
1167 3508 1203 3570 in
1227 3508 1423 3572 universali·
1442 3516 1521 3572 tuto
1548 3531 1592 3574 se

307 3624 412 3697 porta
435 3616 480 3676 de
504 3617 574 3677 ben
598 3614 634 3677 in
658 3615 783 3695 melio,
808 3612 881 3677 cosi
905 3614 940 3676 in
966 3623 1090 3695 queste
1114 3615 1249 3694 bande,
1278 3635 1380 3679 como
1405 3616 1512 3679 etiam
1537 3617 1593 3680 in-

307 3722 414 3785 tendo
453 3721 518 3783 che
548 3721 584 3783 in
615 3720 807 3785 Germania
845 3723 932 3800 alta,
973 3722 1110 3784 benche
1150 3742 1290 3805 sempre
1321 3721 1357 3784 in
1389 3722 1595 3804 particular

308 3828 458 3911 qualche
483 3828 673 3909 desperato
697 3828 726 3891 si
749 3840 853 3890 trova
879 3830 944 3891 che
969 3848 1014 3891 ne
1030 3831 1132 3910 parla
1149 3838 1185 3891 et
1200 3827 1423 3912 favoreggia,
1449 3837 1485 3891 et
1503 3831 1597 3895 sara

307 3936 435 3997 alcuno
464 3935 529 3998 che
553 3936 622 3997 mai
646 3935 727 3997 vide
752 3935 775 3997 li
800 3934 882 3997 libri
906 3937 951 3997 de
976 3935 1123 4015 Luther,
1154 3936 1188 3998 al
1213 3937 1278 3999 che
1302 3937 1413 4019 perhd
1438 3935 1528 4018 ogni
1554 3940 1597 4002 di

309 4050 345 4105 et
369 4062 433 4123 per
457 4042 542 4124 ogni
567 4044 646 4104 loco
670 4063 715 4104 vo
741 4042 861 4104 dando
885 4045 958 4104 bon
981 4043 1117 4121 ordine,
1141 4042 1256 4106 finche
1273 4042 1388 4107 saccio
1403 4064 1475 4106 una
1499 4063 1598 4110 cosa

308 4150 373 4211 che
397 4149 431 4211 io
454 4150 501 4212 ho
525 4148 560 4211 in
585 4150 701 4212 animo
726 4170 792 4232 per
815 4151 963 4232 general
987 4150 1161 4225 remedio;
1196 4152 1239 4213 ne
1275 4150 1356 4214 voio
1381 4151 1493 4233 perho
1518 4156 1599 4218 che

307 4257 331 4319 il
354 4270 474 4338 tempo
499 4257 564 4319 che
588 4255 622 4319 io
646 4257 693 4318 ho
717 4278 738 4319 a
762 4266 836 4319 star
859 4254 919 4338 qui
943 4256 995 4318 sia
1018 4256 1152 4337 inutile,
1177 4261 1267 4320 cossl
1292 4258 1361 4321 Dio
1393 4277 1449 4320 me
1472 4262 1599 4339 presti

307 4364 342 4425 la
366 4384 429 4425 sua
452 4362 572 4445 grazia
597 4364 666 4425 alla
689 4362 876 4426 defension
906 4365 951 4425 de
983 4384 1047 4426 sua
1076 4374 1179 4427 santa
1208 4364 1292 4428 fede
1325 4366 1371 4427 ad
1401 4366 1518 4427 honor
1556 4379 1601 4433 et

307 4478 535 4532 contentezza
559 4472 617 4532 del
633 4468 698 4531 S¹¹¹⁰
723 4480 758 4533 et
774 4470 817 4532 V.
836 4468 872 4535 S.
898 4471 994 4533 Rma
1016 4471 1087 4534 mei
1102 4472 1169 4534 soli
1184 4480 1220 4534 et
1242 4471 1407 4553 perpetui
1430 4476 1599 4553 patroni.

395 4576 438 4639 El
460 4576 557 4639 Rmo
581 4576 770 4639 Cardinale
795 4577 840 4639 de
865 4577 977 4659 Liege
994 4577 1071 4640 heri
1087 4578 1220 4641 matino
1236 4578 1389 4660 partisse
1414 4578 1460 4641 da
1484 4592 1601 4647 corte
1692 4650 1693 4655 ,

306 4704 371 4764 per
395 4682 506 4765 Liege
531 4692 567 4745 et
589 4684 772 4746 retornara
796 4681 843 4745 fin
869 4693 944 4745 otto
968 4683 1102 4765 giorni;
1135 4684 1210 4748 holi
1243 4686 1330 4747 lette
1357 4684 1391 4746 le
1415 4683 1451 4745 di
1475 4684 1524 4749 V.
1553 4686 1600 4755 S.

306 4788 402 4851 Rma
425 4790 470 4851 de
494 4790 529 4852 la
552 4789 901 4852 recommendatione
925 4788 1016 4852 fatte
1038 4791 1073 4852 al
1097 4787 1162 4852 S¹²¹⁰
1185 4811 1294 4871 sopra
1326 4792 1360 4854 el
1392 4790 1602 4877 privilegio
1692 4826 1693 4851 3

307 4895 352 4957 de
376 4894 558 4978 Mastrect,
584 4899 640 4961 del
659 4898 724 4959 che
741 4896 773 4960 n’
791 4898 810 4960 ὸ
834 4905 934 4960 tanto
954 4906 1122 4961 contento
1137 4908 1270 4980 quanto
1286 4899 1331 4961 de
1346 4898 1432 4979 ogni
1443 4906 1604 4981 grande
1692 4900 1693 4907 ¹
