3425 5700
717 547 964 609 θ-ΐδόὔΗΉ

198 698 256 762 ille
282 696 396 761 videri
420 696 532 781 possit
557 698 602 761 ab
626 699 692 761 hac
717 697 874 762 factione
901 698 1012 762 fuisse
1045 698 1105 761 vel
1136 716 1215 761 esse
1246 715 1392 780 prorsus
1420 696 1478 763 im·

199 806 324 869 munis.
374 806 488 886 Quam
513 808 559 869 ob
584 826 657 868 rem
675 808 793 874 multis
809 818 961 889 apparet
985 827 1055 869 non
1073 826 1152 868 esse
1167 806 1269 872 nimis
1283 810 1481 871 consultum

198 911 288 975 Smum
313 914 356 976 D.
381 913 423 975 N.
448 916 506 975 vel
530 912 699 975 brevibus
723 915 769 975 ad
793 914 970 976 hominem
995 912 1146 995 scriptis,
1171 915 1228 975 vel
1245 911 1349 975 sactis
1364 925 1478 977 osten·

199 1022 284 1083 dere
310 1040 349 1083 se
373 1020 563 1083 admodum
588 1022 645 1081 vel
671 1019 899 1101 magnificare
925 1022 982 1082 vel
1006 1020 1113 1081 etiam
1137 1019 1261 1081 timere
1284 1020 1395 1101 illum,
1419 1032 1481 1085 aut

197 1138 347 1210 propter
380 1146 460 1189 eum
496 1126 678 1208 imponere
711 1126 888 1189 silentium
919 1126 1023 1188 bonis
1058 1135 1095 1188 et
1124 1126 1249 1188 zelosis
1279 1127 1481 1192 hominibus

198 1233 334 1315 scripta
358 1233 433 1295 eius
457 1232 583 1296 merito
608 1245 644 1295 et
667 1234 869 1295 necessario
902 1234 1103 1295 hominibus
1132 1243 1298 1314 suspecta
1330 1236 1478 1298 redden-

197 1341 292 1402 tibus
310 1339 395 1402 etin
412 1339 539 1421 quibus
553 1359 636 1402 vere
652 1339 947 1421 reprehensibilia
965 1350 1044 1402 sunt
1062 1360 1104 1402 ea
1120 1340 1480 1421 reprehendentibus;

198 1467 244 1509 ne
277 1445 446 1510 videlicet
475 1446 534 1507 alii
566 1446 739 1527 Theologi
781 1458 816 1508 et
846 1446 1113 1528 praedicatores
1142 1467 1213 1508 non
1241 1467 1353 1530 usque
1387 1451 1478 1515 adeo

195 1553 338 1633 fervidi,
363 1555 431 1615 hoc
461 1564 649 1616 cernentes
673 1553 867 1636 tepidiores
890 1553 1086 1616 reddantur
1109 1555 1154 1614 ad
1179 1553 1415 1618 obiiciendum
1440 1578 1479 1621 se

195 1660 310 1723 rabiei
335 1660 618 1723 Lutheranorum
644 1676 678 1723 et
702 1660 797 1723 mille
821 1660 998 1742 periculis.
1046 1660 1086 1721 Id
1111 1660 1206 1741 quod
1227 1662 1293 1723 hoc
1318 1672 1479 1745 tempore

196 1768 350 1829 maxime
373 1769 571 1829 cavendum
595 1778 658 1845 est,
684 1788 762 1829 cum
785 1766 870 1830 inde
894 1769 1039 1829 multum
1062 1768 1142 1847 plus
1165 1767 1248 1829 mali
1272 1780 1480 1850 sequeretur

200 1894 306 1955 quarn
332 1874 360 1935 si
384 1874 552 1936 Erasmus
576 1894 597 1935 a
621 1870 714 1935 SS¹¹¹⁰
739 1874 804 1935 D¹¹⁰
825 1873 867 1935 N.
893 1884 1116 1955 contemptus
1140 1874 1184 1936 de
1199 1873 1373 1944 industria
1397 1880 1475 1941 scri·

196 1984 303 2044 beret
342 1980 377 2042 in
413 1980 489 2042 eius
520 1978 753 2043 Sanctitatem
785 1992 820 2043 et
856 1980 1057 2045 universam
1089 1981 1239 2061 Sedem,
1269 1994 1393 2065 utpote
1419 1986 1478 2067 qui

196 2087 304 2150 etiam
328 2086 357 2149 si
381 2085 536 2168 pessime
560 2086 716 2149 scribere
740 2096 940 2165 conaretur,
964 2087 1088 2168 peiora
1111 2087 1153 2151 iis
1186 2109 1277 2170 quae
1301 2090 1478 2155 Lutherus

196 2193 340 2275 scripsit
365 2195 522 2256 scribere
547 2214 616 2255 non
641 2208 773 2274 posset.
831 2193 956 2257 Sciunt
983 2205 1171 2275 praeterea
1202 2216 1324 2259 omnes
1349 2199 1478 2262 eruditi

196 2312 232 2364 et
258 2300 364 2363 etiam
389 2311 487 2381 maga
509 2299 765 2363 hieruditorum
796 2322 817 2362 a
847 2301 951 2363 bouis
981 2303 1287 2383 praedicatoribus
1317 2304 1480 2369 instructi

195 2428 301 2489 quam
327 2427 453 2489 parum
476 2406 560 2469 fidei
585 2407 812 2469 tribuendum
836 2406 881 2469 sit
897 2407 1043 2471 Erasmo
1066 2409 1101 2470 in
1126 2412 1233 2472 rebus
1257 2412 1478 2493 theologicis,

196 2534 275 2576 cum
292 2513 328 2575 in
344 2513 461 2594 patria
476 2513 658 2595 utriusque
676 2512 819 2595 linguae
836 2524 871 2576 et
888 2514 1141 2595 grammaticae
1156 2524 1262 2597 atque
1279 2518 1478 2581 rhetoricae

194 2622 341 2683 multum
366 2619 508 2683 omnino
533 2624 578 2683 sit
605 2620 840 2701 tribuendum,
864 2620 958 2683 iutra
985 2642 1133 2703 quarum
1163 2623 1364 2703 linguarum
1394 2627 1476 2688 arti·

195 2747 327 2808 umque
350 2727 479 2789 limites
504 2726 532 2789 si
548 2747 627 2789 sese
643 2726 884 2807 continuisset,
901 2748 973 2789 non
990 2728 1080 2790 adeo
1097 2727 1287 2791 infeliciter
1311 2740 1477 2812 tanquam

195 2855 311 2916 parvo
335 2832 453 2896 fructu
477 2855 556 2897 sese
580 2836 687 2897 rebus
711 2832 923 2916 theologicis
946 2832 1163 2915 ingessisset.
1211 2833 1336 2916 Neque
1359 2846 1477 2901 tamen

195 2941 405 3022 negaverim
430 2961 508 3004 eum
533 2943 642 3004 multa
675 2940 860 3024 scripsisse
890 2944 985 3004 bona
1016 2950 1122 3022 atque
1155 2940 1254 3004 utilia
1285 2954 1321 3004 et
1351 2944 1478 3025 quibus

195 3047 345 3111 studiosi
370 3047 475 3109 etiam
499 3047 703 3128 theologiae
728 3067 798 3110 non
822 3067 946 3129 parum
971 3047 1132 3109 adiuvari
1155 3047 1292 3128 possint
1321 3049 1351 3110 si
1374 3062 1478 3114 caute

195 3165 233 3218 et
261 3175 339 3217 cum
363 3153 493 3217 iudicio
519 3173 562 3216 ea
585 3156 726 3236 legant;
762 3155 825 3216 sed
857 3163 1005 3236 propter
1035 3154 1139 3216 valde
1174 3155 1281 3217 multa
1317 3176 1407 3237 quae
1441 3158 1476 3220 in

195 3261 248 3324 eis
271 3259 390 3323 insunt
406 3262 463 3322 vel
487 3280 637 3323 erronea
661 3260 719 3322 vel
743 3262 955 3323 scandalosa
977 3261 1036 3323 vel
1059 3260 1196 3342 piarum
1217 3261 1353 3324 aurium
1368 3263 1476 3327 offen-

195 3369 283 3448 siva‚
309 3369 493 3430 crederem
518 3388 586 3449 ego
619 3367 732 3450 magis
757 3367 998 3451 profecturum
1028 3367 1138 3430 fuisse
1162 3366 1383 3432 Christianae
1413 3371 1476 3433 rei-

195 3475 362 3558 publicae
392 3475 421 3537 si
445 3473 612 3538 Erasmus
647 3475 734 3538 nihil
770 3475 912 3538 omnino
946 3475 990 3536 de
1023 3477 1129 3537 rebus
1159 3473 1371 3556 theologicis
1399 3477 1475 3538 atti·

195 3584 309 3665 gisset
341 3583 399 3644 vel
433 3580 645 3662 scripsisset.
707 3581 817 3644 Immo
849 3602 920 3644 non
960 3582 1088 3643 desunt
1119 3581 1178 3662 qui
1207 3591 1334 3663 putent
1364 3583 1478 3646 minus

195 3690 396 3752 nociturum
421 3689 530 3752 fuisse
554 3689 583 3752 si
608 3698 732 3771 aperte
755 3709 821 3771 pro
838 3689 994 3750 Luthero
1018 3687 1175 3751 stetisset
1197 3708 1301 3769 quam
1326 3698 1476 3772 utroque

196 3799 290 3878 pede
317 3796 552 3858 claudicando
577 3806 612 3857 et
637 3797 726 3858 duos
751 3795 859 3876 (utin
885 3794 1022 3876 adagiis
1046 3794 1121 3856 eius
1145 3795 1209 3875 est)
1243 3795 1399 3877 parietes
1430 3818 1476 3860 ex

194 3925 267 3966 una
290 3903 409 3965 fidelia
433 3903 645 3983 dealband0‚
670 3921 760 3964 nunc
777 3903 835 3964 uni
852 3922 945 3964 nunc
962 3901 1065 3962 alteri
1087 3903 1180 3982 parti
1203 3901 1317 3964 videri
1342 3903 1470 3967 adhae-

193 4032 275 4074 rere
299 4012 408 4083 velle3
441 4010 632 4091 dicuntque
662 4012 826 4073 doctores
858 4010 938 4091 plus
968 4028 1097 4070 nocere
1128 4029 1190 4071 eos
1223 4009 1282 4089 qui
1314 4017 1475 4091 tempore

194 4118 426 4180 schismatum
460 4117 578 4198 (quale
618 4136 710 4178 nunc
740 4125 793 4178 est
828 4115 863 4177 in
896 4115 1056 4177 Ecclesia
1087 4116 1155 4176 ehu
1179 4115 1321 4177 nimium
1346 4118 1471 4198 grave)

195 4223 380 4304 utriusque
404 4223 539 4303 pariter
563 4233 598 4284 et
622 4222 780 4285 neutrius
803 4221 915 4304 partis
940 4241 1018 4284 esse
1041 4222 1177 4299 volunt,
1201 4241 1305 4302 quam
1330 4243 1391 4285 eos
1415 4224 1474 4304 qui

196 4333 305 4413 plane
330 4350 435 4392 unam
459 4340 597 4410 partem
622 4330 728 4392 etiam
752 4329 965 4391 deteriorem
988 4328 1257 4408 amplectuntur.
1314 4329 1380 4391 His
1412 4330 1475 4392 ita-

200 4457 271 4520 que
297 4447 333 4500 et
356 4436 529 4499 similibus
553 4435 749 4499 rationibus
772 4436 914 4498 videtur
937 4435 1033 4516 qnod
1058 4431 1166 4496 SS¹¹¹¹¹⁸
1184 4435 1226 4498 D.
1243 4434 1285 4496 N.
1303 4444 1337 4497 et
1358 4449 1473 4498 revm¹¹⁸

196 4653 324 4714 Lugduni
338 4653 429 4702 Batar.
452 4651 537 4714 1705).
569 4651 608 4698 At
620 4652 678 4714 ipsa
697 4651 730 4699 ad
744 4650 959 4700 Melanchtonem
978 4649 1057 4698 missa
1075 4649 1188 4713 epistola
1207 4650 1250 4699 die
1269 4649 1294 4702 6.
1313 4652 1385 4715 Sept.
1409 4662 1475 4716 1524

196 4749 251 4782 non
270 4733 352 4780 dubie
371 4731 487 4779 ostendit
506 4731 623 4779 savorem
643 4747 695 4794 quo
715 4731 855 4788 Erasmus,
873 4731 922 4779 nisi
947 4731 1050 4787 omnia,
1076 4737 1146 4778 certe
1164 4730 1247 4778 multu
1267 4730 1375 4779 Lutheri
1395 4747 1477 4795 opera

195 4820 224 4862 et
242 4813 342 4877 scripta
361 4811 577 4874 prosequebatur.
615 4811 740 4859 Nondum
760 4811 875 4860 enimin
899 4826 957 4858 eum
983 4818 1074 4873 aperta
1098 4811 1219 4858 convicia
1249 4811 1404 4871 humerum,
1429 4828 1476 4880 spe

197 4909 289 4942 secum
308 4893 383 4941 illum
403 4891 521 4940 habendi
540 4893 651 4956 perdita,
671 4891 822 4951 iniecerant,
841 4892 909 4939 sicut
928 4890 1010 4938 serius
1028 4891 1139 4944 fecmnt.
