3425 5700
667 604 896 661 4073&

147 774 238 817 casse
262 752 393 830 statim,
416 754 628 815 altramente
653 754 804 815 sarebbe
829 762 952 815 tenuto
977 773 1042 834 per
1065 753 1234 833 heretic0,
1269 760 1304 815 et
1327 762 1421 834 post-

147 882 242 941 quam
274 860 439 923 rediisset
469 860 505 922 in
530 858 683 941 patriam
706 880 752 923 ex
776 859 883 921 Dieta
907 860 1163 940 procederetur
1186 859 1222 921 in
1247 878 1325 921 eum
1349 868 1422 920 tan-

147 987 242 1048 quam
268 967 304 1028 in
328 966 525 1029 hereticum
549 969 601 1030 sel
624 966 721 1029 fusse
745 985 868 1048 preso;
893 977 929 1030 et
943 987 964 1027 a
981 976 1107 1047 questo
1124 965 1205 1027 tutti
1226 964 1251 1027 li
1267 964 1423 1046 Principi

146 1075 290 1137 volcano
323 1082 473 1136 mettere
503 1072 526 1135 li
558 1073 642 1136 beni
675 1083 710 1137 et
739 1074 764 1134 li
797 1073 898 1155 corpi
922 1074 998 1135 loro
1008 1120 1016 1151 ,
1052 1093 1107 1135 ma
1132 1072 1225 1135 delle
1250 1092 1332 1135 cose
1356 1073 1422 1134 che

147 1190 287 1243 toccano
312 1182 370 1243 all'
388 1179 556 1243 Autorita
580 1182 638 1243 del
662 1180 774 1261 Papa,
807 1188 844 1242 et
863 1180 942 1261 jura
966 1180 1129 1261 positiva,
1164 1183 1230 1241 che
1254 1179 1302 1241 lui
1326 1178 1423 1242 fusse

147 1289 278 1367 audito,
311 1297 348 1350 et
379 1289 445 1351 che
475 1308 513 1350 se
547 1289 652 1350 desse
680 1287 791 1369 judici
821 1287 868 1349 da
892 1286 1002 1350 Cesar
1030 1287 1075 1349 ad
1099 1286 1179 1348 udir
1203 1286 1259 1349 chi
1283 1289 1423 1350 volasse

147 1396 301 1477 disputat
325 1404 451 1457 contra
465 1394 620 1457 Martino
645 1392 763 1475 (notisi
786 1394 822 1456 la
846 1394 942 1456 bella
964 1394 1199 1456 deliberation
1216 1392 1251 1456 di
1267 1393 1423 1475 Principi

147 1502 179 1563 di
200 1504 417 1586 Alemagna)
441 1501 501 1583 poi
525 1522 565 1565 se
589 1502 792 1583 publicasse
816 1500 840 1563 il
865 1501 1043 1581 mandato,
1072 1500 1096 1563 il
1121 1502 1187 1563 che
1211 1503 1364 1563 sarebbe
1388 1500 1423 1561 in

147 1609 265 1671 diebus
298 1610 385 1681 itlis;
420 1619 457 1671 et
486 1612 556 1671 ben
589 1607 619 1670 si
649 1610 741 1672 vede
766 1609 833 1670 che
857 1628 946 1671 sono
970 1617 1082 1669 trame
1107 1608 1165 1670 del
1190 1607 1335 1671 Saxone
1359 1627 1424 1689 per

147 1716 262 1779 diferir
286 1718 321 1779 la
345 1736 440 1795 cosa,
464 1736 574 1778 ancor
597 1717 663 1777 che
687 1716 783 1779 mille
797 1718 895 1778 volte
912 1714 1010 1778 molti
1027 1714 1187 1797 Principi
1203 1716 1268 1778 che
1288 1712 1423 1797 pare'no

147 1824 265 1901 buoni,
299 1834 337 1886 et
360 1834 458 1886 certo
482 1843 643 1903 pensano
666 1822 723 1885 far
746 1830 979 1902 santamente,
1003 1822 1179 1903 tenghino
1205 1823 1270 1884 che
1294 1822 1336 1884 sii
1360 1841 1424 1903 per

148 1930 169 1991 il
199 1930 340 2011 meglio
395 1929 510 2010 Quum
546 1939 666 1993 tamen
696 1929 743 1992 sit
774 1928 966 2011 pessimum
998 1930 1183 1993 consilium
1214 1940 1249 1992 et
1283 1950 1321 1991 se
1354 1948 1422 1991 non

147 2058 299 2118 paccano
322 2058 390 2119 per
412 2036 606 2117 malignita,
637 2056 797 2119 peccano
821 2056 888 2117 per
911 2036 1127 2117 ignorantia;
1161 2038 1351 2100 tuttavolta
1376 2036 1423 2097 di·

148 2165 253 2207 ceano
277 2146 344 2206 che
367 2153 586 2207 remetteano
611 2142 697 2225 ogni
721 2164 805 2206 cosa
828 2142 863 2205 in
890 2144 923 2205 la
942 2142 1081 2207 Maesta
1098 2142 1261 2223 Cesarea,
1286 2162 1423 2205 arecor·

148 2251 287 2315 dandoli
318 2250 408 2332 pero
437 2252 505 2313 che
536 2253 607 2313 ben
638 2251 834 2332 guardasse
868 2250 914 2313 de
938 2270 1009 2313 non
1033 2248 1089 2312 far
1113 2252 1263 2331 qualche
1287 2250 1425 2332 grande

147 2360 310 2422 scandalo
334 2358 370 2421 in
393 2366 519 2439 questo
533 2357 697 2439 Imperio,
721 2356 938 2439 publicando
964 2358 998 2421 el
1022 2359 1189 2421 mandato
1214 2358 1424 2421 altramente

147 2466 208 2528 che
231 2467 308 2528 loro
333 2464 586 2528 consiliavan0.

231 2572 417 2636 Postremo
447 2572 705 2653 supplicavano
731 2569 804 2635 Sua
827 2571 969 2635 Maesta
996 2573 1062 2636 che
1087 2573 1110 2635 li
1135 2570 1305 2635 liberasse
1330 2572 1425 2634 dalla

147 2679 346 2761 Tyrannide
381 2679 416 2741 di
448 2679 568 2741 Roma
605 2690 641 2741 et
677 2678 774 2759 quivi
809 2677 1010 2741 effuderunt
1047 2678 1164 2741 omnia
1194 2698 1331 2741 venena
1362 2699 1425 2741 sua

148 2798 267 2848 contra
290 2806 357 2849 nos
380 2785 402 2848 ὲ
424 2785 482 2848 chi
506 2784 642 2868 peggio
665 2794 775 2868 potea
799 2786 889 2859 dire;
915 2797 950 2849 et
974 2806 994 2847 a
1019 2794 1144 2867 questa
1168 2784 1424 2849 deliberatione

147 2895 235 2974 loro,
259 2896 294 2957 la
317 2895 402 2976 qual
426 2893 536 2956 Cesar
559 2914 598 2956 se
621 2893 703 2956 fece
727 2895 851 2956 tradur
874 2892 908 2954 in
934 2893 1113 2956 Francese
1137 2890 1189 2956 sn
1211 2891 1351 2956 Maesta
1373 2913 1424 2956 re-

147 3020 249 3081 spose
271 3001 484 3082 prudenter,
518 3003 583 3065 che
609 3003 643 3064 le
666 3004 811 3082 querele
836 3001 872 3062 di
896 3002 1016 3063 Roma
1039 3000 1087 3062 lui
1111 3020 1181 3062 non
1206 3002 1335 3064 voleva
1359 3001 1424 3062 che

147 3126 182 3169 se
211 3109 473 3171 mescolasseno
507 3128 574 3170 con
608 3109 643 3172 la
673 3129 758 3170 cosa
782 3107 818 3169 di
842 3107 986 3188 Luther,
1011 3107 1075 3170 che
1100 3117 1249 3169 toccava
1273 3106 1306 3169 la
1331 3106 1424 3170 fede.

147 3213 203 3276 Ma
225 3217 293 3277 che
318 3212 392 3277 Sua
415 3213 556 3278 Maesta
580 3215 810 3278 scriverebbe
835 3235 857 3276 a
873 3214 1004 3277 Nostro
1020 3213 1173 3296 Signore
1198 3223 1234 3277 et
1258 3214 1323 3277 che
1348 3233 1424 3294 spe·

147 3340 228 3384 rava
259 3322 327 3385 che
352 3320 426 3384 Sua
449 3320 589 3420 Santita
614 3323 773 3385 darebbe
798 3321 915 3384 ordini
943 3322 1004 3384 alli
1028 3321 1129 3384 abusi
1151 3341 1188 3384 se
1213 3341 1301 3384 sono
1325 3341 1425 3384 come

147 3423 196 3490 lor
216 3428 357 3492 dicono.
449 3448 451 3451 ·

230 3539 265 3600 A
290 3539 410 3619 quello
435 3538 481 3599 de
508 3536 720 3600 auctoritate
743 3555 861 3618 papae
886 3545 921 3598 et
945 3535 1097 3599 decretis
1122 3545 1158 3599 et
1188 3535 1426 3600 decretalibus

148 3639 216 3705 Sua
229 3643 368 3706 Maesta
392 3642 497 3721 disse,
522 3644 588 3706 che
613 3663 678 3724 per
701 3643 821 3706 niente
846 3663 885 3705 se
906 3646 1023 3706 havea
1039 3665 1060 3706 a
1081 3643 1251 3725 disputar,
1275 3664 1331 3707 ma
1348 3645 1426 3724 che,

149 3769 183 3810 se
194 3750 348 3814 Martino
363 3753 478 3814 havea
502 3752 549 3812 ad
574 3749 706 3828 venire,
731 3751 844 3813 solum
870 3769 907 3812 se
931 3749 1156 3832 interogasse
1180 3771 1218 3813 se
1243 3749 1291 3812 lui
1310 3751 1426 3812 havea

149 3868 327 3938 composto
359 3858 467 3939 quelli
497 3857 589 3937 libri,
623 3864 660 3918 et
683 3877 767 3919 casu
792 3877 862 3939 quo
888 3856 1135 3938 confiteretur,
1166 3861 1218 3920 sel
1243 3859 1347 3920 volea
1371 3877 1424 3919 su·

149 3973 277 4028 stentar
309 3975 346 4027 et
380 3963 553 4028 defendet
584 3965 702 4046 quello
734 3966 799 4026 che
824 3965 847 4027 l'
860 3965 907 4026 ha
930 3964 1054 4027 scritto
1078 3974 1203 4028 contra
1226 3966 1260 4026 la
1284 3964 1367 4027 fede
1391 3973 1427 4026 et

150 4089 223 4134 eum
247 4072 407 4136 ordinem
432 4081 468 4134 et
491 4073 607 4153 ritum,
632 4091 736 4153 quem
762 4074 1044 4135 observaverunt
1068 4071 1102 4134 in
1128 4072 1290 4134 omnibus
1305 4082 1426 4152 patres

149 4178 255 4240 nostri
277 4199 389 4260 usque
414 4181 459 4242 ad
484 4179 670 4243 odiernum
693 4178 804 4251 diem;
837 4180 933 4261 quod
958 4179 987 4241 si
1010 4188 1215 4259 revocaret,
1240 4189 1323 4240 tunc
1347 4198 1424 4260 pro·

150 4295 284 4349 curaret
307 4285 420 4349 Cesar
450 4295 489 4348 ut
513 4284 744 4349 Santissimus
768 4286 941 4349 Dominus
969 4295 1091 4349 noster
1115 4306 1193 4349 eum
1222 4287 1426 4348 absolveret

150 4402 182 4452 et
204 4393 393 4476 reciperet:
427 4393 482 4456 sin
505 4404 622 4456 autem
648 4392 826 4456 obstinate
851 4403 1100 4475 perseveraret
1124 4393 1159 4454 in
1188 4413 1252 4455 sua
1274 4391 1424 4472 haeresi,

150 4511 329 4581 postquam
355 4501 518 4563 rediisset
543 4502 608 4563 sub
633 4501 924 4580 salvoconducto,
949 4501 1043 4564 unde
1061 4501 1129 4563 huc
1147 4499 1361 4578 advenisset,
1387 4521 1425 4562 se

151 4604 241 4670 fusse
271 4628 395 4689 pres0,
429 4607 527 4670 fusse
559 4609 684 4689 punito
717 4627 817 4670 come
847 4605 1024 4687 heretico,
1061 4615 1096 4668 et
1127 4626 1235 4688 sopra
1267 4605 1322 4669 cib
1346 4605 1425 4670 fece

151 4714 280 4776 adunar
301 4714 325 4778 li
349 4714 497 4778 conselii
522 4715 558 4776 di
581 4735 644 4778 sue
669 4713 805 4777 nationi
829 4716 922 4776 dove
946 4713 984 4774 fu
1007 4712 1080 4776 fino
1104 4714 1149 4775 ad
1174 4715 1260 4776 hore
1284 4722 1424 4794 quattro

153 4817 184 4878 di
207 4831 312 4903 notte,
337 4833 374 4885 et
394 4821 453 4885 noi
471 4821 726 4904 expettassimo
743 4841 882 4901 sempre
900 4841 965 4902 per
979 4820 1143 4883 intender
1159 4823 1194 4882 la
1209 4821 1424 4900 conclusion,

151 4925 183 4986 la
204 4933 284 5009 qual
307 4950 380 4993 non
403 4929 441 4992 fu
466 4929 556 4992 latta
579 4949 645 5010 per
668 4928 692 4991 li
716 4927 791 4991 voti
815 4927 1044 5008 discordanti,
1068 4925 1201 5008 perche
1225 4927 1261 4989 in
1286 4929 1320 4990 el
1345 4947 1424 4990 con-
