3425 5700
727 584 976 663 sennen

816 950 836 1013 2
861 951 891 1016 t.

662 950 1035 1148 Roianusbsadolen.

617 1222 766 1291 (Verior.
791 1222 835 1281 ai
860 1222 960 1281 tlon
984 1222 1021 1280 E
1046 1222 1098 1290 50.)

721 1346 775 1417 (28·
795 1350 869 1415 sepe
891 1349 980 1415 152s·)

388 1494 430 1558 Li
454 1494 556 1558 brevi
580 1514 601 1555 a
626 1514 681 1556 me
705 1513 792 1575 pare
815 1494 886 1555 ben
911 1494 1085 1557 mandarli
1110 1514 1131 1555 a
1166 1496 1222 1557 chi
1257 1516 1357 1574 vano,
1391 1506 1426 1558 et
1456 1518 1498 1558 sn

212 1607 283 1669 ben
308 1606 435 1667 alcuno
460 1602 495 1663 di
512 1603 589 1664 loro
607 1620 677 1662 non
702 1598 722 1661 ὲ
747 1600 839 1662 cussi
863 1602 935 1661 bon
961 1600 1498 1683 ecclesiasticocomedoveri31‚

214 1723 249 1775 et
273 1711 391 1793 quello
414 1711 462 1771 ha
485 1707 581 1769 facto
605 1706 627 1769 l’
643 1706 750 1768 habia
778 1704 875 1768 facto
911 1705 1066 1770 sforzato
1101 1728 1167 1790 per
1197 1710 1404 1772 sublevarse
1435 1711 1499 1772 dal

213 1819 312 1881 furor
336 1818 380 1879 de
404 1816 428 1879 li
452 1814 529 1877 suoi
553 1812 701 1893 subditi,
736 1832 802 1895 per
839 1824 965 1895 questo
1001 1835 1071 1877 non
1104 1824 1200 1878 resta
1228 1817 1294 1880 che
1328 1818 1499 1880 vedendo

214 1927 279 1988 che
297 1925 319 1986 'l
343 1923 372 1985 si
396 1922 443 1985 ha
465 1922 560 1982 bona
585 1918 752 2001 opinione
789 1919 824 1981 (ii
860 1923 936 1982 loro
968 1932 1165 1985 remetteno
1199 1924 1244 1986 de
1279 1924 1398 2005 quella
1432 1945 1500 1986 sua

213 2028 410 2114 pertinacia
434 2035 470 2090 et
494 2046 533 2089 se
557 2045 725 2107 vengono
748 2025 784 2087 in
808 2028 961 2107 qualche
983 2039 1087 2109 parte
1111 2050 1133 2090 a
1148 2030 1284 2110 placar;
1310 2040 1346 2093 et
1370 2050 1409 2093 se
1425 2050 1496 2111 pur

217 2158 289 2201 non
313 2135 470 2218 giovano
494 2152 565 2197 non
592 2152 712 2213 ponno
737 2152 847 2195 nocer
871 2141 907 2195 et
931 2134 1023 2196 cussi
1048 2134 1071 2198 li
1095 2139 1380 2219 accompagnaro
1416 2158 1498 2200 cum

216 2244 283 2307 mie
307 2244 434 2305 lettere
458 2241 615 2303 secondo
639 2238 686 2301 mi
709 2238 838 2321 pareri
863 2240 929 2301 che
954 2261 1152 2323 convenga.

303 2350 384 2412 Non
407 2350 453 2411 ho
477 2346 525 2409 fin
550 2347 638 2409 hora
661 2356 867 2427 presentato
903 2348 938 2409 el
967 2346 1085 2411 Breve
1120 2350 1155 2411 al
1188 2347 1294 2412 Ser¹¹¹⁰
1328 2350 1499 2432 Principe

214 2480 279 2541 per
303 2478 401 2520 esser
424 2464 515 2517 tutto
541 2454 564 2515 il
589 2453 715 2535 giorno
741 2464 834 2516 stata
858 2474 922 2517 sua
945 2453 1039 2517 Ser‘*
1063 2476 1084 2518 a
1100 2458 1136 2519 la
1152 2478 1257 2519 caza:
1283 2457 1499 2546 mediolane

215 2568 250 2628 lo
274 2562 499 2646 presentare,
530 2572 565 2623 et
589 2570 722 2642 quanto
747 2560 782 2621 al
806 2562 956 2623 mandat
979 2562 1024 2624 de
1048 2562 1072 2623 li
1103 2564 1236 2625 oratori
1260 2565 1293 2626 al
1319 2576 1498 2627 convento

215 2673 274 2735 del
297 2669 403 2733 Ser¹¹¹⁰
427 2670 486 2731 Re
511 2669 554 2731 de
580 2666 731 2729 Polonia
755 2677 790 2727 et
816 2664 987 2749 Ungaria,
1012 2667 1086 2731 Sua
1109 2668 1203 2732 Serv
1226 2672 1273 2733 ha
1297 2671 1498 2735 deliberato

216 2778 362 2843 mandat
386 2774 409 2839 li
433 2776 456 2838 il
481 2794 636 2838 vescovo
661 2774 894 2856 Laybacense
919 2785 955 2837 et
985 2774 1009 2837 il
1041 2774 1184 2839 fratello
1220 2778 1265 2839 de
1290 2778 1417 2841 Mons‘.
1450 2780 1500 2841 de

215 2883 462 2969 Regendorff,
499 2905 520 2946 a
549 2884 573 2946 li
599 2883 694 2964 quali
719 2882 807 2948 dari
830 2883 866 2944 in
891 2885 1067 2947 mandatis
1092 2906 1192 2948 come
1216 2889 1306 2948 altre
1330 2889 1427 2950 volte
1449 2888 1499 2949 mi

215 3013 396 3076 promesse
422 2991 576 3054 secondo
601 2991 625 3051 il
649 2989 826 3052 desiderio
852 2992 897 3052 de
921 2990 964 3056 N.
991 2989 1042 3064 S.;
1067 3013 1124 3054 rna
1148 2998 1205 3074 qul
1231 3014 1301 3056 non
1326 2994 1500 3056 eanchor

215 3101 339 3184 gionto
363 3101 397 3162 el
421 3109 540 3161 orator
565 3097 621 3159 del
648 3095 794 3176 Ongaro
819 3097 910 3159 deve
934 3097 1057 3177 venir,
1086 3100 1129 3161 ηὲ
1158 3100 1188 3161 si
1217 3103 1324 3164 crede
1358 3103 1423 3163 che
1449 3103 1499 3163 tal

215 3218 392 3272 convento
415 3206 524 3268 habia
547 3227 566 3267 a
592 3206 698 3266 sortir
721 3202 849 3266 effecto
875 3205 995 3266 avanti
1020 3206 1053 3267 el
1078 3227 1173 3268 mese
1197 3209 1242 3268 de
1268 3207 1407 3273 Martio.

304 3315 355 3376 Le
380 3333 481 3375 cosse
506 3313 550 3374 de
575 3311 716 3373 Alsatia
739 3330 827 3372 sono
852 3309 1032 3391 aquietate
1058 3323 1094 3374 et
1117 3334 1156 3376 se
1179 3315 1273 3377 hano
1307 3316 1500 3396 sottoposti

216 3432 252 3484 et
276 3421 349 3484 dati
374 3441 395 3482 a
418 3421 453 3481 la
477 3418 593 3499 gratia
617 3418 675 3480 del
700 3416 868 3498 Principe
905 3425 940 3479 et
971 3437 1114 3500 pagano
1150 3432 1247 3482 certa
1282 3442 1417 3484 summa
1452 3421 1500 3483 de

217 3528 352 3600 dinari;
378 3528 494 3608 quelle
521 3527 565 3588 de
590 3524 722 3587 Svevia
747 3534 783 3587 et
805 3524 965 3606 Algovia
989 3545 1077 3588 sono
1102 3536 1199 3588 tanto
1226 3527 1374 3609 pacifice
1398 3548 1500 3590 come

216 3657 255 3698 se
279 3634 347 3701 mai
371 3634 396 3697 li
421 3632 517 3695 fusse
541 3642 634 3695 stata
658 3651 743 3694 cosa
766 3632 910 3713 alcuna,
942 3640 977 3694 et
1006 3631 1124 3696 niente
1158 3633 1193 3695 di
1221 3654 1325 3696 meno
1358 3631 1392 3695 di
1417 3654 1501 3697 con-

215 3741 314 3803 tinuo
339 3739 368 3802 si
391 3759 586 3821 persevera
609 3739 645 3800 in
668 3737 724 3800 iar
759 3737 1000 3820 exequutione
1025 3748 1060 3800 et
1093 3741 1197 3800 taliar
1229 3750 1320 3803 teste
1344 3761 1365 3801 a
1389 3741 1500 3804 vilani

216 3869 280 3911 son
304 3846 386 3909 stati
412 3866 519 3908 causa
550 3845 604 3908 de'
629 3845 777 3908 tumulti.
835 3845 878 3906 El
911 3844 1099 3908 Cardinale
1123 3845 1402 3930 Saltzpurgense
1437 3849 1500 3930 gii

217 3956 308 4018 deve
334 3975 411 4016 esse
436 3953 559 4036 gionto
584 3953 619 4015 in
645 3953 820 4034 Augusta,
847 3952 890 4014 ne
916 3952 974 4014 del
998 3971 1062 4015 suo
1079 3954 1230 4016 accordo
1247 3954 1320 4016 scio
1345 3957 1437 4016 altro
1463 3957 1500 4018 di

217 4063 335 4144 quello
360 4062 425 4124 che
450 4061 584 4141 scripse
609 4061 642 4122 al
667 4061 742 4122 R¹²¹⁰
761 4059 949 4141 *Capuano
1107 4126 1111 4144 .

304 4169 357 4231 La
381 4168 487 4231 Dicta
512 4170 556 4230 de
580 4169 613 4230 le
642 4178 737 4228 terre
772 4165 920 4229 franche
956 4166 991 4229 in
1027 4165 1132 4249 Spita
1166 4167 1184 4229 ὲ
1221 4169 1372 4241 resolta;
1406 4169 1450 4230 nc
1477 4170 1502 4232 ’l

217 4277 384 4358 Principe
408 4276 455 4337 ha
477 4287 624 4356 possuto
647 4273 814 4336 intender
831 4274 949 4354 quello
973 4275 1128 4336 habiano
1152 4283 1315 4336 tractato.
1363 4273 1401 4336 Io
1426 4295 1501 4338 non

217 4383 381 4448 existimo
405 4382 459 4446 sia
483 4391 574 4444 stato
605 4382 651 4443 ad
676 4382 767 4443 altro
799 4380 928 4443 effecto
960 4401 999 4443 se
1026 4402 1097 4444 non
1133 4382 1265 4462 perche
1302 4382 1372 4442 han
1405 4381 1503 4444 visto

217 4491 241 4554 li
266 4489 423 4572 Principi
446 4490 558 4552 haver
581 4487 642 4570 pili
668 4490 763 4551 volte
780 4497 983 4550 convenuto
1000 4487 1158 4566 insieme,
1184 4488 1318 4550 anchor
1334 4490 1389 4549 lor
1404 4489 1504 4550 hano

220 4600 342 4660 voluto
367 4596 548 4678 convenir‚
574 4604 609 4658 et
634 4595 740 4658 etiam
762 4595 895 4675 perche
920 4603 1012 4657 sotto
1037 4594 1159 4676 specie
1183 4595 1228 4656 de
1253 4593 1408 4674 castigar
1436 4595 1489 4656 vil

218 4704 290 4766 lani
313 4703 429 4766 alcuni
453 4702 606 4784 principi
630 4703 724 4764 hano
749 4711 924 4782 occupato
949 4701 1038 4782 loci,
1068 4703 1113 4763 de
1148 4700 1266 4783 picola
1295 4701 1409 4782 perho
1439 4699 1503 4762 im·

217 4820 399 4894 portame,
425 4809 532 4892 quelli
557 4828 665 4872 erano
690 4808 910 4871 iurisdiction
934 4811 979 4872 de
1003 4811 1036 4871 le
1060 4819 1165 4884 terre,
1190 4817 1226 4870 et
1250 4810 1378 4870 voleno
1402 4807 1504 4872 forse

219 4919 399 4991 consulter
421 4937 487 5003 per
510 4916 613 4980 simili
638 4915 720 4980 casi.
768 4915 865 4979 Sono
889 4916 971 4980 stati
994 4936 1063 5000 pur
1086 4926 1211 4997 questo
1237 4935 1329 4978 anno
1349 4917 1420 4977 ben
1445 4925 1503 4982 tre
