3425 5700
798 546 1026 602 &6604

271 691 371 773 paria
407 694 518 755 verba
556 712 635 755 esse
668 693 764 755 nulla
796 702 946 775 possunt
979 694 1108 757 nostris
1140 692 1274 757 eisdem
1303 692 1441 756 Nuntiis
1470 704 1549 757 tuae

270 798 448 880 Majestati
464 799 568 863 latius
584 800 799 881 exponenda
812 800 1076 866 commissimus,
1109 802 1303 865 Hortamur
1327 822 1405 865 eam
1429 802 1463 865 in
1482 802 1547 863 Do·

271 905 365 968 mino
397 916 437 968 ut
467 926 545 970 cum
578 906 630 969 eis
660 904 766 968 fidem
790 926 930 970 ornnem
954 908 1106 987 habere,
1142 918 1214 972 tum
1238 908 1402 972 insistere
1426 908 1548 971 eadem

271 1012 461 1094 prudentia
496 1023 531 1075 et
566 1014 700 1096 pietate
735 1013 840 1094 velit,
877 1024 916 1076 ut
948 1034 1019 1078 una
1053 1013 1208 1079 omnium
1240 1016 1383 1097 quidem
1415 1015 1444 1079 si
1475 1014 1548 1078 fieri

270 1128 390 1199 potest
419 1122 552 1201 salute,
583 1120 636 1182 sin
667 1140 753 1183 vero
785 1141 890 1202 quam
924 1120 1066 1184 minimo
1098 1142 1177 1184 curn
1210 1124 1422 1186 detrimento
1447 1122 1548 1185 etiarn

271 1226 529 1309 improborum,
562 1228 734 1291 inviolata
765 1238 801 1291 et
831 1229 945 1291 libera
975 1229 1010 1291 in
1040 1250 1104 1293 sua
1126 1228 1277 1293 veritate
1302 1242 1337 1293 et
1360 1250 1451 1311 pace
1474 1248 1546 1311 per·

270 1342 413 1395 maneat
426 1343 549 1396 sancta
565 1332 654 1398 fides
670 1335 855 1399 catholica.
883 1338 963 1401 Dat.
979 1337 1122 1400 Romae
1138 1336 1195 1399 die
1211 1336 1326 1399 XXV
1343 1337 1447 1399 Febr.
1470 1356 1544 1414 1521

272 1430 366 1501 anno
383 1449 529 1503 'octavo

360 1548 399 1629 (¹)
425 1545 532 1611 Sume
549 1568 647 1611 arma
663 1559 699 1613 et
714 1558 862 1627 scutum,
886 1549 936 1612 fili
954 1550 1169 1632 charissime,
1188 1560 1340 1633 protege
1357 1550 1549 1613 Ecclesiam

271 1652 401 1718 Christi
426 1655 577 1736 domini,
610 1668 647 1718 ut
670 1656 819 1720 sublatis
843 1656 984 1721 zizaniis
1007 1658 1222 1721 frumentum
1247 1678 1410 1721 crescere
1434 1658 1552 1720 valeat

270 1771 306 1823 et
330 1760 463 1843 fugatis
486 1763 625 1825 nebulis
648 1763 822 1827 serenitas
847 1764 1050 1846 tranquilla,
1074 1765 1108 1827 in
1135 1765 1204 1827 ista
1227 1775 1289 1828 tua
1313 1765 1446 1848 inclyta
1467 1764 1549 1827 Ger-

270 1868 387 1931 mania
417 1868 636 1942 restituatur;
678 1882 732 1934 est
761 1872 827 1933 hoc
861 1870 1073 1935 christianae
1106 1871 1272 1952 religioni
1303 1870 1551 1949 necessarium,

270 1976 335 2037 tibi
359 1974 601 2058 honorificum,
630 1978 734 2040 nobis
758 1998 846 2059 erga
870 1977 1094 2060 Majestatem
1119 1990 1214 2042 tuam
1238 1999 1393 2043 summae
1417 1978 1550 2059 obliga·

271 2082 376 2144 tionis
399 2084 490 2162 loco,
514 2105 649 2147 summo
673 2106 760 2147 vero
775 2086 854 2148 Deo
880 2086 1031 2149 creatori
1056 2096 1178 2150 nostro
1202 2096 1240 2149 ut
1256 2086 1431 2149 credimus
1446 2108 1551 2167 quam

269 2188 526 2271 gratissimum,
560 2193 655 2273 apud
688 2213 791 2273 quem
812 2193 943 2273 justum
964 2194 1118 2275 judicem
1143 2194 1343 2276 depositum
1368 2194 1431 2256 tibi
1457 2195 1551 2256 illae-

270 2316 345 2358 sum
370 2298 681 2380 multipliciterque
707 2309 847 2362 auctum
873 2301 1082 2363 servabitur.

807 2496 982 2507 huwe-mmm
993 2497 1010 2505 n

886 2728 938 2793 Ξῖ.
1013 2698 1014 2705 ‘

605 2845 671 2926 Leo
700 2844 742 2926 X
771 2845 959 2946 princibus
987 2845 1214 2946 germanicis,

713 2993 813 3063 (huno.
833 2993 923 3052 dem
942 2992 973 3051 Ιι.
992 2992 1038 3051 tot
1057 2993 1108 3064 24.)

761 3094 880 3164 (Romae
900 3105 942 3157 25·
963 3093 1052 3160 Febr.)

484 3192 676 3276 Cardinali‚
700 3193 892 3275 Episcopo,
916 3191 1078 3273 Nobili2).

360 3319 604 3382 intelleximus
628 3339 673 3382 ex
690 3319 815 3381 litteris
831 3318 1039 3380 dilectorum
1057 3317 1208 3380 filiorum
1224 3316 1351 3380 Marini
1367 3315 1551 3396 Caracioli,

272 3434 308 3487 et
341 3425 540 3488 Hieronimi
575 3425 748 3489 Aleandri
783 3425 1000 3488 Nunciorum
1036 3423 1265 3505 Nostrorum,
1306 3445 1375 3506 qua
1412 3424 1551 3504 virtute,

270 3532 448 3596 Nobilitas
480 3543 540 3595 tua
572 3533 608 3595 in
642 3552 750 3596 causa
782 3552 854 3595 non
883 3533 995 3595 solum
1020 3541 1143 3594 nostra
1166 3529 1342 3614 Sedisque
1367 3531 1431 3593 8¹⁸⁹
1456 3532 1551 3612 Apo·

270 3640 434 3719 stolicae,
470 3642 533 3703 sed
571 3641 759 3705 universae
790 3642 862 3724 jam
895 3640 979 3704 fidei
1012 3639 1235 3704 Christianae
1268 3641 1440 3702 adversus
1473 3659 1551 3702 eam

270 3747 404 3810 violare
428 3759 600 3811 conantes
623 3769 661 3811 se
686 3749 848 3832 gesserit,
875 3759 910 3812 et
934 3748 1231 3830 quemadmodum
1255 3768 1353 3810 suam
1370 3747 1551 3828 pietatem,

271 3865 307 3916 et
329 3855 555 3936 prudentiam
580 3865 705 3919 contra
728 3855 866 3938 impios,
892 3865 927 3918 et
951 3854 1145 3918 sediciosos
1159 3853 1320 3916 homines
1335 3873 1401 3936 pro
1417 3853 1552 3916 unitate

271 3961 452 4026 christiani
467 3962 627 4045 corporis
644 3962 902 4041 conservanda,
920 3961 1137 4043 opposuerit,
1156 3962 1251 4042 quod
1268 3959 1430 4041 profecto
1448 3960 1552 4022 nobis

271 4070 392 4132 auditu
424 4070 491 4132 tuit
524 4070 778 4151 gratissimum,
812 4079 847 4132 et
879 4069 962 4130 licet
986 4069 1066 4131 huic
1091 4079 1151 4130 tuo
1177 4067 1276 4152 operi
1301 4077 1408 4149 atque
1433 4066 1553 4130 officio

270 4176 395 4259 premii
425 4179 524 4240 locus
556 4178 593 4240 in
623 4179 740 4258 coelo,
773 4186 808 4238 et
839 4178 935 4259 apud
959 4176 1073 4238 Deum
1099 4173 1386 4256 Omnipotentem
1412 4174 1554 4256 dignior

272 4294 307 4346 et
330 4285 440 4367 major
463 4293 689 4367 comparatus
709 4285 764 4364 sit,
789 4294 862 4346 tum
886 4303 951 4346 nos
967 4303 1108 4365 quoque
1125 4283 1262 4364 agimus
1278 4294 1359 4346 tuae
1376 4280 1554 4344 nobilitati

272 4411 419 4473 magnas
442 4393 478 4453 in
507 4391 656 4454 Domino
681 4390 830 4471 gratiaS,
859 4393 1023 4473 hancque
1047 4391 1223 4453 actionem
1248 4399 1358 4470 tuam,
1390 4389 1552 4470 dignissi-

292 4619 316 4663 ¹l
346 4616 421 4661 Haec
440 4616 577 4678 sequentia
595 4615 693 4679 scripta
713 4621 773 4663 sunt
792 4629 870 4662 manu
890 4615 997 4678 propria
1018 4614 1164 4665 Pontificis.

290 4692 312 4759 ²)
339 4695 431 4742 Edidit
451 4697 603 4744 Laemmer:
638 4698 755 4744 Monum.
777 4695 855 4742 vatic.
876 4695 923 4748 sol.
945 4705 968 4756 5,
989 4695 1034 4744 sed
1054 4697 1178 4759 scriptam
1198 4695 1355 4744 existimavit
1375 4693 1480 4742 cuidam
1501 4694 1554 4742 Cu·

342 4773 400 4822 rolo
418 4777 544 4840 episcopo
563 4776 656 4834 nobili,
675 4776 783 4824 omnino
802 4776 908 4837 ignot03
928 4791 988 4825 vere
1008 4776 1057 4824 suit
1077 4777 1155 4824 inissa
1170 4775 1355 4825 cardinalibus
1375 4783 1401 4823 et
1420 4775 1479 4824 aliis
1493 4791 1553 4838 ger·

342 4856 452 4904 manicis
471 4856 603 4920 praelatis.

807 4945 1012 4956 mv.-
