3425 5700
773 550 832 608 ΜΒ
871 550 923 608 118
962 552 1019 608 8⁵0
1684 547 1691 780 1

256 711 350 764 esset
374 697 541 778 facturus,
566 699 661 780 quod
686 719 732 763 ex
756 708 840 763 tunc
863 700 964 763 iuxta
980 710 1015 763 et
1030 702 1125 782 apud
1142 700 1353 764 Caesaream
1371 700 1533 764 Maiesta-

257 822 327 872 tem
358 828 466 889 supra
495 815 682 888 parentum
713 826 856 869 suorum
887 817 923 869 et
947 808 1216 889 progenitorum
1239 806 1362 887 fidem,
1398 821 1433 871 et
1457 808 1535 870 arti·

257 917 354 978 culos
371 914 593 977 Christianae
616 912 700 975 fidei
723 916 860 994 absque
884 914 1042 976 ulteriori
1067 914 1306 995 disputatione
1327 933 1536 995 permanere

257 1032 292 1085 et
321 1023 513 1101 adherere,
554 1029 590 1083 et
620 1020 819 1082 huiusmodi
849 1019 957 1083 fidem
991 1021 1084 1083 velle
1120 1022 1415 1085 manutenendam
1441 1022 1535 1083 adiu-

255 1150 341 1191 vare
374 1138 441 1217 etc.
473 1136 509 1190 et
538 1128 682 1190 tandem
713 1137 895 1208 postremo
928 1148 1002 1190 rem
1035 1126 1149 1209 ipsam
1181 1128 1343 1211 posuisse
1374 1131 1418 1191 ad
1451 1129 1533 1190 ulte-

254 1236 384 1299 riorem
413 1233 611 1298 Maiestatis
636 1235 834 1296 Caesareae
871 1234 1164 1298 deliberationem
1198 1246 1232 1299 et
1263 1235 1537 1317 beneplacitum,

255 1343 350 1424 quod
373 1342 508 1423 pariter
531 1340 609 1421 ipsa
633 1338 810 1403 Caesarea
833 1340 1003 1403 Maiestas
1027 1342 1220 1404 elementer
1244 1342 1454 1424 acceptavit.

344 1448 483 1511 Deinde
507 1468 614 1529 super
637 1445 837 1510 huiusmodi
862 1447 1102 1531 disputatione
1126 1448 1395 1512 consultationis
1415 1467 1537 1511 eorum

255 1567 290 1619 et
323 1556 458 1637 pariter
482 1554 713 1635 exhibitione,
744 1555 840 1636 apud
865 1576 903 1618 se
928 1555 1105 1619 Caesarea
1127 1554 1297 1619 Maiestas
1320 1565 1455 1618 mature
1480 1557 1536 1618 de·

255 1663 420 1727 liberavit
455 1671 490 1725 et
525 1661 699 1725 conclusit
732 1661 777 1723 ad
808 1662 1008 1724 vocandum
1040 1662 1231 1725 Martinum
1263 1662 1456 1725 Lutherum
1491 1662 1536 1724 ad

254 1772 348 1833 hunc
372 1772 499 1850 locum,
524 1779 560 1832 et
583 1766 800 1831 sufficienter
824 1769 1083 1850 providendum
1109 1769 1141 1831 ei
1166 1771 1210 1832 de
1235 1772 1335 1833 salvo
1359 1771 1535 1831 conductu

256 1876 422 1939 veniendi
457 1886 492 1939 et
524 1875 717 1939 recedendi
749 1896 791 1938 ac
822 1876 996 1938 redeundi
1027 1877 1072 1938 ad
1104 1876 1328 1939 securitatem
1360 1897 1458 1939 suam
1491 1877 1535 1938 ad

254 1983 546 2065 interrogandum
580 1992 615 2045 et
646 1982 862 2045 audiendum
892 2004 987 2063 eum,
1022 1991 1059 2045 ut
1083 1983 1314 2064 praemissum
1338 1994 1410 2062 est,
1441 1983 1537 2064 quod

255 2090 360 2152 etiam
384 2090 453 2153 iam
477 2110 543 2172 per
565 2099 731 2171 patentes
753 2089 875 2153 literas
899 2089 1073 2152 universis
1089 2090 1264 2152 intimavit
1280 2109 1358 2152 cum
1375 2110 1538 2171 appenso

253 2198 439 2278 mandato,
477 2198 572 2278 quod
603 2198 787 2261 Electores
818 2196 1075 2278 Principesque
1106 2208 1141 2259 et
1174 2206 1286 2260 status
1317 2196 1458 2278 Imperii
1491 2217 1537 2259 ex

254 2314 379 2367 tenore
403 2306 589 2387 appositae
614 2306 741 2387 copiae
764 2304 974 2386 percipient.

343 2411 477 2475 Verum
492 2413 587 2493 quod
603 2412 795 2475 novissime
810 2411 879 2493 ipsi
892 2411 1075 2474 Electores
1088 2410 1344 2492 Principesque
1359 2430 1400 2472 ac
1414 2408 1539 2473 Status

253 2518 397 2600 Imperii
420 2520 614 2601 requirunt,
639 2520 735 2600 quod
758 2518 930 2581 Maiestas
955 2517 1132 2582 Caesarea
1153 2517 1342 2599 provideat
1366 2528 1401 2579 et
1425 2517 1538 2581 inten-

254 2628 315 2687 dat
345 2626 504 2708 gratiose
537 2627 634 2708 quod
666 2626 876 2707 gravamina
906 2638 942 2688 et
971 2629 1102 2689 abusus
1126 2624 1186 2706 qui
1211 2644 1313 2687 sacro
1337 2624 1490 2705 Imperio
1517 2646 1539 2685 a

254 2730 349 2795 Sede
381 2734 591 2815 Apostolica
623 2733 741 2796 multis
774 2733 888 2796 modis
921 2734 1137 2813 inferuntur,
1171 2733 1215 2795 ad
1250 2732 1468 2794 tollerabiles
1502 2744 1539 2794 et

254 2840 450 2923 portabiles
481 2844 606 2905 modos
638 2844 873 2921 reducantur,
904 2840 1081 2906 Caesarea
1104 2840 1273 2923 Majestas
1297 2848 1352 2902 est
1374 2841 1466 2902 bene
1492 2840 1541 2903 ad

253 2949 342 3010 haec
366 2969 556 3031 propensa.
604 2949 649 3011 Et
672 2951 719 3012 ob
743 2950 779 3011 id
803 2949 1002 3011 huiusmodi
1027 2947 1237 3032 gravamina
1260 2957 1295 3009 et
1319 2950 1450 3010 abusus
1466 2969 1541 3012 una

254 3076 331 3118 cum
357 3076 478 3119 eorum
503 3056 762 3119 consultatione
788 3066 823 3117 et
847 3055 1016 3137 opinione
1039 3055 1075 3118 in
1098 3055 1239 3135 scriptis
1256 3055 1441 3136 porrigere
1456 3077 1540 3136 pos-

254 3172 335 3224 sunt
348 3162 546 3226 Caesareae
558 3163 737 3245 Majestati
751 3183 843 3244 quae
857 3172 984 3244 postea
1001 3182 1108 3245 super
1124 3161 1261 3224 illorum
1275 3163 1542 3227 consultatione

252 3280 288 3332 et
311 3270 479 3351 opinione
503 3271 717 3333 deliberabit
741 3279 777 3332 et
800 3269 1014 3332 consultabit
1039 3269 1154 3332 etiam.
1180 3268 1225 3330 Et
1240 3267 1270 3329 si
1285 3269 1368 3349 quid
1386 3272 1540 3333 ulterius

253 3378 513 3458 providendum
538 3386 573 3439 et
596 3379 775 3458 agendum
800 3377 877 3456 erit,
902 3397 980 3438 cum
1005 3377 1138 3439 eisdem
1163 3375 1385 3438 Electoribus
1409 3387 1444 3438 et
1469 3390 1539 3440 sta·

254 3484 348 3546 tibus
371 3485 527 3566 benigne
552 3494 588 3546 et
612 3486 806 3546 clementer
829 3483 1019 3565 interloqui
1044 3483 1138 3546 velit.

789 3680 809 3691 ιι
815 3686 819 3691 .
839 3679 931 3692 samm-¹—
937 3681 991 3692 φιν-,κ

867 3821 912 3884 44

516 3936 661 4018 Carolus
689 3937 727 4017 V.
756 3937 846 4016 lluui
875 3934 1052 4017 Saxoniae
1080 3937 1267 4021 Frideriuo.

711 4076 810 4143 (Atta
827 4073 992 4135 Wormau.
1008 4074 1080 4148 tot.)

761 4183 816 4253 (ιι,
836 4187 926 4235 Martii
951 4187 1035 4251 1521.)

255 4312 403 4376 Carolus
417 4311 548 4374 Divina
563 4310 708 4373 favente
724 4311 913 4373 clementia
929 4311 1064 4375 electus
1077 4313 1321 4376 Romanorum
1340 4315 1550 4397 Imperator

682 4437 824 4499 semper
848 4428 1019 4501 augustus
1044 4429 1109 4482 etc.

520 4533 681 4597 Fridrico
704 4532 796 4595 Duci
820 4531 1001 4598 Saxoniae
1025 4534 1179 4598 Electori
1203 4546 1270 4599 etc.

342 4649 491 4712 Illustris
514 4650 681 4732 princeps
697 4648 841 4711 Elector
865 4651 1129 4731 consanguinee
1154 4651 1372 4727 charissime;
1397 4655 1548 4736 scripsi-

253 4777 331 4821 mus
349 4741 590 4839 tibi'proxime
608 4777 653 4820 ex
671 4755 908 4838 Oppenhaim,
925 4758 1220 4837 quemadmodum
1238 4759 1429 4822 Beatitudo
1446 4761 1550 4826 Pon·

252 4862 358 4927 tificis
374 4863 449 4926 Nos
464 4884 530 4948 per
545 4863 720 4927 Nuncium
735 4882 837 4926 suum
852 4864 985 4950 requiri
1002 4865 1155 4948 lecisset,
1173 4875 1212 4928 ut
1228 4865 1372 4929 Martini
1389 4866 1551 4934 Lutheri
1692 4863 1693 4868 ’
