3425 5700
655 588 884 643 0⁴38'lssc0

143 758 199 799 non
222 736 427 819 displicebit
451 735 480 798 si
504 735 600 798 aliud
623 734 701 797 fieri
726 755 797 797 non
821 742 951 816 potest,
977 735 1072 816 quod
1099 733 1352 816 consignentur
1376 734 1411 796 in

142 846 290 907 manibus
314 843 583 922 ordinariorum,
608 852 755 924 recepto
778 842 815 905 in
839 842 1036 907 iuramento
1061 851 1096 905 et
1112 841 1330 924 obligatione
1345 844 1411 904 sub

143 950 229 1031 penis
260 950 296 1013 in
323 952 422 1014 bulla
452 948 488 1013 S.
513 952 558 1013 D.
583 949 626 1012 N.
658 949 849 1029 contentiS,
884 958 919 1010 et
949 948 1095 1024 ulterius
1126 947 1154 1010 si
1185 968 1275 1030 opus
1306 947 1414 1011 fuerit

142 1057 331 1140 specialiter
355 1058 591 1138 declarandis,
617 1058 713 1139 quod
738 1058 784 1119 ad
807 1057 1012 1119 mandatum
1025 1054 1061 1118 S.
1079 1056 1123 1118 D.
1142 1054 1185 1117 N.
1211 1075 1289 1117 cum
1313 1075 1412 1118 revo-

142 1185 210 1227 care
240 1164 395 1228 voluerit
422 1164 502 1227 illos
533 1164 676 1245 publice
706 1167 932 1243 comburent,
964 1165 1061 1226 nulla
1089 1162 1236 1225 ulterius
1260 1162 1414 1225 admissa

143 1273 343 1354 exceptione
374 1274 432 1335 vel
464 1272 712 1351 excusatione,
746 1280 782 1333 et
812 1280 851 1333 ut
883 1270 1015 1333 dictum
1039 1279 1093 1332 est
1116 1269 1323 1333 resistentes
1346 1289 1412 1352 pro

142 1378 289 1441 hostibus
319 1388 356 1441 et
385 1378 581 1441 rebellibus
604 1376 760 1440 Romani
794 1376 932 1458 imperii
964 1377 1164 1439 habeantur
1188 1386 1224 1439 et
1247 1379 1292 1438 ab
1318 1376 1412 1439 Sede

143 1484 341 1565 ‚lpostolica
365 1495 400 1547 et
416 1486 583 1547 Romano
601 1483 775 1547 Pontifice
801 1504 847 1547 ex
871 1504 963 1545 nunc
979 1491 1084 1565 prout
1104 1492 1235 1546 extunc
1251 1482 1413 1546 omnibus

141 1592 261 1655 iuribus
277 1592 379 1655 bonis
395 1592 500 1655 terris
524 1592 650 1654 castris
674 1602 710 1654 et
734 1590 897 1654 dominiis
921 1611 974 1672 ac,
999 1592 1118 1672 quoad
1143 1590 1292 1653 clericos
1319 1591 1411 1673 capi-

141 1701 205 1761 tula
228 1712 263 1762 et
293 1711 500 1781 conventus
534 1697 785 1762 ecclesiasticis
824 1696 1007 1760 beneficiis
1032 1709 1066 1761 et
1100 1697 1298 1779 privilegiis
1322 1718 1413 1779 quae

143 1804 270 1869 aSede
294 1806 506 1888 Apostolica
539 1805 701 1869 obtinent
725 1826 768 1869 eo
793 1806 871 1887 ipso
896 1805 1026 1887 privati
1058 1814 1287 1885 censeantur,
1321 1825 1412 1886 quae

144 1914 249 1976 omnia
274 1913 310 1976 in
339 1914 445 1976 bullis
475 1912 683 1996 apostolicis
714 1922 750 1978 et
782 1912 1026 1995 imperialibus
1058 1912 1211 1974 decretis
1243 1910 1413 1976 latissime

143 2020 277 2103 extendi
301 2020 449 2102 possint.

666 2163 684 2172 vs
689 2163 714 2173 -Λ,
718 2163 734 2172 ω
737 2160 871 2173 amarum

143 2446 409 2528 informationes
451 2447 590 2527 dandae
627 2338 921 2547 11111151111011
960 2446 1165 2549 tergestino
1211 2450 1247 2526 ot
1281 2446 1413 2529 Judono

144 2567 291 2651 01111111
324 2593 347 2651 1
380 2569 542 2651 tonsillis
574 2571 683 2651 111111
716 2571 918 2651 oratoribus
956 2570 1415 2651 1111111111111111
1479 2648 1487 2653 ,

282 2695 459 2777 Saronico
488 2696 530 2776 ob
560 2717 709 2776 1111111
736 2695 877 2776 Fratris
906 2694 1057 2775 Martini
1084 2692 1247 2795 Luteril.

575 2842 659 2912 (Ante
676 2841 812 2902 Wornsn.
830 2841 876 2902 iol.
895 2842 964 2916 100.)

224 2964 260 3028 Si
291 2963 368 3028 fieri
398 2963 529 3046 possit,
563 2966 738 3027 habeatur
771 2965 948 3048 privatum
982 2965 1196 3047 colloquium
1228 2985 1306 3028 cum
1334 2965 1413 3028 Illu-

146 3070 302 3136 strissimo
325 3073 428 3135 Duce
452 3069 642 3151 Saxoniae,
676 3081 712 3134 et
735 3083 807 3135 turn
833 3072 940 3136 latine
965 3080 1037 3134 tum
1063 3071 1270 3136 Alemanice
1295 3071 1415 3156 (prout

147 3178 388 3242 conducibilius
412 3178 603 3260 videbitur)
628 3179 827 3241 commissio
852 3187 1063 3260 exponatur.
1111 3178 1204 3259 Quia
1232 3179 1349 3242 multis
1373 3179 1413 3241 si-

148 3284 218 3364 gnis
239 3297 272 3350 et
294 3287 515 3369 argumentis
537 3285 643 3349 etiam
669 3285 872 3349 certissimis
897 3288 1078 3367 habemuS,
1103 3286 1178 3349 eius
1193 3287 1414 3350 consiliarios

149 3412 217 3456 esse
237 3394 390 3458 Luthero
413 3393 491 3475 ipso
517 3393 630 3475 magis
654 3393 892 3474 Lutheranos‚
917 3413 938 3454 a
963 3394 1090 3474 quibus
1115 3393 1246 3456 nemini
1269 3393 1414 3457 dubium

150 3511 198 3560 est
214 3502 344 3564 Ducem
368 3500 525 3582 alioquin
549 3499 602 3584 (ut
625 3499 798 3581 audimus)
823 3499 993 3581 optimum
1020 3509 1056 3562 et
1079 3499 1309 3580 Catholicum,
1334 3502 1414 3564 hac·

151 3614 241 3670 tenus
261 3608 368 3672 fuisse
393 3609 588 3670 seductum.

228 3713 324 3794 Quod
349 3714 379 3778 si
402 3715 437 3776 in
462 3714 576 3795 primo
601 3733 795 3795 congressu
821 3734 891 3776 non
916 3713 1030 3795 possit
1049 3714 1175 3777 evitari
1190 3714 1412 3778 Consiliario·

152 3838 218 3882 rum
244 3822 456 3902 praesentia:
489 3831 583 3904 tunc,
616 3821 789 3902 expositis
812 3820 913 3883 initio
938 3820 1150 3903 quibusdam
1174 3822 1414 3903 generalibus,

153 3939 323 4004 quaeratur
339 3927 481 3991 occasio
497 3927 662 4010 privatim
678 3927 848 4010 loquendi
865 3937 900 3990 et
916 3927 1090 3990 suadendi
1107 3948 1160 4007 ea,
1185 3947 1277 4010 quae
1294 3930 1413 4010 semel,

154 4051 173 4091 a
200 4035 287 4099 Duce
317 4035 465 4099 firmiter
494 4046 661 4116 accepta,
702 4055 773 4098 non
809 4035 948 4116 possint
978 4044 1103 4118 postea
1135 4055 1156 4096 a
1196 4034 1414 4099 Consiliariis

155 4143 301 4226 subverti,
325 4153 386 4206 aut
410 4143 446 4205 in
469 4145 618 4206 alteram
642 4152 780 4223 partem
804 4141 1041 4223 interpretari.
1088 4141 1187 4204 Haec
1212 4152 1328 4206 autern
1354 4164 1413 4224 op-

155 4244 226 4310 tima
247 4261 336 4314 esset
360 4248 600 4333 persuadendi
624 4248 693 4312 via.
733 4250 774 4311 In
798 4269 869 4330 qua
893 4257 1035 4330 oportet
1051 4249 1242 4331 aliquando
1261 4251 1413 4331 quadam

157 4350 233 4417 civili
261 4357 549 4441 praesumptione
579 4356 629 4418 uti
661 4368 696 4418 et
726 4355 984 4438 interrumpere
1017 4355 1193 4419 interdum
1216 4357 1303 4420 istas
1327 4357 1413 4420 Ger-

160 4477 314 4527 manorum
330 4464 536 4546 Principum
561 4464 595 4525 in
621 4463 807 4526 audiendis
824 4462 1034 4526 Oratoribus
1056 4463 1276 4543 cerimonias,
1301 4468 1414 4528 bonas

160 4560 223 4630 illas
234 4571 379 4652 quidem,
405 4581 441 4635 et
459 4573 639 4648 honestas,
663 4571 726 4633 sed
750 4569 832 4633 huic
856 4568 1008 4652 negocio
1033 4589 1105 4634 non
1129 4570 1214 4632 satis
1238 4573 1306 4633 hoc
1329 4581 1413 4634 tem-

162 4689 231 4750 pore
254 4679 504 4757 accommodas.

167 4795 345 4812 *sq----

181 4846 197 4913 ¹l
219 4854 271 4901 Hoc
288 4865 325 4904 est
343 4859 486 4907 secundum
506 4858 692 4906 documentum
718 4872 749 4904 ex
774 4872 826 4920 quo
847 4856 1027 4905 Pallavicinus
1046 4857 1191 4905 orationem
1215 4872 1287 4906 suant
1308 4857 1414 4906 Nuncio

222 4937 376 4998 suppositam,
396 4939 519 4988 coniecit.
