3425 5700
622 559 870 620 &illd-<³

131 710 216 784 fatto:
239 710 304 773 che
327 709 397 773 Dio
420 710 571 792 perdoni
595 732 616 773 a
639 710 695 772 chi
720 712 754 773 lo
779 712 941 791 goberna
966 709 1000 771 di
1026 710 1075 772 tal
1100 718 1214 784 sorte;
1246 708 1316 773 imo
1350 711 1384 773 lo

130 823 322 883 subverteno
356 828 392 881 et
423 818 677 900 destruggeno
733 816 808 879 Che
839 836 878 880 se
911 816 955 879 V.
993 814 1030 880 S.
1061 816 1137 878 R¹¹¹⁸
1168 817 1319 880 vedesse
1352 820 1386 880 le

130 948 196 991 cose
217 946 313 990 come
337 945 457 989 vanno
482 926 689 988 restarebbe
715 922 883 1005 attonita,
917 944 988 985 non
1019 925 1085 986 che
1118 924 1385 1005 maravigliosa;

129 1034 163 1097 ne
189 1054 223 1096 se
244 1032 452 1114 meraveglii
481 1033 540 1094 del
563 1033 633 1095 mal
658 1032 755 1094 exito
780 1031 877 1093 della
900 1050 984 1093 cosa
1007 1040 1127 1093 nostra
1159 1033 1289 1112 perche
1315 1053 1384 1095 non

130 1160 159 1203 se
181 1142 398 1221 potrebbeno
429 1138 520 1202 tenir
553 1160 618 1221 per
654 1148 820 1221 questore
851 1136 1017 1219 peggiori
1050 1138 1183 1220 meggi,
1217 1152 1385 1221 quantum

128 1247 247 1311 interim
263 1248 383 1311 dicant
399 1268 438 1309 se
454 1246 616 1309 miranda
634 1247 766 1325 facere,
791 1245 882 1308 adeo
907 1256 945 1308 ut
960 1244 1026 1307 nisi
1051 1245 1169 1307 omnia
1193 1247 1284 1309 malo
1303 1248 1385 1310 dolo

128 1354 241 1416 faciant
262 1354 369 1417 facile
392 1356 612 1437 persuadear
643 1363 679 1416 et
702 1361 740 1415 ut
764 1351 907 1415 credam
939 1351 1036 1433 ipsos
1068 1372 1146 1414 esse
1178 1373 1247 1415 non
1273 1356 1386 1417 solum

128 1460 248 1525 timidos
270 1480 395 1524 verum
419 1460 522 1523 etiam
539 1459 710 1541 stupidos.
749 1457 817 1522 Gil
841 1461 873 1521 el
894 1458 995 1521 Duca
1019 1456 1163 1521 Saxone
1183 1460 1386 1542 triumphat,

129 1577 245 1650 regnat,
268 1569 422 1651 imperat
446 1577 482 1630 et
503 1566 540 1630 fa
565 1587 665 1630 come
689 1566 739 1628 lui
759 1566 840 1628 vole
856 1574 979 1629 contra
992 1566 1062 1627 Dio
1079 1574 1114 1627 et
1131 1576 1254 1629 contra
1270 1588 1386 1649 rason,

128 1684 157 1735 et
175 1683 266 1737 tanto
290 1676 350 1758 piu
376 1673 485 1756 dopoi
509 1675 574 1737 che
599 1674 643 1737 lo'
662 1675 789 1736 elletor
813 1673 1112 1754 Brandemburgh
1136 1694 1157 1735 a
1182 1674 1386 1737 dechiarato

127 1780 261 1846 aCesar
285 1782 323 1844 di
346 1782 446 1845 voler
471 1779 526 1844 far
549 1780 748 1863 parentado
777 1780 836 1842 del
859 1780 1098 1861 primogenito
1122 1799 1186 1843 suo
1211 1802 1288 1843 curn
1314 1782 1386 1844 Ma-

128 1887 214 1951 dame
242 1888 371 1953 Renee
414 1889 546 1951 sorella
583 1888 678 1951 della
718 1887 844 1969 regina
883 1886 1189 1967 christianissima,
1229 1888 1386 1970 perilchd

126 1993 174 2074 qui
196 2016 232 2058 se
254 1996 350 2059 tiene
374 2016 505 2059 ancora
528 1995 588 2076 pih
613 2003 719 2057 conto
743 1994 802 2056 del
827 1992 971 2056 Saxone
997 1995 1062 2057 che
1086 1991 1218 2076 prima;
1248 2016 1304 2058 ma
1335 2017 1387 2059 sa·

126 2101 224 2184 piino,
253 2113 292 2166 ut
317 2123 387 2186 ego
411 2102 486 2165 dixi
517 2100 683 2183 privatim
706 2100 860 2163 Domino
890 2101 935 2163 de
959 2100 1130 2164 Chievres
1159 2102 1227 2165 iarn
1259 2105 1387 2165 multos

127 2208 207 2290 dies,
236 2212 302 2273 che
326 2208 357 2272 si
380 2212 644 2272 troverabbeno
669 2208 817 2290 gabbati
841 2207 877 2269 di
901 2217 1026 2289 questo
1052 2209 1155 2271 Duca
1179 2219 1214 2271 et
1237 2209 1388 2293 principi

127 2314 154 2375 di
176 2316 380 2398 Alemagna,
406 2326 442 2380 et
466 2316 557 2379 sicut
581 2315 656 2377 dixi
689 2315 820 2378 factum
852 2316 1024 2377 hactenus
1056 2324 1126 2394 est,
1160 2324 1196 2378 et
1220 2316 1248 2378 si
1272 2325 1385 2379 trova-

125 2442 223 2486 ranno
246 2424 331 2505 ogni
356 2425 390 2486 dl
414 2422 550 2507 peggio
575 2420 604 2485 si
635 2443 699 2503 per
732 2443 828 2485 esser
862 2424 933 2485 tale
963 2421 987 2483 il
1012 2424 1117 2485 modo
1143 2422 1177 2484 di
1202 2423 1319 2486 diaete
1352 2423 1389 2485 di

125 2528 328 2613 Alemagna‚
352 2529 382 2594 si
406 2532 538 2613 perche
574 2541 741 2613 questoro
766 2531 885 2592 hanno
916 2538 1040 2591 tenuto
1076 2529 1135 2610 pin
1167 2541 1272 2596 conto
1304 2532 1388 2594 delli

124 2636 241 2701 homini
265 2641 332 2702 che
357 2640 402 2701 de
426 2638 495 2701 Dio
527 2648 562 2701 et
589 2639 678 2719 perd
708 2636 881 2699 Dominus
911 2635 946 2697 in
981 2634 1089 2699 coelis
1122 2636 1284 2701 irridebit
1315 2659 1387 2701 eos.

125 2742 206 2807 Baso
228 2748 278 2829 gli
302 2744 389 2808 SSm‘
409 2745 507 2827 piedi
531 2744 565 2806 di
591 2744 633 2807 N.
658 2742 694 2806 S.
720 2752 756 2807 et
779 2744 814 2805 di
841 2743 884 2806 V.
910 2741 945 2809 S,
972 2744 1066 2805 Rma
1090 2746 1123 2805 le
1148 2765 1247 2807 sacre
1282 2744 1385 2807 mani.

124 2849 330 2918 Wormatiae
355 2854 448 2916 XVI
473 2852 608 2936 Aprilis
632 2850 815 2915 MDXXI.

719 3376 771 3446 65.

362 3506 541 3587 1116611161
569 3505 700 3608 Magno
728 3503 950 3586 Gannellerin
977 3505 1135 3606 Imperii,

578 3653 678 3724 (1111111.
696 3652 786 3712 ΕΜ.
804 3650 836 3709 11.
855 3650 926 3723 204.)

515 3772 605 3841 (Circa
623 3774 693 3821 diem
717 3773 755 3820 16.
775 3771 879 3836 Aprilis
902 3771 988 3836 1521.)

200 3917 276 3982 111⁸*
289 3921 371 3982 Dne
384 3917 563 3981 Commen.
588 3914 697 3996 Quasi
713 3913 943 3996 presagiebat
963 3912 1046 3974 mihi
1070 3911 1204 3975 animus
1217 3911 1294 3976 fore
1307 3923 1346 3975 ut
1358 3911 1389 3976 si

122 4043 171 4084 res
192 4024 419 4090 nostraistis
446 4023 667 4106 principibus
698 4031 734 4083 et
757 4021 900 4102 populis
931 4028 1190 4100 proponeretur
1223 4021 1281 4081 vel
1317 4039 1387 4082 non

121 4132 323 4197 assentirent
347 4131 524 4195 Caesarae
548 4128 747 4210 Maiestati‚
778 4129 835 4190 vel
860 4126 1048 4207 negocium
1072 4125 1389 4207 procrastinarent,

121 4241 208 4318 quod
238 4239 416 4323 posterius
446 4242 493 4302 ab
522 4237 609 4320 ipsis
642 4235 774 4298 tentari
805 4235 875 4298 iam
910 4234 979 4298 iam
1016 4255 1037 4296 6
1069 4253 1199 4314 magno
1236 4234 1387 4314 quodam

121 4343 274 4428 Principe
298 4345 471 4408 intellexi.
510 4343 625 4425 Quum
639 4354 759 4406 tamen
784 4341 934 4404 subinde
956 4360 1090 4404 mecum
1108 4350 1233 4421 reputo
1258 4351 1389 4421 quanta

120 4453 297 4531 prudentia
326 4463 364 4517 et
387 4452 534 4516 consilio
560 4448 798 4514 Illustrissima
815 4449 1019 4512 Dominatio
1034 4449 1110 4510 Tua
1135 4467 1190 4510 res
1216 4457 1252 4509 et
1275 4467 1389 4528 regna

120 4559 167 4620 sui
196 4559 368 4642 Principis
398 4569 529 4622 tractet
561 4567 597 4621 et
626 4558 840 4635 moderetur,
872 4555 906 4619 in
939 4574 1103 4637 magnam
1135 4575 1235 4636 spem
1269 4553 1388 4635 erigor

121 4685 184 4730 non
207 4687 389 4748 passuram
414 4687 492 4729 eam
516 4667 589 4728 ullo
613 4675 720 4746 pacto
744 4671 783 4726 ut
807 4662 961 4725 Cesarea
985 4660 1178 4724 auctoritas
1200 4660 1285 4723 nihil
1311 4681 1388 4724 sen·

120 4773 299 4838 tentiarum
321 4783 383 4837 aut
402 4784 566 4837 votorum
582 4771 803 4836 subditorum
826 4769 1027 4851 principum
1041 4767 1218 4849 indigens,
1244 4767 1388 4829 diminu-

119 4891 192 4944 atur
215 4892 249 4944 et
275 4885 379 4945 rebus
403 4879 588 4944 Pontificis
610 4880 679 4942 imo
698 4877 815 4941 verius
839 4877 1063 4939 orthodoxae
1087 4875 1170 4937 fidei
1196 4884 1232 4938 et
1255 4875 1385 4937 christi-
