3425 5700
629 564 876 635 wasto*

133 720 193 803 liri,
221 744 287 789 non
312 721 411 807 prius
434 723 573 807 pacatis
605 724 648 789 iis
682 724 857 805 dissidiis,
896 745 988 808 quae
1023 722 1251 789 Germaniam
1287 731 1393 806 tuam,

133 850 219 911 quam
239 834 348 914 longa
372 834 514 913 lataque
539 841 603 914 est,
628 836 674 897 ob
691 833 782 895 hanc
803 831 1139 915 perniciosissimam
1154 832 1392 895 Lutheranam

135 947 245 1002 sectam
268 939 390 1003 multis
414 938 592 1023 variisque
616 938 750 1021 modis,
782 961 804 1003 a
837 939 960 1003 debita
989 940 1055 1003 tibi
1089 938 1294 1002 obedientia
1316 938 1393 1001 fere

131 1044 415 1112 abalienaverunt.
472 1046 547 1111 Nos
581 1065 668 1110 vero
703 1048 769 1111 etsi
801 1044 853 1133 (ut
886 1046 1049 1129 superius
1082 1046 1251 1128 diximus)
1287 1065 1391 1127 quae-

132 1170 259 1233 cumque
287 1152 468 1234 potuimus
506 1162 542 1217 et
572 1152 758 1217 debuimus
790 1154 949 1217 remedia
976 1162 1101 1217 contra
1130 1154 1223 1216 hanc
1256 1161 1393 1236 pestem

131 1258 281 1325 adhibere
296 1257 396 1323 enixi
420 1278 550 1341 sumus,
575 1258 737 1323 dabimus
755 1270 871 1323 tamen
888 1268 1063 1341 perpetuo
1080 1278 1227 1342 operam
1246 1257 1392 1322 favente

131 1384 176 1443 eo,
197 1366 250 1447 qui
273 1364 388 1431 Nobis
412 1365 496 1430 licet
518 1365 673 1449 indignis
697 1365 751 1429 sui
775 1366 897 1449 gregis
921 1386 1041 1431 curam
1066 1365 1254 1446 commisit,
1285 1373 1392 1428 utne

130 1471 279 1553 Maiestas
307 1472 386 1537 Tua
420 1482 481 1537 aut
515 1472 605 1535 alius
640 1474 846 1554 quisquam,
882 1475 978 1555 quod
1013 1482 1198 1555 praestare
1233 1480 1393 1535 tenemur

130 1576 276 1661 officium,
298 1579 335 1645 in
359 1579 473 1645 Nobis
497 1579 623 1645 merito
648 1578 838 1644 desideret.

204 1704 341 1769 Datum.

205 1826 426 1892 Hieronlmus
468 1825 654 1892 Aloander
695 1828 823 1912 Typon
870 1828 975 1893 huius
1021 1828 1222 1910 Apostolici
1261 1828 1390 1892 Brevis

128 1935 327 2017 composuit:
352 1935 435 1999 licet
449 1956 520 1999 non
538 1936 653 2019 ipsum
668 1937 797 2018 Breve,
819 1938 884 2001 sed
904 1956 1058 2018 sequens
1072 1935 1267 2017 instructio,
1284 1935 1389 1998 etiam

127 2042 168 2101 ab
190 2060 227 2105 eo
249 2044 461 2125 composita,
495 2043 602 2106 luerit
626 2041 671 2107 ad
697 2042 864 2108 Cesarem
897 2044 1014 2109 missa.
1061 2042 1178 2123 Quum
1202 2042 1253 2103 sic
1276 2041 1390 2104 visum

128 2158 212 2211 esset
232 2148 262 2213 ei
285 2148 344 2232 qul
369 2148 488 2212 omnia
510 2159 652 2233 poterat
676 2150 773 2233 apud
797 2150 1015 2215 Clementem
1037 2149 1118 2213 VII.

647 2354 854 2369 wmmwvmwmn

354 2612 369 2647 Ι
420 2659 427 2675 .
714 2602 788 2670 154.

149 2718 328 2801 huruotu
352 2720 530 2803 mittendo
558 2720 777 2803 adiunctos
799 2721 1013 2823 apostolicos
1040 2721 1136 2822 apud
1153 2718 1362 2801 Caesaream

442 2845 668 2946 Maiestatem
696 2869 802 2949 super
829 2869 867 2926 ro
893 2845 1051 2928 lutheri.

517 2995 601 3063 (Acts
617 2993 834 3054 wormaciensis
851 2993 898 3052 lot
915 2994 983 3066 all.)

563 3115 628 3178 (Sub
649 3113 699 3163 fine
718 3113 821 3178 Aprilis
845 3109 933 3181 1524.)

449 3265 496 3329 In
527 3268 570 3330 la
601 3285 737 3329 causa
768 3265 1039 3330 Lutherana.

207 3383 248 3449 Se
276 3397 383 3470 potra
406 3390 564 3454 advertit
594 3391 629 3453 la
652 3390 808 3454 Cesarea
830 3388 972 3452 Maestd
1003 3389 1068 3452 che
1092 3407 1163 3451 non
1193 3390 1388 3453 solamente

128 3490 166 3551 la
184 3491 324 3560 Saxonis
348 3517 406 3560 ma
429 3505 507 3560 tuta
529 3498 565 3560 la
581 3497 785 3580 Alemagna
808 3499 881 3561 alta
905 3505 942 3560 et
964 3497 1081 3577 bassa,
1105 3505 1142 3558 et
1165 3496 1189 3559 li
1213 3497 1265 3559 soi
1289 3497 1388 3579 paesi

129 3596 175 3657 de
191 3598 391 3684 Brabantia,
416 3613 452 3666 et
475 3603 660 3686 Flandria‚
686 3603 848 3686 Phrysia,
874 3602 1063 3683 Zelandia,
1086 3603 1276 3685 Holandia,
1299 3624 1388 3669 sono

129 3707 247 3788 peggio
273 3711 338 3774 che
361 3709 431 3773 mai
455 3709 572 3774 infetti
597 3711 793 3792 dequesta
817 3718 935 3793 peste,
967 3729 1067 3772 corne
1092 3708 1388 3773 verisimelmente

131 3805 195 3874 Sua
213 3814 342 3879 Maesta
367 3817 459 3880 deve
483 3837 582 3882 esser
604 3816 781 3882 advertite
805 3817 852 3878 da
875 3815 901 3878 li
924 3815 988 3879 soi.

206 3937 245 4000 Et
272 3961 380 4005 ancor
410 3944 476 4006 che
508 3961 554 4006 ne
577 3941 602 4005 li
626 3940 678 4007 soi
702 3940 803 4024 paesi
833 3939 1029 4004 d'Austria
1059 3947 1144 4019 etc,
1172 3940 1195 4003 1’
1209 3941 1389 4005 Arciduca

133 4036 253 4108 fratello
276 4047 318 4111 de
336 4045 411 4111 Sua
425 4049 565 4113 Maesta
589 4049 666 4132 pari
691 4051 757 4112 che
781 4047 852 4111 faci
877 4046 995 4110 officio
1020 4047 1139 4129 degno
1163 4047 1208 4110 de
1225 4067 1289 4111 sua
1310 4069 1387 4130 pro·

135 4149 237 4232 genie,
259 4165 293 4218 et
314 4158 429 4238 bono,
459 4166 495 4219 et
519 4156 694 4220 catholico
719 4153 905 4236 Principe,
937 4153 1168 4232 nondimeno,
1200 4154 1286 4217 osii
1311 4176 1388 4238 per-

136 4252 191 4316 che
208 4257 230 4320 li
248 4263 368 4327 vecchi
392 4264 581 4328 conselierl
612 4265 658 4327 de
681 4261 790 4346 quelli
813 4260 915 4344 paesi
946 4259 1050 4323 furno
1074 4281 1214 4343 sempre
1245 4264 1316 4325 mal
1339 4263 1388 4324 di-

138 4365 229 4437 sposti
247 4387 347 4434 verso
372 4380 499 4452 questa
522 4369 636 4434 Santa
659 4367 765 4451 Sede,
790 4389 811 4432 o
835 4389 901 4450 per
924 4370 1015 4431 altra
1039 4385 1165 4448 causa,
1190 4368 1275 4450 ogni
1299 4369 1336 4432 di
1359 4369 1389 4432 si

138 4467 213 4532 velle
237 4477 380 4556 qualche
405 4497 494 4559 gran
520 4478 738 4557 desordene,
774 4487 810 4538 et
833 4476 903 4538 mal
927 4475 1093 4557 exemplo
1126 4475 1170 4537 de
1193 4476 1228 4538 le
1252 4496 1335 4540 cose
1359 4477 1388 4540 si

140 4566 225 4640 fanno
245 4586 396 4648 secundo
418 4594 546 4673 questa
569 4584 763 4648 maledetta
786 4591 889 4646 setta.

208 4683 285 4752 Item
307 4691 341 4754 le
366 4689 450 4754 cittt
473 4692 622 4756 sranche
648 4711 748 4754 come
768 4686 1026 4771 Noremberga,
1050 4688 1225 4771 Augusta,
1250 4692 1388 4775 Argen-

143 4781 214 4868 tina,
244 4792 360 4881 Spira,
396 4800 463 4862 che
497 4801 643 4864 soleano
674 4817 814 4880 sompre
839 4795 1050 4879 gobernarsi
1083 4798 1389 4885 prudentemente,

146 4905 211 4956 s⁰1¹0
238 4902 322 4967 assai
351 4905 414 4988 pid
438 4908 677 4972 contaminate
709 4905 773 4969 che
798 4905 822 4968 li
847 4903 928 4968 altri
951 4901 1086 4985 populi.
1133 4903 1179 4967 Et
1208 4930 1273 5031 per
1303 4922 1389 5000 ogni

1175 5001 1210 5054 22
