3425 5700
748 574 996 631 0⁴3de

234 721 359 785 fuerim
377 722 577 804 prohibitus
601 722 829 803 sponsionem
854 741 967 784 meam
991 718 1203 800 adimplere;
1221 717 1433 801 rogavitque
1456 737 1513 779 me

233 846 277 890 ne
301 838 384 891 ante
415 850 530 892 meum
566 829 718 891 reditum
747 837 783 890 et
813 828 976 890 iteratam
1007 847 1127 890 secum
1159 824 1513 888 communicationem

232 938 428 1016 superbae
453 936 602 998 materia
626 932 719 997 SS¹¹¹⁰
743 936 792 997 D⁰
824 934 868 997 N.
893 935 938 996 de
962 954 1001 997 se
1025 953 1135 996 suave
1150 931 1383 1015 responsione
1407 952 1513 1013 quam

232 1042 458 1105 tumultuarie
476 1052 511 1105 et
528 1064 574 1106 ex
591 1041 783 1124 improviso
807 1041 1031 1120 reddidisset,
1056 1040 1244 1122 quicquam
1268 1040 1513 1102 rescriberem.

233 1148 372 1212 Certior
406 1159 522 1212 autern
556 1150 671 1212 factus
702 1168 757 1211 me
786 1168 856 1210 non
888 1147 1083 1210 rediturum
1114 1149 1181 1209 hac
1213 1148 1291 1209 vice
1315 1146 1513 1209 Lovanium

231 1275 296 1337 per
320 1254 455 1318 litteras
479 1255 702 1337 Egmondani
728 1255 811 1317 mihi
835 1254 1021 1336 respondit
1053 1253 1168 1335 pridie
1204 1254 1266 1316 kal
1290 1251 1514 1335 Septembris

231 1362 308 1425 fere
332 1362 421 1425 sicut
446 1363 561 1444 prius;
586 1362 704 1426 mirari
735 1362 871 1425 scilicet
902 1382 940 1424 se
972 1382 1064 1434 rem;
1097 1361 1267 1423 adiiciens
1299 1381 1337 1423 se
1372 1359 1513 1441 plenius

231 1488 481 1552 responsurum
515 1470 576 1532 ubi
609 1490 693 1533 suus
723 1468 959 1532 Provincialis
989 1479 1025 1531 et
1057 1468 1200 1549 quidem
1227 1457 1319 1530 alter
1342 1467 1515 1549 magister

231 1576 285 1638 sui
303 1576 447 1640 Ordinis
463 1576 665 1640 haereticae
683 1574 871 1659 pravitatis
885 1576 920 1637 in
937 1574 1072 1639 Ordine
1087 1574 1148 1636 illo
1172 1573 1359 1655 inquisitor
1382 1594 1513 1651 secum,

232 1683 377 1765 ipseque
403 1704 481 1747 cum
505 1684 574 1747 illis
598 1682 860 1747 convenissent.
908 1682 1012 1763 Quod
1036 1683 1176 1763 plenius
1200 1701 1408 1761 responsum
1433 1701 1512 1743 cum

232 1792 413 1872 hucusque
442 1792 488 1854 ad
519 1812 575 1853 me
599 1810 670 1853 non
694 1789 918 1871 pervenerit,
941 1788 1094 1851 fortasse
1118 1789 1201 1870 quia
1225 1787 1289 1851 S¹¹¹⁰
1312 1789 1355 1853 D.
1380 1788 1424 1852 N.
1447 1808 1516 1869 per

233 1895 363 1959 dictum
376 1898 647 1960 Procuratorem
673 1897 708 1960 in
733 1899 821 1959 urbe
845 1895 1061 1958 residentem
1084 1894 1167 1957 viva
1190 1916 1279 1957 voce
1303 1895 1514 1976 responderi

232 2003 429 2083 curaverit,
455 2024 524 2066 non
549 2003 672 2085 putavi
697 2023 766 2085 ego
792 2003 876 2066 mihi
901 2001 1032 2065 diutius
1056 2001 1291 2065 differendum
1314 2001 1513 2064 rescribere

232 2109 307 2171 R¹¹¹⁰
327 2111 392 2172 D¹¹⁰
413 2130 492 2173 meo
509 2110 657 2173 llatario
682 2110 766 2192 quid
788 2130 868 2173 cum
891 2110 995 2172 dictis
1010 2109 1244 2191 Egmondano
1270 2119 1305 2171 et
1322 2108 1512 2171 Vincentio

231 2215 266 2278 in
290 2238 328 2279 re
354 2216 437 2279 mihi
463 2218 650 2280 commissa
674 2217 837 2299 egissem.
896 2216 975 2297 Qua
1003 2216 1102 2278 inre
1126 2236 1197 2279 non
1222 2216 1381 2279 omittam
1405 2216 1513 2279 etiam

231 2344 346 2387 meam
370 2324 581 2387 sententiam
599 2324 694 2387 dicto
710 2324 863 2387 Domino
879 2344 957 2386 meo
975 2344 1040 2405 per
1056 2324 1332 2386 dominationem
1356 2334 1512 2385 vestram

231 2442 266 2493 et
288 2451 354 2513 per
380 2452 469 2511 eum,
494 2432 523 2493 si
547 2431 736 2508 videbitur,
761 2430 950 2494 SS¹¹¹⁰Dno
974 2440 1096 2493 nostro
1114 2431 1307 2512 explicare,
1330 2430 1438 2512 idque
1461 2429 1513 2492 ita

230 2537 315 2600 mihi
340 2538 438 2601 Deus
462 2537 675 2617 benefaciat,
701 2559 835 2601 summa
859 2557 937 2599 curn
961 2536 1032 2599 fide
1048 2546 1084 2600 et
1099 2538 1327 2619 synceritate.
1359 2537 1513 2599 Videtur

231 2644 352 2725 itaque
377 2644 461 2707 mihi
485 2665 543 2707 res
566 2646 654 2708 haec
679 2666 757 2708 esse
782 2644 924 2726 quidem
949 2644 984 2706 in
1010 2665 1048 2707 se
1066 2664 1136 2706 non
1153 2646 1258 2706 valde
1274 2664 1421 2725 magna;
1446 2644 1511 2707 sed

233 2760 351 2813 tamen
376 2762 525 2835 propter
558 2772 601 2814 ea
632 2772 723 2833 quae
756 2752 837 2815 inde
867 2751 967 2832 sequi
998 2761 1147 2832 possunt
1182 2771 1252 2813 non
1286 2770 1364 2813 esse
1399 2769 1513 2830 parva

229 2861 438 2942 reputanda.
485 2860 623 2922 Norunt
648 2880 799 2941 namque
831 2879 954 2922 omnes
985 2879 1090 2940 quam
1122 2879 1246 2942 parum
1278 2858 1428 2938 utiliter,
1465 2878 1512 2920 ne

232 2965 346 3028 dicam
369 2966 574 3047 pernitiose,
599 2965 766 3028 Erasmus
790 2966 972 3048 scripserit
995 2967 1030 3028 in
1053 2986 1184 3048 magna
1207 2965 1418 3048 scriptorum
1433 2985 1511 3027 suo·

230 3086 305 3134 rum
331 3081 434 3153 parte
458 3093 549 3154 quae
573 3070 679 3135 fidem
703 3094 744 3135 ac
774 3072 984 3154 religionem
1018 3073 1232 3155 respiciunt:
1264 3081 1299 3135 et
1330 3073 1509 3155 quomodo

231 3199 278 3241 ex
309 3178 450 3260 scriptis
480 3179 553 3241 eius
589 3179 730 3261 plurimi
766 3180 839 3242 eius
873 3180 1107 3243 admiratores
1141 3181 1270 3262 (qualis
1302 3181 1408 3244 etiarn
1439 3200 1509 3262 ego

231 3305 309 3348 esse
334 3283 448 3370 soleo)
481 3287 585 3348 valde
614 3285 725 3348 adiuti
758 3286 827 3348 sint
851 3287 897 3348 ad
920 3286 1060 3349 facilius
1084 3288 1332 3369 amplectenda
1354 3287 1509 3369 pessima

231 3393 400 3473 dogmata
424 3392 707 3456 Lutheranorum
731 3403 767 3456 et
791 3395 883 3456 male
918 3393 1095 3456 sentiendi
1123 3394 1168 3457 de
1203 3394 1321 3457 multis
1353 3393 1509 3456 articulis

229 3497 323 3578 fidei,
348 3499 501 3562 maxime
526 3500 570 3562 de
594 3499 747 3580 primatu
772 3499 870 3562 Petri
894 3508 930 3562 et
953 3499 1109 3562 Romani
1133 3500 1333 3581 Pontificis,
1366 3504 1411 3564 de
1441 3501 1507 3562 vir·

229 3614 303 3668 tute
327 3607 558 3668 humanarum
572 3605 871 3688 constitutionum,
896 3607 941 3669 de
958 3606 1204 3689 Indulgentiis,
1222 3609 1267 3670 de
1284 3607 1508 3672 confessione

230 3721 266 3773 et
289 3711 407 3774 multis
431 3712 508 3775 aliis
532 3714 578 3775 de
603 3712 731 3794 quibus
755 3713 815 3775 ille
839 3713 874 3775 in
900 3714 1081 3794 opusculis
1114 3715 1186 3777 suis
1210 3717 1399 3778 multorum
1422 3715 1507 3777 iudi·

231 3817 285 3879 cio
315 3838 385 3881 non
422 3819 507 3882 satis
541 3819 599 3902 pie
628 3841 743 3900 neque
775 3819 949 3884 catholice
978 3820 1074 3902 loqui
1108 3823 1263 3886 videtur..
1313 3823 1507 3884 Praeterea

229 3926 324 4005 quod
349 3946 457 4007 supra
493 3947 537 3989 ex
576 3927 695 3990 verbis
722 3927 947 4010 Egmondani
978 3928 1105 4009 scripsi
1129 3949 1208 3992 eum
1232 3950 1298 4011 per
1321 3929 1507 4010 epistolam

228 4033 406 4094 hortatum
430 4033 539 4096 fuisse
563 4036 755 4098 Lutherum
779 4056 849 4096 non
874 4036 1016 4116 quidem
1033 4044 1071 4097 ut
1087 4034 1223 4098 faceret
1240 4036 1334 4117 quod
1352 4034 1508 4097 faciebat

228 4149 263 4199 et
288 4141 382 4220 quod
406 4140 558 4221 pessime
584 4151 762 4222 caeperat,
787 4143 850 4204 sed
876 4152 913 4203 ut
937 4141 973 4203 id
997 4152 1171 4222 perpetuo
1195 4141 1351 4221 faceret,
1384 4141 1505 4203 audivi

229 4265 273 4308 ex
303 4247 455 4326 quodam
485 4249 688 4311 doctissimo
725 4257 760 4311 et
791 4247 862 4310 fide
892 4247 1098 4330 dignissimo
1129 4248 1206 4310 viro
1237 4249 1369 4311 factum
1396 4249 1507 4312 fuisse

228 4353 273 4413 ab
299 4373 341 4414 eo
367 4353 472 4416 etiam
496 4368 729 4436 posteaquam
753 4355 929 4418 Lutherus
951 4355 1136 4438 inceperat
1159 4356 1345 4419 manifeste
1369 4376 1507 4419 venena

228 4479 292 4520 sua
316 4459 518 4533 effundere;
542 4461 728 4543 ipsamque
761 4461 948 4542 epistolam
981 4483 1050 4544 qua
1084 4465 1152 4525 hoc
1176 4463 1342 4525 Erasmus
1365 4462 1506 4544 scripsit

228 4585 306 4628 esse
330 4567 472 4647 publice
501 4569 738 4651 impressam¹)
804 4568 908 4650 Quod
941 4570 970 4632 si
1005 4570 1055 4632 ita
1088 4582 1142 4632 est
1172 4569 1293 4632 nescio
1327 4571 1505 4652 quomodo

302 4760 321 4831 ¹)
340 4765 463 4813 Fortasse
494 4764 537 4814 hic
564 4765 650 4828 agitur
674 4765 707 4814 de
741 4765 863 4828 Epistola
894 4766 1010 4816 Luthero
1039 4768 1101 4815 data
1125 4781 1194 4814 anno
1224 4776 1289 4828 1519
1314 4767 1347 4814 de
1372 4781 1424 4830 qua
1448 4767 1506 4830 ipse

229 4845 352 4892 Erasmus
372 4844 464 4892 scribit
477 4860 545 4894 anno
563 4855 629 4908 1524
650 4844 845 4894 Melanchtoni:
865 4847 924 4904 „Ne
943 4846 1085 4894 scriberem
1104 4846 1233 4910 persuasit
1246 4845 1294 4894 illa
1311 4846 1396 4909 prima
1406 4847 1439 4894 ad
1451 4848 1505 4895 Lu-

227 4923 330 4972 therum
350 4924 464 4988 epistola
482 4940 578 4988 magno
602 4941 660 4974 meo
684 4925 802 4990 periculo
822 4926 919 4977 edita“.
957 4926 1089 4992 (Erasmis
1112 4927 1197 4990 Epist.
1222 4926 1346 4980 DCCIII.
1371 4927 1418 4979 sol.
1443 4927 1506 4990 817.
