3425 5700
683 590 895 646 &Bith-‘0

156 753 320 834 pestifera
349 753 451 816 radix
477 754 785 836 pestilentissimos
809 777 927 818 ramos
951 767 987 818 et
1011 757 1175 838 palmites
1199 759 1374 840 producat
1398 769 1434 823 et

156 861 294 924 ulterius
310 871 441 942 serpat.
474 860 607 925 Omnes
627 874 662 925 et
682 863 843 946 singulos
868 865 1021 946 partium
1045 866 1285 947 predictarum
1309 866 1431 928 utrius·

157 990 215 1050 que
233 989 340 1031 sexus
358 969 607 1051 cujuscumque
629 979 741 1034 status
757 971 953 1034 nobilitatis
972 980 1007 1033 et
1027 973 1262 1035 condictionis
1278 973 1435 1035 existant

156 1077 185 1138 in
207 1077 405 1158 hujusmodi
430 1057 604 1139 haeresim
631 1088 665 1140 et
690 1098 829 1141 errores
854 1079 938 1142 dicti
955 1078 1100 1141 Martini
1125 1082 1314 1162 prolapsos
1339 1080 1431 1142 etin

157 1204 283 1264 poenas
293 1183 328 1245 in
342 1183 445 1245 dictis
457 1183 583 1247 litteris
597 1195 781 1248 contentas
795 1186 967 1266 incursos,
983 1186 1042 1267 qui
1056 1206 1196 1249 errores
1209 1207 1292 1250 suos
1305 1196 1433 1268 sponte

157 1290 359 1354 confitentes
390 1292 566 1353 haeresim
590 1294 773 1374 objurare,
807 1301 843 1356 et
868 1295 913 1356 ad
937 1314 1059 1355 veram
1083 1291 1189 1356 fidem
1214 1293 1433 1356 Catholicam

157 1397 307 1461 converti
332 1398 518 1474 voluerint,
550 1399 579 1460 si
604 1400 671 1462 hoc
696 1399 875 1463 humiliter
899 1399 1069 1480 petierint
1093 1401 1138 1461 ad
1162 1401 1370 1481 hujusmodi,
1397 1410 1433 1462 et

157 1504 226 1568 aliis
243 1525 364 1568 eorum
380 1505 588 1568 excessibus
602 1506 707 1568 etiam
720 1507 897 1570 haeresim
914 1507 1147 1588 sapientibus,
1163 1516 1199 1569 et
1214 1507 1339 1589 poenis
1354 1527 1431 1587 pre-

157 1612 262 1692 dictis,
286 1611 437 1692 prestito
462 1620 580 1674 tamen
606 1613 703 1693 prius
727 1633 793 1694 per
818 1633 880 1676 eos
904 1613 1081 1694 corporali
1103 1614 1310 1692 Juramento
1335 1615 1432 1694 quod

158 1720 273 1782 similia
299 1720 343 1780 de
368 1727 511 1780 coetero
537 1738 605 1780 non
632 1719 863 1798 committent,
888 1740 954 1782 nec
980 1741 1023 1783 ea
1040 1721 1338 1783 committentibus
1355 1742 1431 1803 pre-

157 1829 293 1888 stabunt
317 1824 497 1904 auxilium,
520 1825 713 1889 Consilium
739 1836 774 1888 et
789 1827 960 1907 fauorem,
985 1848 1137 1891 necnon
1153 1831 1200 1890 ab
1217 1827 1296 1890 aliis
1311 1847 1433 1890 eorum

157 1934 318 2013 peccatiS,
346 1933 537 1994 dummodo
562 1954 632 1995 non
659 1934 728 1996 sint
753 1933 837 1996 talia
861 1943 1011 2015 propter
1034 1954 1126 2016 quae
1150 1935 1255 1997 sedes
1279 1935 1431 2014 Aposto-

157 2041 217 2102 lica
231 2041 327 2104 foret
343 2039 469 2102 merito
486 2042 715 2119 consulenda,
739 2041 950 2104 auctoritate
966 2052 1098 2120 nostra,
1123 2044 1233 2104 semel
1248 2042 1433 2103 dumtaxat

157 2167 215 2228 pro
239 2145 399 2229 quolibet
424 2167 561 2226 eorum,
585 2147 743 2210 iniuncta
767 2148 874 2212 etiam
899 2148 949 2210 eis
973 2169 1038 2230 pro
1064 2149 1169 2211 modo
1186 2149 1320 2229 Culpae
1337 2147 1433 2230 peni·

157 2254 259 2316 tentia
283 2254 440 2332 salutari,
466 2263 501 2316 et
526 2253 602 2316 aliis
627 2275 719 2335 quae
744 2257 788 2317 de
812 2255 888 2317 iure
912 2255 1044 2317 fuerint
1063 2255 1293 2336 injungenda,
1318 2257 1432 2318 absol·

159 2361 273 2440 rendi,
307 2381 372 2422 nec
405 2381 475 2423 non
506 2381 568 2424 eos
599 2363 645 2424 ad
676 2362 806 2424 famam
837 2374 873 2424 et
900 2364 1055 2425 honores
1079 2362 1266 2444 pristinos,
1299 2362 1433 2425 abolita

157 2469 248 2548 prius
275 2468 438 2548 infamia,
474 2467 684 2531 restituendi
715 2479 751 2532 et
781 2469 949 2551 ponendi.
997 2470 1129 2532 Contra
1158 2470 1238 2533 illos
1262 2490 1349 2532 vero
1373 2468 1433 2550 qui

156 2575 280 2638 talibus
313 2575 493 2638 erroribus
525 2577 780 2639 contumaciter
804 2576 996 2658 persistere
1019 2577 1198 2640 voluerint
1222 2577 1433 2640 auctoritate

156 2691 282 2762 nostra,
306 2693 413 2764 prout
433 2682 520 2764 juris
544 2683 669 2765 fuerit,
695 2684 933 2766 procedendi,
957 2682 1126 2765 ipsosque
1150 2684 1354 2764 corrigendi
1378 2703 1433 2746 ca·

155 2787 305 2870 stigandi
321 2799 356 2852 et
373 2789 555 2871 puniendi,
581 2800 617 2854 et
633 2789 739 2854 Curia
756 2791 930 2854 saeculari
954 2790 1130 2872 tradendi,
1155 2810 1196 2853 ac
1221 2791 1290 2854 alia
1313 2799 1434 2854 nostra

155 2904 187 2957 et
217 2896 357 2978 singula
390 2918 482 2978 quae
510 2898 689 2961 hereticae
714 2898 901 2979 pravitatis
926 2898 1173 2980 inquisitores,
1207 2899 1252 2960 de
1273 2900 1351 2981 jure
1375 2899 1434 2960 vel

154 3005 406 3067 consuetudine
430 3004 551 3068 facere
575 3016 732 3086 possent,
767 3015 802 3068 et
826 3007 1011 3086 deberent,
1035 3006 1190 3068 faciendi
1223 3005 1373 3088 gerendi
1398 3016 1434 3069 et

155 3112 361 3193 exequendi.
399 3112 443 3175 Et
468 3113 551 3194 quia
575 3116 776 3195 complures
799 3114 881 3176 libri
905 3114 1073 3177 articulos
1093 3114 1181 3176 alias
1196 3113 1435 3176 conciliariter

154 3218 336 3282 damnatos
361 3220 583 3283 continentes
606 3240 649 3282 ac
674 3229 794 3283 nostro
820 3230 855 3283 et
879 3220 981 3301 hujus
1005 3218 1161 3283 Sanctae
1179 3217 1284 3282 Sedis
1307 3220 1433 3282 honori

153 3326 380 3389 detrahentes
413 3335 538 3391 contra
562 3328 754 3390 Decretum
782 3328 944 3390 moderni
967 3326 1201 3390 lateranensis
1225 3326 1374 3390 Concilii
1397 3327 1432 3389 in

154 3430 228 3513 ipsa
253 3433 444 3497 Germania
466 3435 630 3516 impressi
654 3434 813 3513 fuerunt,
846 3435 958 3497 libros
981 3436 1181 3516 hujusmodi
1204 3434 1240 3497 in
1265 3434 1374 3497 officii
1398 3444 1434 3498 et

155 3539 334 3621 dignitatis
359 3551 502 3604 nostrae
527 3562 568 3603 ac
586 3542 712 3604 Dictae
729 3540 833 3604 Sedis
851 3542 1119 3624 depressionem
1135 3550 1276 3633 temere·
1289 3545 1433 3622 loquen-

155 3656 219 3727 tes,
253 3648 394 3729 publice
428 3670 469 3711 ac
502 3651 622 3730 palam
656 3650 815 3712 comburi
839 3648 995 3711 faciendi
1019 3658 1055 3711 et
1080 3657 1204 3712 contra
1228 3651 1433 3712 eorumdem

155 3754 319 3818 librorum
349 3766 514 3819 auctores
538 3756 772 3837 procedendi,
807 3757 949 3838 plenam
975 3764 1011 3818 et
1034 3756 1182 3818 liberam
1207 3756 1433 3818 Auctoritate

156 3860 362 3942 Apostolica
396 3872 521 3926 tenore
557 3862 775 3943 presentium
810 3862 1038 3925 concedimus
1077 3863 1293 3925 facultatem.
1352 3863 1433 3926 Non

154 3970 372 4033 obstantibus
389 3969 699 4033 constitutionibus
715 3979 750 4032 et
766 3969 1060 4047 ordinationibus,
1083 3989 1235 4032 necnon
1257 3969 1432 4050 quibisvis

156 4076 348 4157 privilegiis
364 4076 509 4139 indultis
526 4085 561 4138 et
576 4076 703 4139 litteris
718 4075 949 4156 Apostolicis,
967 4075 1150 4157 quibusvis
1168 4075 1204 4138 in
1221 4095 1355 4156 genere
1375 4077 1434 4138 vel

157 4182 188 4243 in
204 4184 322 4264 specie
338 4184 529 4262 concessis,
546 4202 846 4263 quorumcumque
863 4192 1024 4245 tenorum
1041 4181 1181 4261 fuerint,
1206 4203 1298 4263 quae
1315 4184 1433 4264 quoad

157 4290 324 4367 premissa
348 4290 399 4355 eis
425 4291 587 4353 nolumus
611 4289 814 4370 suffragari,
843 4289 1050 4370 Ceterisque
1079 4288 1265 4352 contrariis
1293 4289 1432 4370 quibus·

158 4414 312 4477 cumque.
337 4398 469 4461 Datum
494 4396 634 4460 Romae
665 4398 761 4478 apud
787 4394 957 4459 Sanctum
983 4396 1126 4458 Petrum
1158 4417 1250 4458 anno
1272 4396 1432 4459 lncarna·

158 4500 261 4565 tionis
283 4504 425 4569 Domini
439 4504 629 4567 Millesimo
659 4502 944 4586 quingentesimo
969 4502 1152 4574 vicesim0;
1183 4501 1330 4564 Decimo
1356 4522 1432 4585 sep·

158 4607 239 4672 timo
264 4612 332 4675 kal.
358 4612 523 4693 Augusti,
548 4610 779 4675 Pontificatus
804 4610 916 4673 nostri
939 4630 1033 4672 anno
1058 4619 1195 4674 octavo,
