3425 5700
641 567 888 624 ο·<34ἳ1ί>«>

139 719 253 773 cuncta
275 710 310 774 in
336 711 594 794 confusionem,
626 723 663 777 et
690 713 827 776 ruinam
856 714 1022 776 celeriter
1045 734 1124 777 esse
1148 713 1298 776 abitura.
1347 713 1402 775 Ac

137 838 190 880 nos
211 819 272 900 qui
295 819 331 882 in
353 821 457 883 vobis
480 823 627 883 multum
660 821 737 902 spei
771 829 807 882 et
841 820 876 882 in
914 831 1033 884 vestra
1063 824 1237 902 prestanti
1272 821 1401 885 virtute

136 926 296 1007 ponimus,
320 937 358 990 ut
382 928 583 1010 aperiamus
599 927 812 991 sententiam
836 927 1122 1010 desideriumque
1147 937 1306 992 nostrum
1330 928 1399 991 vel·

137 1033 235 1095 lemus
257 1033 295 1097 id
318 1034 484 1116 primum,
520 1036 615 1117 quod
640 1044 676 1097 et
698 1033 804 1098 facile
828 1044 883 1098 est
911 1045 947 1098 et
970 1036 1118 1098 aliorum
1142 1035 1210 1098 iam
1235 1035 1401 1116 exemplo

137 1139 414 1221 demonstratum,
438 1152 477 1204 ut
493 1141 607 1223 qualis
622 1141 825 1223 Ratispone
849 1161 915 1224 per
937 1142 1017 1206 illos
1041 1142 1264 1220 clarissimos,
1290 1151 1325 1203 et
1349 1161 1399 1202 re-

135 1246 369 1327 ligiosissimos
399 1268 568 1329 proceres
592 1249 784 1312 concordia
807 1248 913 1328 inita,
949 1259 984 1312 et
1019 1248 1145 1312 foedus
1168 1249 1300 1312 facturn
1324 1247 1400 1328 fuit,

136 1371 194 1434 quo
217 1374 359 1418 causam
384 1355 529 1434 Christi,
555 1365 591 1420 et
614 1355 720 1437 patrii
743 1355 889 1418 honoris
914 1358 1089 1420 communi
1114 1376 1183 1437 ope
1208 1366 1244 1419 et
1267 1355 1400 1419 auxilio

135 1459 385 1524 defendendam
409 1472 652 1544 susceperunt,
677 1461 757 1525 talis
785 1462 887 1525 fieret
909 1461 1002 1526 inter
1035 1475 1210 1544 coeteroS,
1246 1463 1305 1544 qui
1340 1483 1400 1544 po-

135 1576 251 1630 testate
274 1569 474 1651 principum
498 1569 669 1650 praediti,
701 1581 738 1632 et
761 1580 914 1632 mentem
938 1571 1088 1651 habent,
1123 1579 1158 1634 et
1181 1572 1400 1634 voluntatem

134 1675 171 1734 ad
203 1675 353 1737 honesta
392 1685 428 1738 et
461 1685 585 1738 sancta
626 1695 736 1758 opera
773 1685 948 1758 paratam,
988 1676 1024 1739 in
1058 1697 1207 1759 quorum
1242 1697 1399 1754 numero,

135 1799 202 1841 cum
223 1801 287 1844 vos
311 1801 382 1845 non
406 1783 577 1846 mediocri
601 1783 812 1846 auctoritate
835 1783 1015 1865 polleatis,
1051 1787 1234 1847 hortamur
1266 1782 1398 1846 Nobili·

133 1895 213 1949 tates
235 1900 375 1952 vestras
398 1889 433 1951 in
450 1889 613 1970 Domino,
639 1899 675 1953 et
690 1911 756 1972 per
772 1890 911 1954 viscera
926 1890 1188 1954 misericordiae
1204 1890 1271 1952 Dei
1290 1890 1398 1951 nostri

134 2001 198 2054 toto
220 1994 326 2057 animi
351 1997 468 2058 studio
491 1997 702 2079 requirimus
725 2007 763 2060 ut
788 1999 979 2062 convenire
1004 2019 1082 2061 cum
1115 1996 1278 2077 caeteris,
1310 2017 1399 2076 quos

133 2101 304 2164 vobiscum
339 2101 581 2167 iudicaveritis
615 2105 693 2168 fore
729 2105 1010 2184 consentienteS,
1050 2123 1264 2186 operamque
1301 2105 1397 2183 dare,

132 2206 264 2289 hortari,
286 2229 449 2290 monere,
478 2211 612 2274 instare
636 2211 791 2292 denique
823 2211 940 2274 velitis
966 2221 1016 2291 ut,
1046 2210 1192 2274 foedere
1216 2210 1308 2272 inter
1332 2229 1397 2272 vos

131 2311 231 2394 facto,
265 2316 499 2398 popularibus
523 2316 694 2397 motibus,
719 2327 755 2379 et
777 2317 1001 2400 periculosae
1025 2317 1266 2397 imperitorum
1292 2317 1396 2379 licen·

129 2420 191 2482 tiae
203 2422 442 2485 communibus
452 2424 577 2486 studiis
589 2424 782 2504 resistatur,
794 2423 1080 2507 quandoquidem
1092 2424 1137 2485 ad
1149 2423 1247 2504 vulgi
1259 2431 1396 2485 mentes

130 2526 281 2591 seditioni
307 2531 479 2592 adversus
503 2530 683 2613 principes
707 2551 789 2594 suos
815 2532 1056 2610 concitandas,
1086 2532 1175 2592 baec
1207 2530 1394 2611 plurimum

131 2634 369 2699 sumministret
392 2636 487 2718 ignis
519 2648 554 2699 et
587 2637 741 2700 incendii
766 2640 812 2700 ad
837 2638 990 2701 omnium
1014 2636 1208 2719 perniciem
1234 2645 1268 2699 et
1293 2635 1394 2699 detri-

131 2751 272 2805 mentum
296 2753 424 2806 exorta
438 2745 625 2807 lutherana
642 2745 759 2809 factio.
792 2745 871 2807 Hoc
889 2766 952 2808 nos
970 2744 1182 2807 consulimus
1197 2743 1322 2805 Nobl’u‘
1339 2763 1395 2804 ve-

131 2847 202 2911 stris
223 2849 372 2933 primum
397 2853 444 2913 ob
468 2853 640 2915 honorem
663 2852 747 2933 Dei,
776 2854 1041 2934 animarumque
1065 2852 1115 2914 illi
1139 2853 1395 2933 desponsatum

130 2955 283 3035 salutem,
320 2978 468 3039 quarum
496 2957 676 3022 interitum
699 2978 830 3041 magno
855 2981 933 3022 cum
959 2961 1082 3021 dolore
1107 2958 1264 3041 quotidie
1289 2956 1394 3020 senti·

129 3081 210 3136 mus;
243 3064 375 3127 deinde
410 3065 505 3145 quod
539 3066 639 3129 istius
679 3066 782 3130 nobis
822 3066 1070 3130 dilectissimae
1105 3065 1259 3129 nationis
1295 3065 1394 3145 quies

128 3179 158 3229 et
184 3191 252 3251 pax
289 3171 393 3233 nobis
429 3181 484 3234 est
519 3172 750 3254 optatissima.
811 3175 996 3236 Postremo
1029 3174 1110 3255 quia
1144 3192 1222 3234 curn
1257 3180 1394 3232 vestras

129 3273 233 3338 Nobffl
254 3286 407 3360 paterna
428 3280 682 3341 benevolentia
705 3283 976 3361 amplectamur,
1013 3280 1087 3342 sive
1116 3280 1151 3342 in
1182 3281 1249 3341 hoc
1283 3298 1391 3358 opere

129 3391 175 3444 est
207 3385 340 3465 gloria,
384 3385 459 3447 sive
505 3385 611 3449 etiam
650 3386 798 3466 utilitas,
837 3387 1020 3469 utriusque
1058 3387 1217 3469 cupimus
1255 3394 1392 3447 vestras

127 3486 234 3552 Nobss·
255 3492 428 3575 imprimis
452 3512 531 3553 esse
554 3492 758 3575 participes.
807 3494 950 3556 Accidit
983 3503 1100 3557 autern
1129 3492 1228 3574 quasi
1262 3489 1391 3554 occasi·

126 3614 219 3659 onem
242 3601 438 3681 praebente
462 3598 558 3678 Deo,
594 3607 632 3661 ut
667 3620 744 3662 curn
770 3600 919 3663 dilectus
949 3600 1041 3663 filius
1065 3610 1185 3663 noster
1209 3598 1266 3662 Al.
1292 3596 1390 3661 Car¹¹⁸

126 3700 344 3785 Maguntinus
361 3714 427 3769 etc.
444 3706 624 3769 civitatem
640 3706 992 3790 Magdeburgensem
1010 3708 1231 3789 quorundam
1255 3706 1390 3767 scelere

125 3819 156 3870 et
178 3810 357 3893 impietate
381 3832 512 3894 magno
537 3832 616 3875 cum
639 3816 790 3876 tumultu
814 3813 869 3877 his
893 3814 1072 3896 preteritis
1089 3814 1214 3875 diebus
1231 3812 1277 3874 ad
1293 3811 1390 3872 here-

124 3915 182 3978 sim
204 3920 418 4001 prolapsam,
442 3939 507 4000 pro
531 3919 617 3981 boni
640 3920 804 4002 pastoris,
829 3930 865 3983 et
889 3920 1086 4001 dignissimi
1112 3916 1309 3981 Cardinalis
1334 3916 1391 3977 de-

123 4023 191 4086 bito
213 4027 258 4089 ad
281 4046 391 4089 verae
415 4025 558 4106 pietatis
583 4036 618 4088 et
648 4027 875 4089 obedientiae
908 4028 1079 4108 pristinae
1110 4024 1263 4088 officium
1297 4022 1391 4085 insti·

123 4132 221 4194 tuerit
242 4152 425 4213 revocare,
449 4132 614 4195 videatur
636 4133 672 4194 id
696 4134 800 4197 facile
825 4134 1033 4213 effecturus,
1058 4134 1086 4196 si
1110 4142 1231 4195 vestra
1255 4139 1291 4193 et
1315 4150 1390 4192 cae·

122 4243 268 4302 terorum
291 4251 390 4303 recte
411 4238 636 4302 sentientium
660 4240 792 4305 auxilia
815 4240 865 4303 illi
890 4261 960 4303 non
985 4239 1173 4318 defuerint,
1198 4238 1234 4300 in
1258 4258 1328 4319 qua
1351 4255 1390 4297 re

123 4361 184 4404 nos
207 4346 332 4426 etiam,
367 4346 398 4409 si
421 4349 514 4409 bene
538 4357 701 4430 coeptam
737 4368 815 4410 earn
838 4347 1048 4426 viderimus,
1085 4345 1298 4408 intendimus
1322 4362 1390 4424 ope

124 4460 237 4514 nostra
258 4453 491 4527 intervenire;
528 4456 592 4516 sed
627 4464 665 4516 ut
694 4454 729 4516 id
760 4464 925 4536 prompte
956 4462 991 4517 et
1020 4453 1176 4516 animose
1204 4452 1283 4529 fiat,
1314 4452 1389 4512 hor-

124 4561 231 4621 tamur
252 4561 370 4623 denuo
393 4559 487 4622 Νοἴθι
509 4560 668 4640 Vestras,
693 4571 731 4623 ut
754 4562 983 4643 interponere
1007 4569 1128 4643 partes
1156 4580 1237 4623 suas
1269 4558 1389 4621 velint.

126 4656 295 4731 >tollemus
318 4668 391 4730 vim
415 4688 480 4731 nos
504 4668 658 4749 quidem,
682 4667 745 4731 sed
770 4678 809 4731 ut
832 4668 1109 4731 mansuetudinis
1138 4677 1173 4729 et
1196 4664 1389 4728 humanita-

126 4765 170 4828 tis
190 4773 300 4852 potius
322 4774 382 4837 via
404 4773 647 4857 proficeretur.
695 4773 767 4838 Sed
792 4775 821 4837 si
845 4775 882 4837 id
906 4796 976 4838 non
1001 4785 1136 4857 potest,
1163 4774 1274 4837 omnis
1298 4772 1390 4835 iusta

127 4870 190 4953 Vis,
209 4888 258 4941 est
278 4879 408 4945 iniusta
437 4880 669 4963 permissione
698 4891 734 4944 et
762 4882 985 4964 negligentia
1017 4882 1191 4962 sanctior,
1223 4900 1263 4946 ac
1294 4880 1389 4942 dum-
