3425 5700
641 559 888 616 &illd-⁰

132 705 273 769 risoluto
288 708 355 769 che
369 706 404 769 la
430 705 535 769 Dieta
550 706 737 789 imperiale
755 705 784 768 si
800 708 920 769 debba
936 707 1097 770 intimare
1122 729 1143 770 a
1160 706 1229 770 San
1242 707 1404 790 Jacom0‚

133 823 163 876 et
186 815 221 877 el
253 813 382 876 nuncio
413 813 460 877 m'i
488 813 605 876 scriva
633 815 700 876 che
732 833 891 896 pensano
923 813 1056 876 ridurla
1089 834 1110 875 a
1140 811 1213 877 San
1243 813 1405 895 GiorgiO,

132 921 247 984 niente
270 920 306 982 di
331 940 433 983 meno
458 921 546 983 hora
568 939 634 1002 per
658 921 763 983 lettre
788 920 833 981 de
873 967 880 981 .
909 974 913 982 .
942 974 946 984 .
975 973 981 984 .
1017 940 1105 1002 pare
1139 920 1187 983 mi
1224 929 1332 983 mette
1368 919 1405 982 in

132 1025 235 1090 dubio
260 1047 300 1090 se
323 1030 358 1090 la
381 1027 411 1090 si
434 1026 511 1090 lara
527 1048 548 1090 o
563 1048 646 1090 non.
692 1027 827 1090 Dubito
851 1025 986 1089 habbia
999 1026 1150 1108 pigliato
1174 1047 1312 1101 errore;
1338 1045 1405 1090 con

134 1144 254 1216 questo
278 1154 404 1215 spazzo
429 1133 479 1215 gli
503 1134 619 1198 scrivo
644 1135 711 1196 che
735 1132 824 1195 avisi
847 1131 980 1196 Nostro
1004 1131 1174 1216 Signore,
1209 1141 1245 1197 et
1268 1154 1323 1196 me
1347 1155 1405 1197 an-

135 1244 238 1304 chora
261 1241 322 1322 piu
347 1250 573 1304 certamente.
598 1240 680 1303 Non
703 1240 734 1302 si
757 1239 920 1321 lacendo,
945 1261 966 1302 0
990 1241 1273 1322 prolongandosi
1297 1261 1318 1303 a
1333 1239 1406 1304 San

135 1346 273 1426 Jacomo
285 1367 306 1410 o
317 1347 376 1428 piri
387 1349 479 1410 ultra
490 1347 607 1410 iudico
619 1366 688 1409 non
703 1367 822 1410 essere
836 1347 1063 1429 expediente,
1075 1349 1141 1410 che
1151 1347 1240 1410 finiti
1253 1347 1312 1429 qui
1325 1369 1406 1430 que·

135 1452 335 1536 stinegocii,
344 1463 381 1516 et
391 1453 482 1517 fatto
493 1456 576 1536 quel
586 1456 653 1517 che
663 1453 692 1516 si
700 1473 748 1535 po
762 1453 842 1516 chio
853 1453 939 1516 resti
949 1474 1119 1535 appresso
1129 1455 1163 1517 lo
1169 1453 1321 1534 Infante,
1330 1473 1407 1536 per-

136 1563 194 1624 che
207 1581 301 1643 poco
314 1581 422 1642 posso
433 1581 584 1642 operare
597 1581 668 1624 non
681 1560 834 1623 essendo
846 1559 871 1622 li
880 1560 1038 1642 Principi
1048 1561 1194 1624 insieme
1205 1560 1240 1624 in
1253 1561 1361 1624 Dieta
1373 1571 1409 1624 et

136 1688 201 1730 uno
224 1667 360 1744 Noncio
376 1667 519 1731 bas-teri
534 1687 707 1750 appresso
723 1665 797 1730 Sua
809 1664 992 1742 Serenita;
1009 1687 1122 1749 penso
1138 1670 1272 1731 anchor
1287 1669 1353 1731 che
1369 1689 1408 1730 se

137 1777 199 1836 ben
216 1773 245 1836 si
261 1773 400 1838 facesse
417 1794 488 1837 una
502 1774 609 1836 Dieta
624 1771 812 1854 Imperiale
830 1775 895 1837 che
912 1773 999 1838 forsi
1015 1794 1086 1837 non
1102 1775 1154 1838 sia
1177 1774 1238 1856 piir
1263 1775 1407 1857 expedi·

137 1890 214 1944 ente
238 1881 282 1944 ne
302 1881 520 1944 honorevole
536 1879 711 1942 mandarli
727 1900 773 1942 un
789 1879 944 1961 Legato;
966 1901 1023 1943 ma
1038 1881 1180 1963 seguire
1195 1889 1328 1963 quanto
1345 1902 1411 1963 per

138 1988 365 2052 l'ultimamia
385 1987 517 2058 scrissi;
543 2007 611 2068 pur
625 1987 661 2049 in
685 1996 776 2050 tutto
800 1987 847 2050 mi
871 1988 1012 2051 rimetto
1037 2009 1058 2050 a
1081 1998 1214 2070 quanto
1238 1989 1365 2070 pareri
1390 2008 1411 2050 a

138 2095 264 2158 Nostro
289 2092 454 2176 Signore,
478 2095 512 2157 al
536 2097 642 2175 quale
666 2113 778 2174 penso
804 2094 951 2157 obedire
976 2094 1137 2157 omnibus
1161 2094 1355 2176 pospositis
1404 2148 1410 2160 .

221 2328 345 2390 Budae
369 2325 495 2388 XXII.
519 2326 597 2404 Jan.
621 2324 823 2389 MDXXV.

681 2471 730 2519 Uti
748 2471 829 2519 frater
849 2471 1035 2520 Dedirissimus
1053 2467 1082 2528 1.,
1101 2467 1181 2528 llud,
1201 2467 1377 2542 (lupum.

669 2679 682 2688 ἰ
694 2675 875 2688 mmmm

515 3068 728 3169 campagus
738 2954 929 3151 lgicmenti
957 3068 1035 3149 VH.

545 3216 686 3285 (untur.
706 3216 832 3277 cerum
850 3215 926 3274 unc
945 3215 1001 3286 bl.)

623 3336 660 3403 (3.
680 3337 817 3385 Februarii
839 3336 926 3400 1525.)

225 3492 406 3555 Reveren.
430 3488 735 3570 Archiepiscopus
759 3486 962 3549 Bremensis
994 3486 1048 3548 vir
1071 3506 1206 3548 summa
1230 3485 1416 3549 nobilitate

134 3622 174 3663 ac
191 3599 312 3663 multis
328 3595 541 3676 nominibus,
556 3594 726 3676 precipue
742 3614 828 3656 vero
844 3613 908 3656 sua
923 3612 1009 3675 erga
1025 3594 1271 3675 Apostolicam
1287 3590 1417 3656 Sedem

134 3716 171 3769 et
193 3707 268 3769 Ro.
293 3704 404 3767 Ecc⁸¹¹¹
428 3702 561 3785 pietate
595 3711 631 3764 et
654 3700 855 3763 reverentia
888 3702 1019 3781 clarus,
1058 3700 1283 3763 Lutheranae
1314 3700 1418 3762 huius

132 3813 273 3876 heresis
295 3811 461 3875 fluctibus
485 3810 617 3871 dudum
641 3808 792 3871 iactatus
816 3817 851 3870 et
876 3808 1064 3870 admodum
1088 3804 1249 3885 afflictus!
1276 3806 1418 3869 ditionis

134 3920 230 3984 enim
263 3940 325 3983 sue
356 3916 568 3998 Metropolis
592 3915 739 3977 Bremes
774 3914 834 3977 illa
865 3913 1002 3977 insania
1032 3924 1197 3995 correpta
1225 3924 1296 3995 est,
1333 3916 1421 3979 eccl.

134 4049 198 4091 sue
222 4027 407 4089 Decanum
438 4042 552 4105 nuper
576 4024 621 4084 ad
645 4043 701 4084 me
725 4021 819 4083 misit
850 4030 1011 4102 questum
1037 4023 1081 4083 de
1106 4020 1177 4083 suis
1209 4032 1243 4084 et
1268 4020 1419 4085 ecclesie

132 4157 197 4198 sue
235 4133 386 4197 miseriis
420 4142 456 4194 et
480 4128 765 4206 difficultatibus,
801 4148 907 4190 orans
938 4137 976 4189 ut
1009 4148 1088 4190 eum
1114 4126 1158 4189 Su
1184 4128 1254 4189 V“⁰
1278 4128 1419 4210 quando

133 4262 281 4324 possem
304 4238 497 4303 studiosius
522 4236 825 4313 commendarem,
850 4234 910 4316 qui
934 4234 1074 4297 tametsi
1099 4234 1228 4296 virtute
1253 4254 1317 4296 sua
1340 4254 1419 4296 sese

132 4348 311 4426 omnibus,
335 4344 523 4429 presertim
540 4362 626 4407 vero
644 4340 861 4404 Beatitudini
877 4340 1019 4420 Vestro,
1035 4341 1316 4403 commendatum
1335 4339 1420 4402 satis

132 4457 285 4535 reddat,
318 4452 518 4516 huiusmodi
552 4460 669 4513 tamen
695 4447 849 4511 officium
874 4469 895 4511 a
918 4468 974 4510 me
1008 4466 1149 4528 quoque
1173 4446 1278 4508 facile
1313 4446 1419 4528 impe·

132 4564 258 4627 travit.
295 4561 402 4643 Cupit
426 4570 543 4622 autem
568 4570 606 4619 ut
626 4554 771 4619 iacturis
796 4574 885 4635 quas
900 4555 1028 4616 multas
1053 4555 1099 4615 ob
1115 4555 1207 4615 hanc
1222 4562 1418 4634 temporum

131 4668 378 4734 calamitatem
401 4666 486 4730 fecit
511 4678 546 4728 et
567 4683 700 4727 summe
720 4660 841 4742 inopie
867 4662 910 4723 ad
935 4680 1040 4742 quam
1055 4660 1220 4722 redactus
1245 4668 1308 4739 est,
1333 4658 1419 4721 San·

132 4778 243 4840 etitas
284 4774 326 4841 V.
362 4795 409 4838 ex
441 4770 666 4836 liberalitatis
707 4790 770 4831 sue
804 4767 904 4829 fonte
938 4768 1056 4848 aliquo
1096 4767 1202 4829 modo
1238 4777 1421 4828 succurrat

132 4882 349 4948 sacerdotiis
373 4882 433 4944 vel
456 4878 639 4962 quibusvis
663 4874 741 4939 aliis
765 4874 959 4937 commodis
984 4896 1063 4937 eum
1088 4874 1264 4957 augendo

158 5011 249 5060 ndu,
262 5006 406 5048 Documenta
414 5006 553 5047 Lutum
1227 4980 1260 5033 27
