3425 5700
788 581 999 635 0436&

252 737 384 792 temere
422 737 457 790 et
492 727 598 809 impie
634 729 773 809 prolata
811 727 1118 809 perturbationum
1158 748 1264 790 causa
1303 729 1338 790 in
1375 730 1535 793 Ecclesia

251 835 404 914 fuerant,
428 835 589 898 consulte
605 854 647 896 ac
673 836 869 916 prudenter
892 843 931 896 ut
955 833 1183 896 christianum
1208 835 1312 898 decet
1337 851 1536 916 revocaret,

252 941 408 1022 alioquin
443 951 480 1003 ut
515 941 716 1004 haereticus
750 943 795 1005 ab
830 942 993 1004 omnibus
1024 941 1129 1004 vitari
1160 952 1196 1003 et
1226 941 1342 1023 puniri
1374 945 1534 1020 deberet,

251 1059 357 1130 prout
380 1049 415 1111 in
441 1048 581 1126 nostris,
605 1048 640 1111 in
666 1048 794 1129 quibus
818 1049 993 1111 voluimus
1017 1049 1113 1129 quod
1137 1048 1277 1111 litterae
1293 1048 1393 1130 ipsae
1410 1049 1445 1113 in
1460 1073 1534 1114 cer-

252 1156 296 1218 tis
328 1156 487 1219 ecclesiis
513 1154 689 1237 publicari
714 1157 905 1227 deberent,
938 1157 1078 1236 plenius
1103 1156 1314 1219 continetur.
1363 1159 1536 1222 Volentes

251 1263 359 1344 igitur
389 1272 428 1325 ut
458 1263 597 1325 litterae
629 1273 772 1325 nostrae
805 1263 1012 1344 praedictae
1045 1262 1081 1325 in
1105 1263 1174 1325 illis
1198 1263 1360 1344 partibus
1383 1265 1537 1329 fideliter

251 1370 476 1452 publicentur
500 1382 536 1432 et
559 1370 595 1431 in
621 1369 670 1432 eis
695 1379 865 1432 contenta
886 1369 1089 1433 executioni
1105 1371 1249 1434 debitae
1266 1373 1535 1452 demandentur,

251 1498 292 1541 ac
317 1487 496 1542 sumentes
521 1478 554 1538 in
580 1488 641 1540 tua
664 1478 855 1559 prudentia
881 1477 916 1540 in
941 1478 1062 1539 arduis
1079 1482 1314 1559 comprobata
1331 1491 1366 1541 et
1381 1501 1536 1561 persona

252 1597 312 1648 tua
335 1585 602 1666 quamplurimis
620 1584 807 1647 virtutibus
823 1584 992 1666 insignita
1008 1583 1168 1646 fidutiam
1184 1584 1220 1646 in
1237 1587 1316 1648 Deo
1333 1588 1536 1668 specialem,

251 1705 286 1756 te
312 1713 389 1756 cum
413 1691 664 1755 benedictione
688 1692 781 1755 illius
805 1692 903 1773 cujus
926 1693 1024 1754 vices
1048 1692 1081 1753 in
1110 1691 1212 1754 terris
1236 1693 1392 1772 gerimus
1416 1704 1452 1757 et
1476 1696 1536 1776 qui

251 1820 371 1864 curam
388 1798 509 1880 gregis
527 1799 578 1862 sui
597 1775 699 1862 nobis
716 1798 936 1862 committere
954 1799 1122 1880 dignatus
1139 1808 1202 1878 est,
1228 1801 1273 1860 ad
1294 1800 1534 1864 charissimum

251 1909 285 1970 in
302 1908 442 1970 Christo
467 1905 576 1968 filium
601 1916 759 1969 nostrum
777 1906 943 1968 Carolum
959 1905 1206 1968 Romanorum
1230 1914 1266 1968 et
1283 1906 1535 1988 Hispaniarum

251 2035 373 2098 regem
409 2014 622 2078 catholicum
655 2013 689 2076 in
722 2014 978 2094 Imperatorem
1013 2015 1163 2075 electum
1196 2026 1232 2074 et
1262 2013 1364 2076 Sacri
1394 2015 1536 2096 Imperii

252 2124 425 2185 electores
450 2141 643 2201 omnesque
662 2121 876 2184 Germaniae
902 2122 1036 2183 Bassae
1061 2131 1097 2183 et
1120 2123 1214 2184 altae
1238 2121 1427 2203 episcopos
1442 2123 1535 2204 prin·

252 2229 349 2310 cipes
379 2231 533 2291 barones
564 2228 797 2290 comunitates
829 2239 865 2289 et
895 2227 1082 2290 universos
1112 2229 1293 2308 praelatos
1324 2238 1361 2291 et
1390 2231 1436 2291 ad
1465 2230 1537 2292 alia

251 2339 330 2398 loca
354 2336 399 2397 ad
424 2355 515 2416 quae
538 2345 574 2396 te
600 2335 779 2397 declinare
804 2333 1005 2416 contigerit,
1027 2333 1196 2396 Nuntium
1221 2345 1257 2396 et
1280 2345 1458 2399 oratorem
1475 2357 1535 2399 no·

252 2451 360 2505 strum
384 2442 568 2519 mittimuS,
602 2442 828 2523 injungentes
853 2441 915 2504 tibi
942 2452 979 2503 ut
1004 2441 1133 2504 Carolo
1158 2442 1235 2523 regi
1260 2452 1296 2504 et
1319 2443 1537 2505 electoribus

252 2571 293 2612 ac
319 2549 397 2612 aliis
421 2549 640 2631 principibus
666 2558 701 2611 et
725 2548 895 2630 praelatis
920 2547 1093 2629 praefatis
1119 2558 1240 2610 nostro
1266 2549 1407 2612 nomine
1435 2569 1533 2631 prae-

252 2657 384 2719 dictum
401 2666 524 2720 contra
541 2656 731 2720 Martinum
749 2656 881 2719 editum
898 2666 935 2718 et
951 2656 1038 2718 alias
1054 2657 1289 2719 credentiales
1307 2656 1443 2720 litteras
1459 2678 1536 2721 nos-

254 2781 325 2827 tras
349 2774 513 2845 patentes
537 2785 579 2826 ac
603 2776 760 2827 nostram
787 2775 940 2826 mentem
964 2764 1034 2825 illis
1054 2764 1292 2827 communices
1310 2768 1536 2846 quemadmo-

253 2874 334 2935 dum
366 2892 544 2953 propensa
576 2862 630 2935 e'st
664 2873 710 2935 ad
742 2871 825 2935 fidei
865 2872 1060 2934 catholicae
1093 2893 1237 2935 causam
1261 2873 1537 2953 defendendam,

253 2999 446 3060 eorumque
480 2978 613 3043 auxilia
646 2981 692 3041 ad
723 2980 815 3041 hanc
840 2979 935 3060 piam
969 2989 1005 3041 et
1035 2979 1272 3042 necessariam
1300 2980 1368 3042 Dei
1393 3000 1536 3044 causam

252 3086 420 3168 implores
451 3087 757 3168 persuadeasque,
790 3096 826 3149 et
853 3084 1052 3148 rationibus
1084 3085 1148 3148 tibi
1182 3086 1274 3147 notis
1298 3087 1459 3168 indutus,
1492 3110 1536 3151 ac

253 3194 411 3256 cordium
428 3212 571 3255 suorum
587 3192 684 3255 fores
711 3192 853 3256 assidue
869 3193 1012 3273 pulsare
1029 3212 1098 3255 non
1117 3193 1268 3255 desistas
1290 3203 1328 3255 ut
1344 3194 1537 3258 Martinum

252 3299 367 3381 ipsum
400 3300 535 3363 hortari
566 3300 677 3363 velint
706 3311 745 3362 ut
776 3298 922 3381 cognita
955 3299 1108 3362 veritate
1138 3302 1184 3362 ad
1214 3311 1348 3364 rectam
1374 3301 1536 3365 semitam

253 3409 396 3473 tandem
421 3408 545 3471 redeat
570 3421 605 3470 et
629 3408 730 3488 hujus
750 3406 906 3471 Sanctae
927 3404 1032 3470 Sedis
1057 3408 1232 3470 mandatis
1256 3419 1392 3489 pareat.
1430 3407 1536 3489 Quod

253 3516 282 3577 si
306 3514 449 3593 fecerit,
474 3515 575 3579 verbi
600 3514 795 3577 Salvatoris
820 3514 932 3576 nostri
957 3534 1142 3593 memores,
1166 3516 1226 3596 qui
1251 3536 1321 3578 non
1347 3518 1422 3578 vult
1448 3537 1537 3579 mor·

253 3631 324 3685 tem
358 3622 575 3703 peccatoris,
609 3622 672 3685 sed
704 3631 741 3683 ut
770 3630 999 3684 convertatur
1031 3631 1066 3683 et
1089 3621 1205 3702 vivat,
1239 3631 1275 3684 et
1299 3626 1394 3704 quod
1417 3626 1537 3705 angeli

254 3728 368 3809 magis
399 3729 559 3810 gaudent
591 3730 635 3792 de
670 3749 739 3791 uno
773 3737 964 3809 peccatore
997 3729 1044 3791 ad
1076 3730 1332 3809 poenitentiam
1365 3732 1538 3795 redeunte

255 3855 360 3915 quam
391 3836 436 3897 de
461 3844 601 3897 centum
622 3836 742 3916 justis,
776 3834 837 3916 qui
862 3845 898 3897 et
921 3833 1006 3897 alibi
1030 3847 1151 3899 monet
1174 3838 1366 3899 habentem
1394 3846 1537 3901 centum

254 3962 341 4005 oves
374 3941 403 4003 si
433 3962 538 4004 unam
570 3962 616 4004 ex
649 3943 717 4005 illis
745 3940 943 4023 perdiderit
967 3942 1196 4005 dimittendas
1230 3963 1309 4007 esse
1342 3944 1539 4027 nonaginta

256 4067 383 4111 novem
407 4047 443 4110 in
467 4048 610 4110 deserto
635 4058 670 4110 et
693 4048 744 4111 ire
769 4050 815 4110 ad
841 4048 937 4111 illam
962 4069 1053 4130 quae
1078 4050 1235 4130 perierat
1258 4052 1372 4114 donec
1393 4051 1538 4115 invene·

256 4155 300 4219 rit
325 4176 414 4235 eam,
440 4156 590 4217 eundem
616 4154 805 4217 Martinum
830 4157 877 4217 ad
900 4155 1052 4237 gratiam
1077 4166 1115 4218 ut
1145 4158 1290 4221 charum
1318 4157 1427 4221 filium
1451 4160 1537 4222 reci·

254 4262 403 4344 piemus,
418 4260 604 4344 ipsumque
621 4261 815 4324 honoribus
831 4281 1144 4343 recognoscemus;
1165 4264 1195 4326 si
1210 4285 1307 4345 vero,
1324 4268 1419 4346 quod
1434 4265 1538 4348 absit,

255 4387 376 4430 eorum
409 4376 445 4429 et
476 4378 597 4430 nostra
631 4367 764 4430 monita
798 4368 928 4449 exequi
961 4370 1177 4449 neglexerit,
1209 4391 1348 4434 omnem
1373 4392 1478 4453 opem
1502 4386 1540 4437 et

256 4493 402 4556 operam
428 4474 633 4557 impendere
658 4484 694 4536 et
718 4474 900 4552 adhibere,
925 4485 1031 4557 teque
1055 4496 1122 4557 pro
1139 4477 1273 4541 viribus
1286 4480 1411 4560 juvare
1429 4482 1539 4543 velint

256 4592 303 4657 ut,
330 4583 403 4663 ejus
420 4583 620 4645 temeritate
637 4582 819 4663 depressa,
845 4583 1017 4646 adversus
1033 4593 1104 4647 tarn
1128 4584 1336 4666 pestiferum
1360 4587 1537 4650 bominem

257 4690 423 4751 mandata
449 4701 569 4751 nostra
593 4688 724 4770 exequi
749 4692 889 4771 valeas,
923 4690 1107 4772 cupientes
1132 4703 1167 4755 et
1191 4704 1326 4756 tantam
1350 4695 1466 4756 labem
1492 4716 1535 4757 ex

256 4794 418 4875 partibus
451 4794 520 4859 illis
553 4795 744 4876 eradicari,
779 4805 814 4859 et
845 4816 888 4859 ea
915 4796 1069 4861 infectos
1093 4799 1224 4879 corrigi
1248 4820 1290 4862 ac
1315 4820 1453 4863 errores
1477 4803 1535 4863 hu·

253 4902 405 4984 jusmodi
439 4902 622 4983 extirpari,
658 4914 693 4966 et
726 4913 930 4985 opportuna
954 4906 1112 4969 remedia
1136 4906 1316 4986 adhiberi,
1349 4918 1538 4990 antequam
