3425 5700
677 567 925 622 walando

159 732 202 773 ac
227 711 455 775 nobilissimis
479 712 649 775 fratribus
672 713 757 793 tuis,
790 714 849 795 qui
882 713 944 776 tibi
974 713 1008 774 in
1044 735 1086 774 ea
1121 734 1159 775 re
1194 733 1328 774 summa
1363 729 1439 773 cum

158 819 289 881 virtute
314 818 507 900 affuerunt,
544 841 609 903 per
643 820 731 883 alias
765 831 906 884 nostras
940 821 1076 882 litteras
1111 821 1146 882 in
1180 819 1293 881 forma
1321 818 1441 881 brevis

157 927 329 1008 gratulati
352 947 472 989 sumus
496 938 532 990 et
555 926 590 990 in
615 927 820 1009 praesentia
844 929 960 990 denuo
985 929 1218 1008 gratulamur;
1243 947 1284 989 ac
1308 946 1374 1007 pro
1399 946 1442 986 ea

158 1053 229 1114 qua
253 1043 290 1096 te
314 1044 350 1095 et
373 1035 574 1096 universam
598 1034 768 1097 familiam
792 1045 888 1097 tuam
912 1034 1177 1116 prosequimur,
1209 1032 1382 1096 charitate
1407 1043 1442 1094 et

159 1139 362 1220 affectione,
378 1142 469 1204 hanc
495 1152 591 1204 tuam
614 1143 756 1204 laudem
781 1151 816 1203 et
839 1141 990 1222 gloriam
1015 1141 1197 1203 nobiscum
1222 1160 1442 1202 communem

159 1267 239 1309 esse
265 1247 435 1328 ducimus,
459 1269 607 1330 cumque
632 1248 712 1311 Tibi
736 1269 757 1310 a
782 1249 861 1310 Deo
890 1247 1023 1329 optimo
1048 1260 1144 1312 recte
1174 1248 1347 1310 factorum
1371 1267 1439 1309 om·

158 1353 256 1417 nium
279 1364 545 1418 remuneratore
570 1354 769 1436 largissimo
794 1353 938 1437 pietatis
973 1375 1014 1417 ac
1030 1354 1129 1428 ¹fidei
1161 1365 1243 1417 tuae
1273 1354 1309 1418 in
1339 1355 1439 1416 caelo

158 1462 355 1524 constituta
379 1462 449 1524 sint
482 1462 642 1543 praemia
670 1461 903 1544 sempiterna,
937 1461 972 1523 in
1006 1483 1070 1526 nos
1100 1482 1241 1544 quoque
1272 1483 1315 1524 ea
1349 1463 1443 1524 dona

158 1589 251 1650 quae
276 1571 322 1631 ab
352 1569 431 1651 ipso
462 1569 542 1632 Deo
575 1589 640 1652 pro
673 1569 766 1632 illius
797 1569 968 1631 immensa
1001 1569 1189 1633 clementia
1218 1578 1252 1632 et
1283 1568 1443 1631 bonitate

158 1675 263 1739 nobis
288 1696 456 1739 concessa
481 1687 579 1757 sunt,
605 1676 802 1757 quibusque
832 1696 897 1738 nos
928 1695 1036 1756 parce
1061 1677 1110 1738 uti
1135 1678 1288 1739 solemus
1313 1687 1348 1738 et
1372 1695 1441 1738 mo·

159 1783 296 1863 derate,
320 1793 438 1846 tecum
462 1787 508 1846 ob
533 1784 657 1846 merita
681 1797 742 1848 tua
765 1783 948 1847 liberalius
973 1783 1232 1846 communicare
1256 1781 1441 1845 voluimus.

159 1890 246 1953 Cum
272 1889 391 1972 itaque
419 1889 455 1953 in
479 1890 683 1972 praesentia
711 1903 839 1972 agatur
870 1911 983 1953 annus
1006 1889 1159 1970 Jubilaei
1190 1892 1234 1952 de
1262 1900 1374 1952 morte
1406 1898 1442 1952 et

156 1997 321 2060 instituto
344 1997 390 2060 fe.
415 2018 464 2063 re.
490 1995 526 2062 S.
553 1997 598 2060 R.
624 1997 663 2063 E.
689 1996 901 2060 Pontificum
924 1999 1217 2079 predecessorum
1241 2007 1442 2060 nostrorum

160 2104 460 2186 vigesimoquinto
472 2105 632 2186 quolibet
642 2125 736 2167 anno
749 2104 923 2167 celebrari
937 2103 1069 2184 solitus,
1084 2104 1148 2167 tibi
1161 2124 1201 2166 ac
1216 2102 1318 2166 dictis
1329 2103 1443 2166 fratri·

157 2214 225 2273 bus
233 2210 303 2273 tuis
315 2220 467 2292 tuaeque
479 2231 520 2273 ac
530 2212 680 2288 illorum,
691 2212 750 2292 qui
760 2213 907 2293 habent,
918 2211 1087 2274 uxoribus
1099 2220 1134 2274 et
1146 2211 1329 2292 utriusque
1337 2230 1443 2273 sexus

159 2318 253 2401 proli
284 2318 423 2399 tuisque
455 2339 496 2381 ac
528 2319 667 2382 illorum
700 2318 796 2380 veris
824 2319 1057 2381 familiaribus
1089 2318 1268 2396 omnibus,
1305 2336 1442 2379 necnon

160 2426 325 2488 omnibus
369 2437 404 2488 et
437 2425 587 2507 singulis
622 2425 805 2506 utriusque
839 2446 946 2488 sexus
984 2423 1279 2487 Christifidelibus
1321 2422 1444 2504 oppidi

158 2531 297 2594 Nancei
321 2531 356 2593 in
386 2553 456 2614 quo
481 2542 518 2594 tu
543 2533 771 2596 residentiam
795 2535 907 2596 habes
943 2529 1068 2594 incolis
1105 2541 1140 2591 et
1174 2528 1444 2608 habitatoribus,

160 2659 202 2701 ac
237 2649 426 2720 praeterea
457 2649 608 2720 quatuor
649 2639 802 2702 millibus
844 2641 923 2703 allis
958 2639 992 2701 in
1026 2645 1139 2700 totum
1169 2637 1219 2698 tui
1251 2658 1291 2699 ac
1325 2635 1442 2700 dilecti

160 2746 223 2808 lilii
246 2746 359 2809 nostri
383 2745 530 2825 Joannis
555 2745 753 2809 Cardinalis
777 2747 1033 2829 Lothoringiae
1058 2755 1350 2825 caeterorumque
1373 2743 1441 2812 fra·
1537 2819 1539 2828 y

161 2866 252 2916 trum
277 2861 417 2917 tuorum
443 2853 590 2917 arbitrio
615 2865 649 2915 et
673 2854 803 2917 iudicio
830 2854 1062 2917 communiter
1085 2854 1140 2915 vel
1167 2872 1233 2934 pro
1249 2864 1326 2914 rata
1342 2862 1444 2933 parte

162 2960 347 3042 eligendis,
372 2962 432 3042 qui
455 2960 609 3024 fideliter
633 2972 909 3043 constanterque
933 2961 1038 3024 armis
1055 2960 1107 3023 usi
1122 2959 1332 3040 religionem
1357 2959 1442 3021 chri·

166 3069 315 3131 stianam
340 3069 400 3151 pio
425 3068 543 3130 animo
567 3066 804 3148 defenderint,
830 3079 868 3130 ut
893 3079 1058 3150 quattuor
1074 3065 1244 3129 ecclesias
1260 3087 1325 3149 per
1349 3076 1384 3129 te
1408 3075 1444 3128 et

165 3173 291 3236 fratres
331 3186 411 3237 tuos
445 3173 658 3238 coniunctim
687 3177 745 3237 vel
775 3174 914 3237 divisim
947 3195 1012 3257 pro
1044 3174 1232 3237 cuiuslibet
1258 3176 1444 3237 voluntate

165 3290 201 3343 et
224 3281 442 3345 conscientia
467 3282 691 3363 deputandas
715 3302 780 3363 per
804 3281 1004 3363 quindecim
1030 3282 1216 3344 continuos
1248 3284 1304 3343 vel
1339 3281 1443 3343 etiam

164 3388 409 3470 interpellatos
433 3390 509 3451 dies
534 3390 663 3451 devote
688 3389 905 3472 praeviaque
930 3388 1155 3452 confessione
1181 3396 1216 3449 et
1233 3386 1444 3450 contritione

166 3496 352 3576 visitando,
376 3495 577 3577 ibidemque
603 3495 739 3578 aliquas
762 3496 943 3559 orationes
967 3498 1097 3560 devote
1117 3496 1280 3575 dicendo,
1305 3515 1443 3558 necnon

168 3602 297 3684 aliquid
322 3605 423 3665 iuxta
447 3603 636 3665 cuiuslibet
660 3602 912 3666 conscientiam
944 3614 980 3666 et
1013 3603 1229 3667 confessoris
1262 3602 1445 3665 consilium

169 3708 202 3770 in
230 3710 299 3772 alia
329 3710 389 3792 pia
420 3730 532 3792 opera
563 3711 746 3791 erogando
781 3730 822 3772 ac
858 3710 948 3773 alias
981 3710 1080 3773 iuxta
1113 3710 1308 3772 litterarum
1339 3730 1446 3791 super

172 3816 332 3894 Jubilaeo
358 3838 379 3880 a
403 3817 506 3880 nobis
531 3817 703 3879 editarum
728 3827 885 3879 tenorem
906 3827 959 3879 tot
983 3828 1018 3880 et
1034 3819 1175 3880 easdem
1192 3838 1232 3879 ac
1249 3816 1328 3879 illas
1349 3836 1445 3897 pror·

171 3944 227 3985 sus
251 3924 383 3987 similes
408 3935 443 3986 et
467 3922 647 4005 plenarias
663 3922 961 4003 indulgentiasac
977 3937 1202 4005 peccatorum
1219 3921 1444 3985 remissiones

170 4040 204 4090 et
237 4030 406 4093 Sanctum
431 4030 630 4111 Jubilaeum
661 4030 890 4111 consequaris
922 4042 957 4092 et
987 4039 1258 4113 consequantur,
1290 4050 1377 4111 quas
1411 4041 1445 4091 et

171 4138 263 4215 quod
287 4138 556 4218 consequereris
580 4157 621 4199 ac
646 4147 949 4220 consequerentur
972 4138 1002 4201 si
1025 4138 1190 4201 basilicas
1215 4148 1251 4199 et
1274 4135 1446 4199 ecclesias

172 4244 280 4306 almae
320 4244 419 4307 urbis
454 4257 598 4306 nostrae
628 4243 768 4307 Romae
803 4247 862 4307 vel
894 4256 996 4307 extra
1027 4266 1104 4308 eam
1135 4263 1200 4325 pro
1232 4242 1444 4322 indulgenti-

171 4368 264 4411 arum
289 4351 489 4414 huiusmodi
514 4351 764 4413 consecutione
789 4351 823 4413 in
848 4351 976 4414 litteris
1001 4350 1130 4414 nostris
1155 4353 1343 4433 deputatas
1367 4348 1445 4411 visi·

172 4466 263 4519 tares
286 4478 328 4520 ac
354 4457 538 4520 visitarent
562 4468 685 4521 tenore
708 4458 949 4540 praesentium
967 4461 1011 4521 de
1028 4456 1280 4539 omnipotentis
1296 4456 1363 4518 Dei
1388 4455 1443 4518 mi-

174 4564 364 4627 sericordia
388 4566 614 4628 concedimus
639 4575 674 4627 et
698 4566 938 4647 indulgemu5‚
971 4586 1041 4629 non
1067 4564 1289 4627 obstantibus
1322 4562 1446 4625 litteris

173 4672 371 4750 praedictis,
397 4671 619 4753 caeterisque
644 4672 831 4734 contrariis
856 4672 1143 4754 quibuscumque.
1198 4671 1278 4735 Dat.
1307 4670 1444 4733 Romae

174 4774 230 4837 die
253 4777 397 4840 XXIII·
420 4778 503 4858 Julii
527 4777 727 4841 MDXXV.
