3425 5700
846 547 1094 616 ΗΒΒΜΕᾺ

321 696 507 779 Burgensi
543 696 601 759 die
632 696 770 761 XVIII.
796 695 870 758 Mai
893 696 1001 758 Anno
1025 692 1169 758 Domini
1191 691 1411 756 MDXXIV.
1463 691 1602 775 Regno

330 826 405 868 rum
429 813 630 868 nostrorum
653 803 810 866 Romani
834 801 957 883 quinto
983 802 1130 864 aliorum
1153 820 1240 863 vero
1266 799 1420 862 omnium
1444 819 1551 863 nono.

421 928 567 993 Carolus
590 928 710 991 divina
724 926 870 990 favente
894 926 1082 989 clementia
1103 946 1133 989 e.
1151 925 1397 987 Romanorum
1413 924 1604 1005 Imperator

331 1058 471 1120 semper
496 1038 694 1118 Augustus,
728 1054 769 1096 ac
795 1032 1010 1097 Germaniae
1033 1032 1285 1115 Hispaniarum
1316 1032 1502 1112 utriusque
1527 1029 1604 1093 Sici·

330 1146 421 1227 liae,
447 1146 691 1223 Hierusalem,
717 1141 943 1223 Hungariae,
967 1140 1190 1218 Dalmatiae,
1222 1138 1388 1201 Croatiae
1416 1148 1484 1201 etc.
1517 1138 1603 1214 Rex,

332 1253 517 1316 Archidux
543 1250 727 1329 Austriae,
756 1250 840 1311 Dux
864 1247 1097 1330 Burgundiae
1120 1246 1353 1325 Brabantiae,
1378 1255 1444 1310 etc.
1486 1246 1605 1308 Comes

331 1359 522 1423 Flandriae
546 1370 612 1422 etc.

1281 1458 1452 1523 iteruin.

865 1640 998 1651 νιννννννκ-Λ
1013 1639 1072 1650 ww»

932 1870 1007 1939 160.

581 1991 779 2074 Joaohinus
806 1988 1139 2090 Brandeburgonsis
1166 1985 1347 2067 Clementi

803 2134 905 2210 (Epist.
922 2135 1013 2194 Prluo.
1031 2134 1053 2193 1.
1073 2134 1140 2207 m)

845 2253 899 2324 (20.
920 2254 985 2305 Mali
1008 2253 1095 2323 1524.)
1134 2238 1137 2242 ⁷

420 2402 507 2464 Post
530 2403 716 2463 beatorum
740 2398 872 2479 pedum
896 2398 1020 2459 oscula
1043 2396 1192 2476 devota,
1224 2394 1488 2476 paratissimum
1510 2399 1605 2459 obse-

332 2509 464 2592 quendi
496 2506 671 2570 affectum.
721 2503 952 2567 Sanctissime
991 2512 1096 2584 pater
1134 2502 1286 2565 Domine
1325 2502 1605 2584 clementissime,

331 2618 473 2681 licteras
509 2634 598 2695 quas
633 2612 765 2675 Vestra
799 2610 978 2673 Sanctitas
1014 2629 1149 2672 summo
1185 2629 1247 2672 sue
1281 2618 1433 2691 paterne
1468 2610 1607 2691 pietatis

331 2722 448 2785 animo
494 2718 811 2784 Reverendissimo
857 2718 893 2779 in
934 2716 1074 2781 Christo
1107 2716 1201 2799 patri
1235 2717 1389 2780 Domino
1420 2716 1607 2780 Laurentio

332 2828 439 2918 Tituli
463 2825 618 2892 Sanctae
644 2824 834 2888 Anastasie
867 2824 1068 2907 presbitero
1101 2822 1280 2888 Cardinali
1305 2822 1502 2907 Campegio
1526 2825 1607 2888 Ves-

332 2947 385 3000 tre
410 2946 445 2998 et
470 2934 679 3016 Apostolice
704 2931 820 3013 Sedis,
845 2933 891 2994 ad
914 2931 1117 3012 proximum
1141 2931 1365 3012 Imperialem
1391 2930 1608 2996 Conventum

332 3044 566 3124 Nurimberge
591 3042 819 3118 celebratum,
844 3041 890 3102 de
915 3042 1031 3102 latere
1055 3042 1186 3121 legato,
1211 3040 1256 3101 ad
1280 3060 1337 3102 me
1361 3041 1513 3102 dederat
1536 3061 1609 3122 per-

331 3151 509 3228 ferendas,
534 3149 754 3231 gratulanter
784 3147 925 3229 accepi,
960 3146 1087 3228 quibus
1111 3146 1358 3210 incredibilem
1389 3156 1425 3209 et
1447 3146 1606 3210 fermissi-

332 3279 424 3322 mam
449 3255 515 3319 sibi
541 3257 586 3318 de
609 3275 666 3317 me
692 3255 934 3335 propulsanda
963 3253 1161 3316 lutheriane
1192 3253 1408 3333 infectionis,
1444 3275 1512 3317 nec
1541 3275 1609 3317 non

332 3364 557 3448 procuranda
578 3360 861 3442 tranquillitatis,
893 3372 928 3422 et
960 3360 1126 3422 cristiano
1159 3359 1355 3441 reipublice
1386 3360 1611 3424 defendenda

334 3470 538 3553 opinionem
572 3467 779 3548 concepisse
809 3467 979 3532 intellexi.
1010 3467 1184 3549 ‘Egissem
1212 3467 1376 3547 equidem
1406 3468 1452 3530 ad
1485 3467 1612 3532 Vestra

334 3575 543 3642 Sanctitatis
578 3583 679 3655 vota,
715 3575 782 3636 hoc
817 3573 1021 3636 cristianum
1057 3595 1162 3656 opus,
1206 3585 1492 3656 quantocumque
1534 3595 1611 3638 meo

333 3684 489 3767 presidio
514 3679 776 3744 accuratissime
806 3680 835 3742 si
858 3699 925 3762 per
948 3681 1095 3763 negotia
1120 3701 1201 3744 mea
1228 3682 1393 3763 urgentia
1423 3681 1611 3745 conventui

334 3791 525 3870 antedicto,
550 3787 653 3852 sicuti
676 3787 792 3849 animo
817 3785 1028 3850 affectabam
1053 3787 1225 3850 interesse
1250 3787 1425 3862 licuisset;
1450 3789 1613 3870 profecto

335 3898 465 3962 etenim
493 3896 621 3978 ingens
655 3893 822 3976 gaudium
857 3895 964 3955 michi
1001 3893 1208 3973 insedisset,
1244 3904 1317 3956 tum
1352 3894 1429 3976 ipse
1466 3895 1613 3959 consilio

337 4005 453 4069 studio
478 4005 601 4065 labore
627 4011 662 4064 et
676 4003 829 4081 hortatu,
855 4000 1045 4082 quidquam
1071 4003 1166 4082 quod
1191 4003 1225 4063 in
1250 4004 1422 4065 honorem
1447 4001 1614 4086 Omnipo-

336 4113 443 4176 tentis
479 4109 564 4190 Dei,
601 4107 794 4171 communis
830 4107 1071 4170 cristianitatis
1110 4111 1274 4188 salutem,
1309 4108 1379 4171 imo
1415 4118 1452 4171 et
1485 4109 1617 4172 Vestra

335 4216 559 4297 Sanctitatis,
588 4214 767 4296 totiusque
791 4215 957 4276 Romane
982 4213 1141 4278 Ecclesie
1174 4191 1402 4297 augmentum
1437 4217 1616 4295 cessisset,

335 4326 479 4389 efficere
522 4322 737 4406 potuissem
780 4322 906 4384 eodem
950 4322 1133 4403 potissime
1180 4322 1328 4402 intuitu,
1374 4343 1444 4404 quo
1483 4323 1618 4387 Vestra

335 4431 514 4496 Sanctitas
530 4440 601 4493 tam
618 4428 721 4492 nimis
744 4429 944 4510 emergenti
963 4429 1080 4492 heresi
1104 4438 1139 4491 et
1162 4429 1274 4493 furori
1298 4431 1464 4512 populari
1483 4431 1615 4494 condo·

335 4542 428 4618 lena,
453 4546 552 4600 tanta
585 4539 702 4616 grotta
733 4544 768 4598 et
799 4535 932 4616 pietate
957 4556 1022 4616 pro
1046 4536 1187 4599 sublimi
1210 4537 1381 4617 pastorali
1407 4557 1472 4601 suo
1496 4537 1617 4601 officio

336 4665 423 4727 erga
455 4642 703 4708 Germanicam
738 4641 928 4704 Nationem
960 4641 1107 4722 affecta,
1142 4641 1243 4706 Sacri
1273 4642 1416 4727 Imperii
1446 4665 1619 4727 proceres

336 4753 446 4834 legati
470 4750 525 4814 sui
549 4748 778 4828 auctoritate,
802 4748 993 4829 prudentia
1016 4759 1053 4812 et
1076 4770 1145 4832 ope
1170 4754 1427 4833 commonebat,
1452 4772 1523 4834 quo
1548 4761 1618 4814 tur-

336 4859 428 4923 batis
443 4860 549 4921 rebus
567 4858 770 4920 consulatur
784 4855 991 4918 ferventius.
1027 4855 1106 4937 Qua
1124 4877 1164 4921 re
1185 4877 1264 4921 cum
1280 4858 1416 4940 gratius
1440 4859 1548 4922 michi
1564 4879 1618 4922 ao-
