3425 5700
840 536 1088 599 043384&

325 686 446 751 divina
471 684 584 751 offitia
608 708 648 751 ac
673 685 804 753 Sacros
828 688 931 769 ritus,
967 687 1172 769 germanico
1196 686 1377 769 ydiomate
1402 683 1598 751 enunctiant

324 794 451 876 partim
476 805 512 858 et
536 798 779 876 aboleverunt,
805 795 911 878 impie
936 814 1078 877 quoque
1102 794 1360 876 dogmatizant,
1383 794 1420 856 id
1444 794 1596 877 apprime

325 912 495 965 conantes
519 920 588 983 quo
613 904 781 986 populum
807 905 852 965 ab
878 902 1084 966 obedientia
1099 902 1144 965 V.
1161 900 1198 966 S.
1222 914 1258 965 et
1282 901 1436 984 denique
1452 902 1597 983 singulo·

323 1029 399 1071 rum
424 1009 643 1091 superiorum
668 1010 752 1090 iugo
770 1023 945 1073 avertant.
975 1008 1222 1074 Consideranti
1239 1009 1412 1091 siquidem
1425 1009 1510 1073 mihi
1528 1030 1597 1071 eam

324 1116 549 1178 seductorum
581 1117 685 1179 etiarn
717 1116 752 1179 in
785 1115 928 1179 diversa
957 1116 1177 1180 tendentium
1209 1116 1415 1195 colluviem,
1450 1136 1495 1177 ne
1526 1134 1597 1177 cum

323 1221 402 1285 aliis
432 1221 573 1285 silentio
597 1231 797 1303 torperem,
834 1222 967 1286 ambivi
990 1222 1208 1305 Episcopum
1230 1221 1334 1304 hujus
1356 1222 1425 1286 loci
1456 1231 1493 1285 et
1516 1222 1598 1285 alios

325 1328 517 1411 digniores
543 1329 602 1411 qui
624 1328 661 1391 in
684 1350 759 1392 rem
779 1329 970 1393 necessarii
988 1330 1212 1406 videbantur,
1237 1329 1443 1411 frequenter
1457 1331 1597 1411 pulsans

324 1456 442 1499 eorum
468 1436 623 1517 animos,
648 1445 822 1517 quatenus
846 1435 1052 1518 vigilantius
1075 1435 1263 1500 Dominico
1289 1434 1402 1517 Gregi
1425 1436 1597 1517 prospice·

323 1553 412 1622 rent,
437 1554 473 1605 et
496 1542 631 1605 heresis
655 1542 876 1606 scismatisve
893 1542 1075 1606 criminum
1096 1563 1178 1606 reos
1193 1541 1299 1605 etiam
1315 1542 1474 1624 potiores
1490 1542 1597 1624 primo

323 1658 591 1731 oppugnarent,
627 1649 686 1731 qui
717 1649 745 1711 si
770 1648 964 1715 deficerent
993 1648 1181 1713 inferiores
1212 1648 1318 1711 facile
1348 1660 1598 1712 everterentur.

322 1756 457 1819 Durum
481 1765 599 1818 autem
617 1754 798 1837 negotium
822 1755 985 1838 pluribus
999 1756 1113 1819 visum
1138 1756 1215 1837 fuit,
1239 1765 1313 1818 tum
1335 1776 1379 1819 eo
1395 1753 1511 1838 magis
1533 1775 1598 1838 quo

323 1862 401 1925 aliis
431 1862 654 1943 coepiscopis
684 1861 945 1926 remorantibus
975 1862 1080 1945 primi
1109 1884 1172 1926 nos
1196 1863 1392 1945 periculum
1424 1862 1601 1945 experturi

321 1967 539 2041 videremur;
564 1969 707 2031 tandem
732 1968 868 2050 placuit
891 1968 1073 2051 negotium
1097 1970 1261 2051 aggredi.
1307 1969 1433 2050 Itaque
1450 1971 1521 2033 duo
1536 1989 1600 2031 ma·

322 2074 492 2137 ximarum
517 2074 792 2157 parrochialium
816 2085 994 2156 rectores,
1018 2075 1192 2157 prepositi
1215 2075 1421 2156 nuncupati,
1445 2086 1480 2139 et
1504 2074 1602 2139 simul

322 2182 420 2263 prior
444 2182 648 2244 monasterii
674 2181 951 2263 Augustinensis
976 2181 1074 2264 opidi
1088 2182 1324 2264 Nurenberge
1348 2181 1480 2263 prefati
1503 2181 1604 2272 primi

322 2288 462 2351 evocati
498 2289 544 2351 ad
574 2287 811 2371 personaliter
844 2292 1124 2371 comparendum
1154 2309 1264 2372 seque
1291 2292 1535 2371 purgandum
1570 2301 1603 2351 et

323 2396 404 2458 dum
429 2396 473 2457 de
499 2403 642 2458 auctore
668 2395 727 2476 qui
749 2394 826 2458 fisci
851 2396 995 2459 nomine
1020 2406 1145 2460 contra
1169 2397 1313 2459 eosdem
1337 2405 1533 2477 exurgeret
1555 2395 1601 2459 in·

323 2503 537 2585 quireretur,
573 2501 651 2564 aliis
676 2502 809 2583 dubiis,
846 2502 1052 2566 timentibus
1075 2503 1154 2566 aliis
1177 2501 1463 2566 adversariorum
1486 2522 1602 2566 versu·

322 2610 406 2672 tiam
437 2618 473 2671 et
496 2608 665 2690 loquendi
690 2607 776 2687 vim,
812 2608 1032 2692 singulorum
1062 2618 1256 2672 nostratum
1280 2621 1365 2672 voto
1397 2608 1604 2693 designatus

322 2736 390 2799 ego
424 2714 494 2790 fui;
528 2716 588 2798 qui
614 2715 786 2779 eiusmodi
810 2736 900 2779 onus
924 2724 1020 2779 certe
1045 2714 1240 2798 perdificile
1276 2725 1313 2780 et
1343 2718 1439 2798 apud
1462 2718 1603 2798 plebem

323 2822 568 2889 exosissimum
591 2842 658 2907 pro
673 2822 808 2906 pietate
825 2832 943 2888 autem
967 2825 1002 2887 in
1018 2825 1134 2887 Deum
1158 2833 1194 2887 et
1210 2833 1368 2888 sanctam
1384 2822 1504 2906 fidem,
1528 2844 1604 2908 pro·

322 2951 391 3013 que
423 2932 559 2995 honore
584 2929 621 2994 S.
646 2930 689 2994 V.
722 2931 773 2994 uti
802 2929 911 2994 fidum
943 2931 1175 3012 mancipium,
1211 2931 1341 3012 spretis
1371 2933 1605 3014 popularibus

324 3037 414 3102 odiis
439 3047 594 3101 atcerte
618 3038 761 3101 summis
784 3038 970 3120 periculis,
994 3040 1086 3101 letus
1109 3038 1261 3121 suscepi.
1308 3039 1606 3124 Comparantibus

322 3145 441 3227 itaque
466 3140 681 3207 adversariis
707 3165 785 3208 cum
808 3148 919 3210 multo
943 3165 1086 3210 suorum
1109 3142 1289 3227 comitatu,
1313 3147 1503 3228 quatriduo
1528 3167 1604 3210 con-

323 3253 432 3330 tinu0,
456 3252 535 3314 Deo
552 3250 646 3314 vires
669 3250 901 3334 ministrante,
927 3251 1058 3316 eisdem
1076 3251 1111 3315 in
1128 3251 1248 3315 fatiem
1264 3252 1389 3336 restiti,
1413 3273 1606 3338 eorumque

322 3355 478 3441 perfidie
495 3357 695 3421 testimonia
718 3360 764 3421 ab
786 3359 838 3422 eis
861 3358 948 3440 ipsis
972 3359 1117 3440 extorsi,
1142 3357 1202 3441 qui
1218 3360 1301 3422 dum
1324 3359 1395 3424 alio
1413 3360 1608 3426 deficerent

322 3466 357 3528 in
381 3466 534 3529 furorem
559 3463 673 3545 versi,
706 3464 840 3529 furioso
865 3464 1027 3529 mendaci
1052 3466 1173 3529 libello
1203 3487 1258 3530 me
1282 3468 1472 3549 petierunt.
1518 3466 1606 3532 Sub

321 3570 405 3634 inde
428 3569 567 3654 prefixo
599 3571 670 3634 alio
695 3571 753 3635 die
777 3573 952 3636 sententie
977 3573 1171 3654 audiende,
1207 3593 1285 3636 cum
1313 3574 1470 3657 denique
1493 3575 1607 3640 maior

321 3699 405 3760 pars
428 3687 633 3758 nostratum,
658 3678 772 3760 primo
797 3678 832 3741 in
857 3678 1029 3743 leniorem
1044 3689 1183 3762 partem
1198 3680 1369 3744 inclinare
1385 3682 1606 3762 viderentur,

323 3805 393 3866 quo
403 3784 781 3866 videlicetadversarii,
790 3785 1608 3870 Ecclesiasticaexcommunicationedumtaxat

322 3891 528 3972 ferirentur,
564 3892 809 3956 vehementius
833 3892 944 3956 institi
974 3902 1013 3955 ut
1035 3895 1180 3957 tandem
1212 3896 1279 3958 sub
1303 3904 1429 3960 tenore
1459 3918 1529 3981 per
1552 3917 1607 3962 me

323 4009 512 4080 concepto,
537 4009 573 4062 et
597 3999 696 4066 cuius
721 3999 861 4082 copiam
885 4000 1111 4082 presentibus
1135 3999 1171 4064 S.
1197 4001 1241 4065 V.
1265 4003 1486 4085 transmitto,
1517 4005 1606 4070 diffi-

322 4106 434 4169 nitiva
464 4105 641 4170 sententia
664 4107 969 4188 pronuntiaretur,
1006 4129 1028 4171 a
1050 4128 1122 4189 qua
1153 4128 1218 4190 per
1242 4120 1414 4174 assertum
1437 4131 1606 4194 procura·

323 4225 435 4278 torem
459 4213 744 4276 adversariorum
769 4223 805 4277 et
829 4223 868 4276 ut
892 4213 967 4277 eius
990 4215 1111 4277 verbis
1136 4226 1225 4296 utar,
1249 4217 1295 4278 ad
1318 4217 1474 4282 futurum
1492 4220 1606 4302 publi-

323 4339 400 4384 cum
425 4320 594 4399 liberum,
622 4327 658 4382 et
682 4319 887 4384 cristianum
910 4320 1096 4384 concilium
1127 4323 1326 4405 appellato,
1361 4325 1417 4388 cui
1445 4329 1608 4408 appella·

322 4426 409 4490 tioni
433 4425 484 4489 uti
508 4427 602 4489 nulle
627 4427 783 4490 delatum
807 4447 878 4490 non
903 4427 986 4508 fuit,
1018 4430 1082 4490 sed
1106 4431 1291 4510 apostolos
1315 4431 1451 4512 petenti
1475 4433 1608 4498 refuta·

323 4533 404 4597 torii
428 4533 512 4596 dati.
550 4533 759 4596 Adversarii
785 4554 871 4596 vero
895 4553 974 4598 cum
989 4533 1264 4617 Norimbergam
1280 4537 1481 4621 rediissent,
1507 4540 1609 4605 initio

323 4639 455 4703 factum
480 4659 600 4703 eorum
624 4641 734 4703 multa
756 4638 901 4704 fictione
926 4642 1139 4723 colorarunt,
1163 4650 1199 4706 et
1222 4645 1340 4708 denuo
1364 4666 1486 4710 coram
1508 4659 1609 4713 certo

323 4746 462 4811 notario
493 4745 693 4828 inscriptis
724 4745 858 4830 pariter
891 4748 937 4811 ad
960 4748 1115 4813 futurum
1140 4748 1335 4816 Concilium
1367 4755 1609 4836 appellarunt,

324 4875 444 4922 aarum
483 4854 703 4936 subscriptas
736 4855 858 4938 copias
892 4856 948 4919 hic
989 4877 1055 4940 per
1087 4857 1257 4922 ecclesias
1289 4869 1425 4923 incerto
1458 4863 1611 4928 nunctio
