3425 5700
808 544 866 605 ⁶43
905 547 1055 607 2169-ο

383 689 411 758 ll
436 689 553 758 Breve
579 697 684 778 quale
707 695 881 760 ricercate
905 719 1013 780 sopra
1043 699 1125 763 tutti
1159 721 1180 764 a
1205 695 1336 764 Cesare
1368 700 1412 765 ed
1446 700 1570 766 alcune
1677 702 1678 761 l

291 806 415 887 parole
440 803 475 866 di
499 823 603 866 mano
629 805 774 886 propria
798 804 833 866 di
858 805 899 867 N.
917 805 980 887 δ”,
1004 807 1063 888 gi'a
1079 805 1129 870 Su
1146 807 1286 872 Santita
1310 808 1331 870 l’
1348 811 1466 872 havea
1483 809 1570 872 fatto

291 913 337 974 da
361 933 398 974 se
424 921 458 974 et
482 911 561 974 sari
586 931 653 974 con
677 911 701 974 li
726 910 807 974 altri
831 915 887 975 nel
914 933 1032 976 mazzo
1057 932 1124 977 con
1148 917 1183 978 le
1207 916 1340 978 minute
1365 915 1517 980 intorno,

1226 1055 1328 1118 nnn
1345 1055 1453 1126 mter,

1173 1146 1530 1197 ViceCancellarius.

900 1581 953 1646 83.

557 1696 1016 1778 vicecancellarius
1052 1698 1302 1780 Alcandrc.

728 1843 1134 1916 (nocato-maan.)

574 1964 701 2019 ll'lorent.
719 1976 758 2029 14.
770 1965 834 2013 Maii
853 1975 929 2026 1521.
943 1991 979 2001 -
992 1967 1124 2015 Wormat.
1140 1978 1181 2015 22.
1193 1964 1279 2034 Maii.)

380 2091 516 2154 Perchd
542 2087 587 2152 ne
612 2087 797 2170 maggiore
821 2088 865 2150 nd
890 2089 936 2149 da
960 2087 1019 2150 noi
1043 2087 1104 2169 pii1
1136 2087 1340 2152 desiderata
1372 2092 1572 2172 allegrezza

292 2209 483 2280 potevamo
508 2216 677 2259 recavere
710 2197 776 2258 che
801 2197 846 2258 de
878 2195 1064 2259 intendere
1095 2197 1131 2258 la
1163 2205 1286 2276 santa,
1321 2197 1519 2260 immortale
1552 2221 1572 2260 e

290 2325 432 2386 sempre
466 2303 695 2367 memorabile
725 2323 836 2384 opera
869 2313 905 2365 et
938 2302 1034 2384 pieta
1067 2303 1103 2364 di
1127 2302 1259 2365 Cesare
1293 2313 1418 2366 contro
1450 2307 1572 2384 quello

291 2433 385 2476 novo
410 2411 498 2474 Ario
523 2420 558 2472 et
581 2408 819 2490 heresiarcha,
844 2411 879 2472 la
903 2411 985 2490 qual
1010 2409 1039 2472 si
1062 2411 1132 2472 ben
1158 2414 1393 2473 conveniente
1424 2432 1445 2472 a
1469 2420 1573 2473 tanto

289 2519 504 2600 imperatore
529 2527 564 2579 et
589 2518 658 2578 alla
691 2515 900 2578 admirabile
931 2537 995 2578 sua
1029 2516 1157 2597 bonta,
1192 2537 1262 2579 non
1293 2517 1329 2578 di
1360 2537 1464 2579 meno
1499 2539 1573 2580 non

290 2628 366 2688 solo
391 2626 438 2687 ha
462 2623 586 2706 impita
610 2644 666 2685 ma
691 2625 736 2684 de
760 2623 869 2684 molto
894 2632 1066 2685 avanzata
1086 2623 1122 2684 la
1138 2624 1376 2705 espettatione
1400 2627 1446 2686 de
1462 2623 1504 2686 N.
1521 2625 1572 2689 St.

289 2745 324 2796 et
349 2732 384 2794 di
409 2741 500 2794 tutta
524 2734 558 2794 la
583 2730 711 2794 Chiesa
737 2729 953 2803 universale;
986 2733 1059 2792 cosl
1093 2749 1164 2792 non
1189 2729 1225 2792 vi
1258 2751 1425 2812 possemo
1455 2733 1573 2794 anche

289 2840 440 2903 rendere
466 2837 629 2920 maggior
661 2836 779 2920 gratie
810 2845 845 2901 et
877 2846 1084 2901 veramente
1117 2858 1217 2901 come
1252 2837 1405 2901 scrivete
1436 2838 1515 2918 vui,
1551 2862 1573 2903 a

288 2948 442 3009 Domino
473 2945 605 3008 factum
637 2956 691 3008 est
723 2944 826 3024 illud,
862 2941 891 3006 si
924 2963 1024 3007 come
1065 2946 1180 3007 anche
1211 2946 1257 3007 da
1290 2945 1391 3007 lddio
1422 2947 1441 3008 ὁ
1475 2957 1573 3009 stato

289 3056 397 3117 eletto
422 3065 457 3117 et
481 3064 586 3136 posto
610 3051 645 3115 in
672 3052 720 3113 tal
744 3051 869 3113 culme.
916 3051 969 3113 La
997 3052 1079 3132 qual
1105 3050 1258 3113 Cesarea
1282 3051 1422 3114 Maesta
1453 3073 1492 3114 se
1523 3056 1574 3116 ha
1607 3044 1611 3047 ⁴

288 3161 449 3241 obligata
472 3160 506 3223 in
532 3169 708 3242 perpetuo
733 3168 860 3240 questa
884 3156 995 3221 Santa
1019 3156 1114 3220 Sede
1139 3170 1175 3221 et
1191 3169 1283 3221 tutto
1309 3159 1328 3220 'l
1355 3159 1573 3222 Christiane·

289 3267 376 3331 simo
402 3278 437 3329 et
461 3286 499 3330 se
522 3268 569 3329 ha
592 3275 697 3349 posta
729 3267 779 3327 tal
813 3284 947 3328 corona
976 3265 1012 3327 in
1045 3286 1136 3347 capo
1169 3265 1235 3327 che
1267 3285 1406 3347 sempre
1439 3267 1573 3330 durari

288 3374 483 3437 crescendo
508 3372 543 3435 di
561 3376 729 3435 continuo
747 3382 782 3435 et
799 3372 980 3435 alzandosi
998 3374 1030 3435 el
1046 3392 1151 3435 nome
1176 3392 1240 3434 suo
1265 3392 1373 3453 sopra
1396 3374 1430 3435 le
1454 3376 1573 3438 stelle.

287 3480 522 3543 Vorressemo
551 3488 676 3562 potere
709 3480 911 3563 exprimere
944 3480 968 3542 il
1000 3480 1133 3561 gaudio
1164 3489 1200 3541 et
1231 3478 1468 3543 satisfattione
1502 3484 1574 3543 che

287 3609 332 3651 ne
355 3589 402 3649 ha
426 3607 532 3669 preso
557 3588 599 3651 N.
625 3585 677 3650 Sm
705 3608 724 3649 e
749 3596 840 3650 tutto
874 3586 895 3648 'l
930 3606 1031 3649 sacro
1061 3586 1215 3667 collegio
1248 3607 1268 3647 e
1297 3586 1374 3667 noi,
1408 3607 1465 3649 ma
1496 3608 1574 3651 non

287 3695 319 3757 ci
344 3697 446 3757 basta
470 3694 492 3757 l'
509 3694 678 3776 ingegno.
727 3692 776 3755 Su
809 3690 949 3756 Santita
981 3694 1031 3775 gli
1062 3695 1097 3755 lo
1128 3693 1299 3755 dimostra
1331 3704 1465 3774 quanto
1496 3698 1574 3777 pud

287 3822 352 3886 per
377 3822 417 3864 su
442 3802 559 3864 Breve
583 3802 767 3863 etalcune
792 3803 916 3882 parole
941 3802 1089 3862 deman
1114 3820 1198 3879 sua,
1234 3811 1270 3862 et
1301 3800 1361 3882 poi
1394 3801 1454 3863 alli
1486 3802 1574 3865 altri

288 3908 442 3990 signori;
479 3928 578 3971 come
603 3910 772 3970 vederete
796 3928 863 3989 per
886 3909 919 3969 le
943 3906 1057 3989 copie,
1082 3908 1199 3970 alcuni
1223 3909 1268 3970 de
1292 3908 1381 3970 detti
1405 3908 1516 3971 Brevi
1542 3910 1574 3973 si

287 4036 375 4079 sono
408 4015 529 4077 lassati
565 4014 599 4076 in
635 4015 764 4077 bianco
801 4015 836 4076 di
870 4034 995 4095 sopra,
1031 4014 1130 4076 accid
1163 4016 1319 4096 possiate
1354 4016 1575 4095 presentarli

286 4143 389 4185 como
420 4121 456 4184 vi
479 4121 625 4203 pareri:
661 4121 776 4183 farete
800 4122 966 4202 adunque
991 4120 1050 4183 vui
1081 4123 1115 4183 le
1147 4120 1379 4204 soprascritte
1410 4124 1575 4185 secondo

287 4231 322 4293 la
352 4228 488 4291 inclusa
520 4229 642 4291 notula
682 4248 747 4309 per
779 4228 914 4290 servire
943 4228 967 4290 il
1001 4227 1081 4290 stile
1112 4238 1149 4290 et
1180 4248 1280 4291 come
1308 4227 1343 4289 in
1374 4226 1445 4289 fine
1477 4248 1576 4291 sono

286 4336 322 4399 in
346 4337 520 4400 credenza
544 4338 589 4398 de
612 4334 693 4397 tutti
719 4337 788 4396 duo
813 4334 883 4415 vui,
907 4335 1103 4416 supplirete
1128 4355 1149 4397 a
1172 4337 1295 4413 bocca,
1320 4334 1474 4396 maxime
1498 4354 1574 4399 con

286 4444 321 4505 la
345 4463 479 4505 somma
502 4441 611 4505 bonta
637 4442 672 4503 di
697 4440 828 4504 Cesare
853 4451 889 4503 et
912 4441 1044 4523 perchd
1068 4441 1225 4523 possiate
1248 4441 1381 4504 havere
1406 4442 1463 4503 del
1484 4461 1574 4505 con·

286 4556 409 4613 tenuto
433 4549 684 4613 informatione
707 4548 742 4610 vi
767 4548 796 4610 si
826 4549 1002 4610 mandano
1032 4568 1098 4610 con
1133 4548 1202 4610 essi
1237 4549 1271 4610 le
1302 4547 1445 4611 minute.
1493 4548 1575 4612 Re-

285 4656 429 4721 serirete
453 4657 513 4739 poi
537 4656 571 4720 in
596 4676 729 4739 genere
754 4676 775 4716 a
798 4654 880 4717 tutti
895 4658 930 4718 le
945 4654 1060 4736 gratie
1078 4652 1304 4717 convenienti
1322 4664 1358 4716 et
1374 4656 1577 4736 potendosi

285 4765 468 4829 addolcire
501 4784 600 4827 come
625 4784 712 4846 pare
737 4762 765 4824 si
790 4762 843 4825 sia
867 4761 1116 4825 incominicato
1149 4762 1170 4823 l’
1196 4760 1354 4824 acerbiti
1385 4761 1421 4824 di
1445 4765 1576 4844 quello

285 4870 403 4935 animo
427 4874 486 4934 del
502 4872 605 4934 Duca
629 4873 674 4933 de
689 4870 867 4934 Sansonia
881 4869 1035 4933 faretine
1052 4867 1138 4949 ogni
1154 4888 1275 4952 opera,
1300 4870 1400 4932 salva
1423 4889 1576 4953 sempre
