3425 5700
632 606 879 663 *Qolssib*

122 757 251 839 cipibus
287 756 494 837 permittant
529 774 651 817 omnes
689 773 803 836 pagos
845 773 1028 835 quousque
1064 752 1279 815 redemerint
1315 775 1394 817 cum

123 869 236 943 80,0oo
260 862 335 926 flor.
362 909 391 926 ..

203 970 243 1033 In
261 968 393 1052 Algoia
416 966 594 1030 exercitus
618 967 713 1049 ligae
736 988 754 1045 3
773 966 856 1046 Julii
873 987 894 1028 a
910 964 1076 1029 Danubio
1101 974 1225 1028 contra
1241 966 1393 1048 Algoios

119 1077 342 1161 progreditur
367 1084 402 1137 et
426 1074 587 1137 ascendit
610 1094 677 1155 per
691 1076 821 1139 vallem
847 1072 1039 1136 Chamlach
1063 1072 1125 1135 ubi
1148 1072 1305 1135 substitit
1327 1094 1393 1155 per

121 1196 194 1248 octo
218 1184 295 1247 dies
318 1184 354 1245 in
367 1182 654 1255 Wattenweiler;
679 1181 762 1244 inde
786 1201 910 1243 versus
930 1179 1136 1262 Memingen
1160 1179 1228 1242 iter
1251 1178 1391 1262 dirigit;

119 1292 232 1355 rustici
257 1311 343 1353 vero
368 1289 403 1351 in
429 1288 505 1352 dies
529 1297 662 1373 augent
687 1288 883 1351 exercitum
907 1296 942 1349 et
966 1308 988 1348 a
1009 1285 1124 1349 faciae
1139 1286 1234 1368 ligae
1250 1287 1392 1368 fugiunt

120 1420 223 1481 usque
248 1398 293 1462 ad
308 1396 437 1459 flumen
462 1394 597 1458 Luibus
620 1394 680 1457 ubi
704 1403 858 1458 montem
882 1396 1034 1457 subeunt
1059 1392 1273 1466 conflicturi;
1311 1396 1390 1456 sub-

118 1517 233 1568 secuta
257 1505 332 1587 liga
355 1502 562 1566 bombardis
598 1522 659 1564 eos
694 1501 905 1583 aggreditur
928 1499 1084 1582 vesperi;
1121 1499 1235 1563 territi
1268 1500 1391 1564 rustici

119 1610 352 1693 diffugierunt,
377 1610 471 1671 unde
495 1608 659 1690 sequenti
683 1608 740 1674 die
770 1629 805 1686 ¹3
830 1607 915 1687 Julii
940 1608 984 1669 ad
1006 1607 1157 1689 gratiam
1173 1616 1208 1670 et
1222 1607 1390 1671 iustitiam

118 1718 245 1800 recepti
270 1726 369 1797 sunt,
405 1716 565 1798 pluribus
597 1715 729 1798 passim
759 1715 795 1779 in
819 1714 946 1778 itinere
979 1724 1015 1777 et
1044 1714 1078 1777 in
1104 1725 1223 1777 monte
1247 1714 1389 1788 occisis:

118 1827 291 1907 perierunt
320 1844 413 1903 1400.
995 1812 998 1821 '

199 1932 427 1997 Obsederant
462 1931 594 1994 subditi
630 1929 904 2011 Archiepiscopi
944 1927 1231 2011 Saltzburgensis
1270 1949 1388 1992 arcem

118 2038 229 2121 ipsius,
255 2040 314 2120 qui
340 2038 399 2101 diu
423 2038 553 2101 frustra
577 2037 680 2118 petiit
704 2032 873 2100 auxilium
904 2058 925 2099 a
948 2035 1057 2119 Liga,
1090 2057 1193 2099 nemo
1227 2036 1319 2098 enim
1355 2036 1388 2099 ei

118 2146 281 2209 succurrit
306 2145 373 2208 nisi
398 2145 600 2208 Ludovicus
623 2145 707 2207 Dux
731 2143 918 2223 Bavariae,
943 2144 1004 2226 qui
1022 2143 1269 2225 septingentos
1293 2143 1386 2223 equi-

117 2264 164 2315 tes
186 2252 303 2315 statim
327 2252 361 2315 in
387 2251 541 2316 confinia
566 2252 676 2315 duxit.
724 2250 904 2333 Georgius
940 2250 984 2312 de
1009 2250 1216 2332 Fronsperg
1239 2249 1386 2312 clarissi-

117 2379 184 2421 mus
207 2359 293 2422 belli
318 2360 391 2421 dux
414 2358 560 2441 collegit
583 2358 743 2437 militem,
779 2359 842 2420 sed
880 2356 1015 2419 tardius
1050 2376 1129 2419 eum
1159 2355 1385 2437 Lantspergii

117 2467 332 2547 expectavit;
356 2475 491 2528 tantem
515 2468 631 2528 soluto
648 2464 808 2527 exercitu
824 2464 920 2547 ligae
936 2465 1112 2527 accelerat
1126 2461 1385 2545 Saltzburgum,

116 2574 204 2653 quod
226 2574 341 2655 primo
365 2573 498 2654 impetu
522 2574 606 2635 dum
630 2592 759 2654 capere
782 2572 918 2649 tardat,
952 2570 1074 2633 rustici
1107 2571 1255 2633 interius
1279 2572 1383 2632 auda·

116 2679 221 2743 ciores
245 2680 329 2742 facti
353 2679 480 2742 fortius
503 2679 682 2742 resistunt.
730 2678 779 2741 At
803 2681 885 2741 dum
910 2678 1000 2761 Liga
1023 2677 1237 2761 Episcopum
1261 2676 1297 2740 in
1330 2676 1383 2739 sui

115 2788 364 2867 protectionem
400 2785 615 2869 accepisset,
661 2784 851 2847 constituto
890 2786 990 2847 Duce
1024 2785 1205 2847 Ludovico
1240 2786 1382 2848 Bavaro

116 2893 318 2977 CapitaneO,
352 2895 473 2958 rustici
506 2893 632 2958 timore
667 2895 822 2976 perculsi
852 2893 1003 2975 gratiam
1028 2893 1225 2976 petierunt3
1250 2892 1382 2973 sicque,

115 3019 196 3080 pace
218 3001 356 3065 firmata
381 3012 417 3064 et
439 3001 601 3065 restituto
628 3020 818 3084 eposcop0,
844 3001 1021 3064 exercitus
1037 3001 1171 3062 solutus
1187 3008 1241 3061 est
1255 3007 1381 3080 quarto

115 3105 335 3189 Septembris.

638 3314 844 3327 mm

703 3545 778 3611 259.

376 3660 535 3742 Clemens
563 3661 642 3742 VII.
671 3660 856 3741 Gurdinuli
882 3658 1106 3761 lluguutino.

289 3809 448 3878 (manentis
465 3808 518 3867 vn
537 3809 626 3882 bplst.
645 3808 683 3867 ad
700 3809 790 3867 Prius.
809 3824 860 3882 per
878 3806 968 3866 Sadol.
986 3822 1038 3865 ror.
1056 3805 1101 3864 iol.
1120 3804 1188 3877 tto.)

585 3937 637 3999 (16.
658 3938 783 3987 Octobris
805 3934 892 4005 1525.)

191 4077 417 4142 Gratissimas
433 4079 536 4143 nobis
557 4080 758 4162 accepimus
773 4080 911 4144 litteras
926 4090 1004 4142 tuas
1019 4076 1205 4142 XXVIIII
1220 4075 1376 4158 Augusti

114 4183 211 4265 datas,
236 4205 327 4267 quae
353 4185 620 4249 excusationem
644 4186 904 4267 quodammodo
929 4185 1107 4248 actionum
1130 4196 1269 4248 tuarum
1294 4203 1374 4246 con·

114 4287 278 4372 tinebant,
312 4291 357 4355 de
388 4292 443 4354 his
476 4313 567 4373 quae
600 4313 702 4355 secus
733 4293 777 4354 de
802 4301 862 4354 tua
886 4291 1092 4374 integritate
1116 4300 1152 4355 et
1175 4290 1375 4354 constantia

115 4407 219 4461 essent
241 4399 437 4480 divulgata.
483 4399 622 4482 Atque,
647 4410 685 4462 ut
709 4420 831 4462 verum
856 4398 1041 4479 fateamur,
1065 4398 1208 4462 fuerunt
1232 4397 1375 4480 quidem

115 4501 163 4564 illa
185 4504 387 4568 circumlata
411 4507 632 4570 sermonibus
664 4509 709 4569 ad
743 4527 917 4589 auresque
952 4515 1091 4569 nostras
1114 4513 1373 4588 pervenerunt;

118 4610 170 4670 sed
191 4632 253 4674 nos
279 4613 337 4693 qui
369 4611 693 4693 circumspectionis
717 4623 799 4676 tuae
823 4614 977 4678 animum
992 4617 1207 4696 plenamque
1230 4612 1373 4696 pietatis

115 4728 249 4780 mentem
274 4721 598 4801 cognoscebamuS,
623 4741 800 4803 nunquam
824 4720 1001 4802 potuimus
1026 4720 1153 4784 adduci
1187 4731 1225 4782 ut
1254 4720 1371 4783 crede·

114 4839 213 4888 remus
236 4836 374 4889 tantum
398 4827 499 4890 nefas
530 4848 551 4889 a
579 4827 640 4890 tali
675 4838 710 4890 et
740 4827 901 4909 principe
932 4837 968 4891 et
998 4827 1170 4890 cardinali
1200 4828 1371 4891 adversus

113 4923 278 5007 ipsiusmet
301 4933 512 5017 dignitatem
536 4935 644 4998 fuisse
669 4935 901 4998 commissum.
949 4933 1187 5015 Quamobrem
1215 4955 1287 4997 non
1309 4955 1369 5016 po-
