3425 5700
614 580 862 640 eoactum

123 730 250 813 principi
273 740 310 793 et
332 733 378 792 cie
400 740 493 793 tutto
515 731 551 794 el
575 731 706 793 mondo
729 730 767 793 in
783 740 911 811 questo
924 733 996 794 bon
1010 730 1139 812 giorno
1153 731 1378 796 sottoscrisse

123 841 157 900 de
184 857 241 901 sua
274 838 467 902 benedetta
499 858 604 901 mano
633 837 800 900 ambedoi
823 837 848 900 li
870 837 1031 901 mandati
1052 837 1089 902 in
1113 837 1225 902 latino
1247 849 1287 903 et
1308 841 1377 903 ale-

122 966 215 1026 mano,
237 946 281 1009 de
306 943 335 1008 si
358 947 430 1009 bon
455 945 573 1009 animo
597 947 663 1008 che
687 965 798 1026 parea
821 953 913 1008 tutto
937 945 1128 1028 regioirse;
1153 946 1214 1028 poi
1228 946 1378 1014 ridendo

121 1053 263 1117 uidisse
287 1074 419 1117 ancora
442 1053 478 1117 in
503 1053 682 1118 francese:
714 1053 785 1116 Voi
809 1063 926 1116 sarete
956 1074 1025 1135 pur
1051 1064 1220 1117 contento
1243 1075 1318 1128 mo;
1343 1065 1378 1117 et

121 1160 257 1224 iosinrili
281 1162 404 1243 lingua
427 1161 574 1243 risposi:
606 1159 644 1224 Sl
669 1171 785 1240 certo,
816 1161 904 1240 sire,
931 1182 990 1224 ma
1013 1163 1122 1224 molto
1146 1160 1205 1243 piu
1230 1182 1275 1224 ne
1299 1161 1378 1224 sara

120 1268 274 1332 satisfacto
311 1271 344 1332 el
380 1267 444 1332 8ῐοο
479 1271 515 1331 la
539 1248 651 1340 Senta
685 1265 781 1331 Sede
810 1278 846 1331 et
880 1277 972 1332 tutta
1005 1271 1040 1331 la
1063 1267 1307 1349 Christianita,
1343 1279 1379 1332 et

120 1375 391 1456 rengratiaranno
415 1374 485 1439 Dio
510 1378 576 1438 che
599 1374 697 1438 habii
717 1376 801 1438 dato
816 1375 910 1438 cossi
929 1378 1021 1438 bono
1036 1383 1138 1437 santo
1156 1384 1191 1438 et
1206 1376 1377 1457 religioso

119 1479 239 1563 Caesar,
264 1483 299 1546 el
323 1485 406 1565 qual
431 1483 501 1546 Dio
524 1482 734 1564 mantenghi
759 1491 794 1544 et
817 1481 983 1564 prosperi
1006 1482 1042 1544 in
1068 1482 1184 1562 questi
1208 1483 1261 1545 sui
1285 1484 1378 1546 santi

120 1590 280 1672 propositi,
306 1609 372 1672 per
395 1590 420 1652 li
444 1589 540 1673 quali
563 1589 608 1652 V.
633 1589 680 1654 M.
706 1585 751 1652 n'e
775 1591 821 1652 ha
842 1589 1039 1671 acquistato
1062 1599 1238 1671 perpetua
1261 1591 1379 1671 gloria

119 1707 146 1756 et
165 1717 305 1778 apresso
328 1697 399 1760 Dio
422 1698 560 1778 premio
586 1706 720 1760 eterno.

190 1805 268 1867 Pari
304 1824 469 1868 successu
499 1803 587 1887 hogi
619 1823 667 1885 po
698 1823 830 1886 pranso
862 1823 952 1866 sono
983 1802 1067 1866 stati
1089 1802 1246 1884 sigillati,
1270 1813 1377 1867 sotto·

118 1910 210 1973 scritti
233 1931 342 1975 ancor
365 1912 493 1975 iterato
518 1912 564 1974 da
579 1910 793 1993 Magontino
808 1920 844 1974 et
860 1903 1264 1993 finalmente‘regist'rati
1287 1912 1376 1975 detti

116 2019 252 2082 mandati
278 2029 315 2083 et
338 2039 426 2082 sono
451 2019 512 2101 qui
534 2021 678 2082 tandem
706 2019 743 2082 in
778 2039 860 2081 man
895 2018 981 2087 mia.
1017 2021 1082 2083 che
1118 2018 1192 2082 scio
1226 2038 1297 2081 non
1330 2018 1378 2082 rui

118 2142 357 2206 scamparanno
389 2126 459 2207 piu.
507 2127 576 2189 Del
609 2135 700 2188 tutto
734 2124 776 2188 sii
807 2126 954 2189 laudata
986 2128 1021 2189 la
1051 2124 1164 2189 Santa
1194 2125 1377 2189 Trinitade

116 2231 169 2293 che
200 2233 232 2295 in
270 2253 335 2297 sua
369 2233 494 2317 vigilia
529 2245 565 2296 et
599 2234 693 2297 festa
716 2253 761 2296 ne
785 2234 832 2296 ha
856 2234 941 2296 dato
965 2234 1049 2315 quel
1072 2233 1195 2296 ultimo
1219 2233 1377 2297 remedio

117 2338 170 2399 che
190 2359 252 2421 per
276 2343 431 2404 humana
454 2349 531 2404 arte
555 2361 577 2404 a
601 2349 728 2422 questa
750 2359 835 2404 cosa
858 2339 888 2402 si
916 2341 977 2420 pol
1008 2339 1211 2423 excogitat,
1244 2341 1377 2422 perche

116 2443 152 2504 de
173 2455 281 2509 mutar
303 2447 329 2510 li
353 2447 426 2510 cori
451 2449 495 2510 de
513 2447 537 2510 li
553 2447 694 2511 homeni
711 2456 747 2510 et
763 2445 970 2510 convertirli
985 2448 1057 2510 alla
1071 2467 1159 2510 vera
1174 2447 1233 2510 via
1249 2458 1376 2530 questo

115 2559 159 2612 sta
180 2573 200 2615 a
222 2557 297 2617 solo
322 2554 436 2636 Iddio‚
461 2556 494 2618 el
519 2556 601 2637 qual
626 2575 732 2638 spero
758 2573 868 2618 ancor
895 2555 961 2616 che
984 2574 1055 2617 non
1080 2553 1112 2617 ci
1136 2556 1376 2637 abandonera,

115 2661 227 2735 perche
244 2681 353 2724 ancor
376 2663 442 2725 che
466 2662 583 2744 questi
604 2661 735 2725 ribaldi
759 2659 844 2743 ogni
869 2659 905 2724 di
927 2660 1067 2724 faecino
1085 2663 1236 2742 qualche
1253 2661 1377 2743 'paccia

114 2764 149 2825 de
170 2767 245 2831 libri
268 2769 456 2850 lutherani,
480 2777 572 2832 tutta
595 2771 692 2831 volta
715 2771 833 2832 hanno
857 2777 956 2831 tanto
970 2787 1077 2849 perso
1093 2770 1126 2830 el
1149 2769 1286 2831 credito
1311 2771 1376 2833 che

114 2870 162 2949 gil
183 2877 280 2955 quasi
303 2897 373 2939 non
399 2877 428 2939 si
452 2880 554 2959 parla
578 2876 613 2937 di
637 2878 728 2947 loro;
753 2876 858 2939 immo
883 2896 949 2958 par
973 2878 1040 2939 che
1064 2877 1197 2956 venghi
1220 2876 1255 2939 in
1280 2876 1375 2940 fasti-

113 2978 161 3041 dio
182 3003 203 3044 a
225 2984 283 3065 piu
308 2986 493 3067 patiarne,
527 2984 659 3047 excetti
684 2983 800 3048 alcuni
829 2983 976 3065 maligni
1001 2982 1200 3064 desperati,
1231 2982 1257 3044 li
1280 2984 1377 3065 quali

113 3086 162 3165 pin
184 3109 246 3169 per
267 3094 377 3153 robar
401 3092 467 3154 che
491 3110 556 3173 per
580 3094 672 3154 altro
696 3090 830 3173 piliano
854 3111 876 3152 a
907 3089 1112 3171 favoregiar
1136 3089 1285 3170 Luther,
1319 3110 1378 3153 ma

113 3210 187 3255 sono
217 3197 370 3259 mancati
401 3198 447 3260 de
477 3200 510 3260 le
542 3199 630 3261 dece
661 3208 764 3278 parte
792 3199 826 3260 le
857 3216 951 3259 nove
975 3198 1020 3259 de
1043 3196 1145 3277 pacci
1168 3195 1284 3260 favori
1308 3200 1374 3260 che

112 3298 211 3377 prinro
236 3324 272 3367 se
297 3304 322 3366 li
346 3304 544 3368 donavano.
591 3304 636 3367 Et
659 3304 720 3386 piu
746 3307 812 3367 che
830 3304 965 3367 Lazaro
982 3301 1161 3385 Spengler
1185 3304 1376 3369 cancellier

112 3404 149 3466 dc
163 3406 406 3493 Nor-imberga,
430 3431 502 3474 uno
518 3413 563 3474 de
580 3413 699 3493 quelle
724 3421 869 3493 quattro
891 3422 1039 3473 cornute
1061 3410 1176 3474 bestie
1189 3413 1375 3476 lutherane

112 3511 158 3575 de²
180 3517 272 3597 quali
296 3516 408 3580 elS⁰²⁰
432 3539 471 3581 se
495 3538 641 3583 reserva
666 3518 688 3581 l'
702 3518 927 3581 absolutione
951 3538 972 3580 a
996 3538 1036 3581 se
1059 3520 1147 3598 solo,
1172 3518 1191 3581 ἑ
1215 3518 1250 3581 in
1276 3528 1376 3582 tanta

111 3614 186 3699 fuga
219 3624 283 3688 che
318 3624 356 3687 fa
390 3626 649 3708 protestatione
685 3627 730 3689 de
765 3633 1029 3694 sottornetterse
1053 3634 1089 3688 et
1113 3644 1211 3687 esser
1233 3645 1374 3707 sempre

110 3733 191 3790 stato
223 3741 434 3795 sottornesso
463 3734 496 3795 al
532 3732 711 3815 pontefice
742 3752 889 3796 rornano
922 3742 958 3795 et
986 3739 1147 3813 protesta
1176 3733 1243 3794 che
1267 3732 1373 3796 Eccio

110 3830 269 3902 l'haveva
285 3840 346 3923 gia
367 3842 531 3903 absoluto
557 3851 592 3904 et
611 3844 688 3919 che,
714 3848 838 3922 questo
860 3859 930 3902 non
947 3841 1125 3917 obstante,
1150 3838 1169 3901 ἑ
1191 3838 1373 3902 nominato

109 3936 138 3999 in
159 3945 192 4005 la
214 3947 328 4021 bulla;
361 3966 427 4028 per
459 3947 483 4010 il
508 3948 575 4011 che
599 3946 751 4012 iacendo
775 3946 824 4009 lui
848 3944 1097 4009 iustificatione
1120 3965 1185 4007 sua
1209 3966 1229 4007 a
1253 3944 1374 4025 Cesar,

111 4045 174 4110 Sua
195 4050 331 4115 Maesta
359 4054 440 4117 l'lra
471 4052 617 4117 rimesso
650 4076 671 4116 a
698 4075 754 4117 me
779 4064 814 4115 et
836 4053 872 4116 io
896 4052 921 4115 li
945 4054 990 4114 ho
1016 4053 1114 4114 detto
1139 4071 1209 4114 non
1233 4054 1374 4132 poterlo

110 4156 275 4241 absolvet,
314 4180 372 4224 ma
404 4164 483 4224 chel
518 4181 635 4244 porga
669 4182 733 4225 sua
763 4159 1023 4242 supplicatione
1054 4179 1075 4219 a
1100 4157 1150 4221 Su
1174 4158 1314 4221 Santita
1339 4171 1373 4221 et

109 4264 206 4338 prusti
231 4266 255 4327 li
276 4267 388 4331 debiti
412 4268 507 4330 modi
531 4269 575 4330 de
600 4267 761 4347 abiurar,
794 4269 860 4329 che
888 4266 918 4329 si
943 4265 1098 4329 scrivera
1122 4266 1157 4327 in
1183 4285 1247 4328 suo
1271 4266 1375 4328 favor

109 4376 138 4428 et
158 4390 318 4451 speramo
350 4376 416 4437 che
446 4376 481 4438 la
511 4375 700 4437 clementia
732 4376 777 4437 de
803 4372 853 4437 Su
878 4369 1018 4436 Santita
1041 4371 1063 4435 l’
1077 4373 1277 4435 absolverit.
1325 4371 1374 4434 Se

109 4488 224 4553 questo
248 4481 416 4561 adviene,
445 4483 515 4544 ben
546 4482 664 4544 vorrei
689 4482 754 4545 che
780 4483 826 4543 da
850 4480 911 4563 poi
934 4480 1025 4543 fatto
1050 4482 1085 4542 la
1108 4478 1230 4543 debita
1254 4501 1372 4562 repre·

108 4579 265 4650 honsione
288 4609 327 4651 se
350 4586 375 4649 li
399 4588 537 4651 facesse
561 4588 677 4671 gratia
700 4608 766 4670 per
789 4608 860 4651 non
894 4596 1043 4651 mettere
1073 4586 1108 4649 in
1143 4586 1372 4668 desperation

108 4686 127 4748 li
148 4690 284 4763 homini.

186 4797 403 4865 Similmente
440 4803 586 4865 intendo
622 4803 680 4865 del
718 4821 919 4884 compagno
956 4822 1020 4865 suo
1045 4802 1251 4864 Pirchemer
1282 4820 1372 4881 gran

107 4904 282 4971 lutherano
304 4930 414 4973 ancor·
437 4910 484 4972 lui
510 4911 629 4972 dottor
648 4926 684 4972 et
705 4908 857 4973 Senator
882 4911 927 4971 de
946 4908 1194 4988 Noremberga
1217 4908 1246 4969 si
1270 4918 1374 4971 trova
