3425 5700
790 591 1019 648 ἨΜΒΕΉ

264 756 333 818 quo
356 736 436 799 libri
461 738 637 801 lutherani
663 739 779 802 multis
802 739 838 801 in
863 739 950 802 locis
975 749 1055 801 sunt
1080 738 1263 802 combusti.
1299 739 1404 802 Unde
1427 739 1462 802 in
1480 761 1547 802 nos

263 852 399 906 tantum
424 854 478 907 est
503 844 575 907 odii
608 847 821 910 concitatum
854 869 876 910 a
908 845 1096 910 Germanis
1128 846 1207 926 tuiS,
1236 857 1273 908 ut
1303 867 1373 909 non
1407 850 1546 928 absque

264 970 394 1031 magno
428 952 586 1033 periculo
618 953 672 1015 his
703 953 739 1016 in
770 954 857 1017 locis
892 955 1033 1034 degam:
1071 953 1206 1016 obsisto
1231 962 1348 1017 tamen
1374 965 1545 1036 quantum

263 1077 425 1138 possum,
458 1059 563 1121 unica
593 1068 728 1123 tantum
754 1061 967 1124 christianae
991 1060 1135 1142 pietatis
1160 1070 1196 1123 et
1219 1060 1401 1142 religionis
1426 1081 1545 1133 causa,

265 1184 378 1245 neque
415 1166 486 1227 ulla
520 1185 596 1228 sum
631 1166 836 1230 discrimina
872 1177 932 1230 aut
970 1167 1076 1230 etiam
1114 1175 1245 1230 mortes
1281 1167 1543 1231 formidaturus.

263 1270 430 1351 Quotidie
462 1292 553 1334 nova
587 1272 644 1335 hic
675 1274 800 1354 pluunt
834 1273 979 1336 Lutheri
1016 1274 1249 1336 deliramenta
1286 1284 1321 1336 et
1355 1276 1543 1337 multorum

262 1377 410 1440 aliorum
443 1398 598 1457 venena,
632 1379 713 1442 libri
746 1391 935 1462 praeterea
959 1381 1087 1444 famosi
1112 1392 1146 1444 et
1169 1382 1205 1443 in
1230 1402 1286 1444 me
1311 1381 1543 1464 potissimum,

262 1484 390 1565 quibus
419 1494 554 1548 tantum
588 1489 690 1549 abest
720 1497 758 1550 ut
790 1509 936 1551 movear
959 1499 997 1550 ut
1020 1488 1174 1570 pessime
1199 1509 1334 1552 mecum
1360 1498 1475 1551 actum
1500 1488 1542 1550 iri

261 1610 475 1672 cognoscam
500 1592 529 1655 si
553 1595 599 1654 ab
622 1593 865 1657 huiuscemodi
890 1595 1122 1676 scriptoribus
1146 1597 1327 1668 laudarer;
1354 1597 1444 1658 adeo
1462 1607 1543 1659 sunt

262 1699 380 1762 omnia
411 1701 518 1782 plena
548 1701 811 1763 mendaciorum
836 1712 872 1764 et
896 1701 1147 1784 frigidissimae
1173 1703 1368 1766 calumniae
1393 1723 1463 1784 qua
1487 1724 1541 1766 me

261 1806 435 1885 Judaeum
467 1817 527 1870 aut
557 1827 682 1870 recens
713 1809 823 1870 lotum
849 1817 998 1889 vocant,
1032 1810 1132 1890 quasi
1157 1809 1342 1892 ignoretur
1366 1810 1483 1891 patria
1507 1820 1542 1872 et

259 1925 429 1995 parentes
453 1914 537 1994 mei,
569 1914 647 1995 qui,
673 1935 719 1978 ex
743 1916 1010 1978 Marchionibus
1035 1915 1175 1979 Pilosae
1200 1926 1323 1998 petrae
1349 1917 1383 1978 in
1408 1917 1542 1980 Histria

261 2029 296 2084 et
321 2007 685 2085 comitibus'Leandri
711 2022 896 2102 oriundus,
928 2033 987 2086 aut
1011 2023 1155 2087 fuissem
1182 2043 1250 2104 ego
1274 2024 1307 2086 in
1334 2025 1541 2087 canonicum

262 2127 495 2191 Leodiensem
520 2138 685 2211 receptus
708 2133 861 2211 probata
886 2129 992 2193 etiam
1017 2131 1324 2214 examinatissimis
1348 2143 1384 2194 et
1407 2132 1540 2194 iuratis·

262 2235 357 2297 simis
390 2235 540 2298 testibus
571 2256 590 2298 e
622 2246 772 2317 quatuor
805 2233 990 2317 Capitibus
1023 2238 1223 2313 nobilitate,
1257 2239 1286 2301 si
1321 2241 1541 2319 neophaetus

263 2363 386 2405 essem.
441 2342 534 2405 Vide
565 2342 746 2405 hominum
775 2343 1159 2424 impudentissimorum
1193 2345 1413 2426 ineptissima
1450 2367 1539 2408 com-

262 2461 390 2511 menta.
429 2449 574 2530 Alioqui
591 2471 645 2512 me
665 2450 812 2512 laudant
835 2471 856 2512 a
880 2451 1081 2532 linguarum
1106 2451 1220 2533 copia,
1246 2452 1424 2514 literarum
1443 2452 1541 2515 varia

262 2555 461 2618 eruditione
486 2556 543 2619 isti
568 2568 795 2621 accusatores
818 2557 897 2639 mei,
926 2578 996 2639 qua
1019 2559 1238 2641 potissimum
1262 2569 1364 2640 parte
1388 2581 1444 2622 me
1468 2581 1539 2622 car-

261 2683 347 2744 pere
381 2673 557 2746 poterant.
612 2664 689 2742 Jam
719 2685 805 2726 vero
838 2667 882 2726 de
915 2665 1128 2728 carminibus
1152 2665 1236 2747 quid
1261 2666 1381 2729 dicas?
1428 2667 1539 2748 Quale

261 2771 311 2834 sic
336 2770 423 2833 illud
439 2770 658 2834 Callinoeum
682 2782 719 2833 et
742 2792 845 2834 ovem
870 2771 1038 2834 simulans
1061 2773 1199 2835 hostica
1224 2783 1351 2836 cuncta
1367 2785 1481 2857 parat,
1503 2773 1538 2834 in

262 2878 359 2940 cuius
390 2879 507 2959 capite
539 2879 608 2940 duo
640 2879 768 2941 desunt
801 2889 972 2961 tempora.
1021 2880 1065 2943 Et
1089 2883 1238 2944 alterum
1270 2881 1388 2944 exurit
1419 2882 1537 2960 libros,

261 2986 375 3066 magis
399 2987 602 3048 exurendus
626 2996 663 3048 at
684 2985 772 3067 ipse.
805 2987 856 3049 At
879 2987 1054 3068 particula
1078 2989 1201 3069 pulcre
1228 2988 1370 3051 refersit
1386 2988 1539 3051 hiulcum

262 3112 413 3155 carmen.

367 3198 420 3260 En
445 3198 518 3278 tibi,
539 3199 622 3261 Ecci
647 3199 865 3279 suavissime,
890 3201 957 3263 mei
983 3204 1258 3275 obtrectatores;
1284 3223 1328 3265 en
1352 3201 1403 3265 tui
1428 3198 1539 3264 ‹iicon-

260 3301 471 3384 ὂρομάστιγες
503 3318 627 3369 contra
657 3327 746 3387 quos
779 3307 861 3393 (nisi
892 3308 1058 3371 fortiores
1090 3310 1245 3390 veniant)
1279 3309 1344 3373 etsi
1368 3330 1439 3372 non
1464 3329 1540 3372 sum

261 3432 357 3474 arma
388 3423 589 3494 sumpturus
617 3434 722 3494 quam
746 3414 782 3476 in
806 3414 1007 3477 anniculum
1031 3414 1202 3478 infantem
1227 3414 1329 3478 fortis
1354 3415 1480 3497 aliquis
1504 3428 1540 3478 et

260 3529 414 3582 armatus
446 3520 564 3598 miles,
597 3540 667 3583 non
699 3532 816 3584 tamen
848 3542 988 3603 sperem
1022 3543 1076 3587 me
1108 3523 1276 3586 cohibere
1308 3543 1415 3604 posse
1443 3544 1539 3587 meos

260 3646 390 3688 vernas
414 3626 497 3707 quin
522 3629 741 3709 respondant
762 3637 797 3690 et
813 3629 1054 3711 hujuscemodi
1074 3630 1260 3711 mancipia,
1287 3630 1414 3711 quibus
1429 3630 1539 3711 digna

260 3744 340 3793 sunt
372 3731 495 3814 flagris
527 3733 733 3798 inscribant.
782 3734 855 3798 Sed
888 3736 932 3798 de
963 3737 1018 3798 his
1050 3736 1153 3818 nugis
1179 3739 1260 3818 plus
1284 3738 1377 3802 satis.
1426 3738 1539 3817 Nunc,

260 3840 304 3902 mi
329 3839 423 3918 Ecci,
447 3840 529 3921 quia
554 3841 644 3904 scire
668 3841 779 3923 cupiS,
804 3843 888 3923 quid
914 3842 969 3905 hic
994 3854 1131 3923 agatur,
1160 3845 1251 3907 scias
1276 3844 1380 3907 velim
1406 3855 1538 3907 tantam

258 3947 315 4008 hic
347 3968 425 4009 esse
457 3948 597 4029 copiam
622 3949 903 4012 Lutheranorum
936 3960 973 4011 ut
1005 3970 1073 4012 non
1097 3951 1259 4013 homines
1284 3954 1388 4014 modo
1418 3973 1540 4014 omnes

259 4056 323 4117 sed
354 4066 389 4117 et
421 4054 557 4136 lapides
589 4066 625 4118 et
654 4056 752 4138 ligna
785 4056 976 4118 Lutherum
1010 4058 1172 4119 clament.
1227 4057 1352 4139 Neque
1384 4060 1429 4120 de
1460 4079 1538 4140 pro·

259 4164 387 4243 phanis
411 4162 553 4243 mirum,
587 4184 692 4245 quum
718 4163 924 4226 sacerdotes
949 4164 1015 4244 ipsi
1040 4164 1118 4225 sint·
1134 4164 1166 4225 in
1193 4166 1259 4227 hac
1285 4164 1361 4227 acie
1387 4164 1539 4248 primipi-

259 4271 365 4349 lareS,
391 4282 572 4352 nontam,
597 4281 634 4332 ut
659 4272 815 4333 Luthero
849 4270 996 4333 foveant
1021 4272 1267 4351 (perniciosum
1298 4273 1364 4333 hoc
1388 4271 1540 4334 hominis

260 4375 467 4463 monstrum)
491 4398 596 4458 quam
621 4390 658 4440 ut
683 4398 747 4460 per
763 4376 957 4439 Lutherum
981 4377 1152 4459 quidquid
1177 4377 1306 4440 veneni
1332 4378 1390 4439 diu
1416 4398 1538 4441 conce-

258 4496 387 4566 perunt
420 4484 454 4547 in
487 4486 621 4548 Urbem
649 4485 802 4548 Romam
837 4494 874 4546 et
906 4486 1128 4564 sacerdoteS,
1163 4484 1199 4546 id
1231 4505 1321 4547 nunc
1355 4485 1541 4548 effundant

257 4602 355 4653 tanta
380 4592 542 4670 vesania,
578 4602 615 4654 ut
645 4591 712 4654 nisi
737 4591 870 4655 Caesar
901 4592 1053 4654 omnium
1085 4591 1283 4654 mortalium
1317 4591 1470 4674 optimus
1504 4603 1542 4655 et

258 4698 544 4781 religiosissimus
568 4702 697 4777 obstet,
721 4698 956 4762 miserandam
980 4698 1089 4761 visuri
1106 4718 1224 4761 sumus
1240 4698 1275 4760 in
1293 4698 1454 4761 Ecclesia
1471 4701 1540 4763 Dei

258 4806 513 4885 calamitatem,
549 4807 611 4867 sed
647 4826 726 4867 cum
762 4823 892 4885 magno
926 4815 961 4868 et
994 4805 1108 4886 primo
1142 4806 1400 4869 Germanorum
1434 4808 1540 4870 malo.

259 4912 479 4975 Decreverat
502 4932 616 4995 nuper
631 4913 763 4977 Caesar
786 4912 989 4994 imperiales
1014 4912 1110 4974 diras
1135 4912 1169 4976 in
1187 4914 1380 4977 Lutherum
1404 4923 1440 4976 et
1465 4914 1541 4978 eius
