3425 5700
667 577 914 636 samaa

168 728 329 793 infidelem
353 729 499 809 reddat,
524 727 660 792 animas
684 728 828 810 perdat,
853 726 943 790 sicut
966 726 1191 791 Maumethus
1214 737 1267 791 tot
1290 727 1429 810 provin·

168 834 231 899 cias
257 843 291 898 et
320 835 421 918 quasi
444 836 611 899 mundum
642 854 663 896 a
688 832 828 896 Christo
853 833 1051 916 separavit,
1087 854 1166 898 cum
1196 835 1431 899 daemonibus

168 943 286 1023 ligavit.
334 942 572 1024 Quamobrem
608 941 728 1005 dilecti
762 939 813 1003 fili
848 961 915 1004 nos
950 940 1079 1022 quibus
1102 941 1275 1005 Dominus
1309 952 1432 1006 noster

168 1051 274 1132 gregis
305 1051 359 1113 sui
383 1071 503 1113 curam
534 1069 578 1112 ne
604 1056 850 1130 corrumpatur
880 1057 917 1110 et
939 1058 1065 1130 pereat
1094 1050 1242 1112 credere
1266 1048 1431 1131 dignatus

168 1165 223 1236 est,
244 1155 462 1219 nobilitatem
485 1166 581 1219 tuam
605 1156 787 1218 hortamur
810 1153 847 1217 in
863 1154 1017 1218 Domino
1042 1164 1077 1217 et
1096 1155 1317 1236 perviscera
1330 1156 1431 1219 mise·

168 1262 327 1326 ricordiae
351 1261 550 1327 Salvatoris
582 1261 693 1324 nostri
724 1263 952 1323 obsecramus
984 1271 1091 1344 atque
1122 1265 1360 1344 obtestamur,
1393 1273 1433 1326 ut

168 1387 224 1448 pro
245 1379 303 1432 tua
317 1369 458 1449 virtute,
482 1388 548 1450 pro
573 1377 634 1431 tua
657 1367 695 1430 in
712 1367 939 1430 christianam
959 1368 1168 1450 religionem
1185 1370 1329 1452 pietate,
1352 1391 1431 1452 pro·

168 1495 228 1556 que
248 1487 307 1540 tuo
328 1497 397 1558 quo
415 1475 612 1539 charissimi
627 1475 664 1537 in
681 1473 823 1538 Christo
848 1473 906 1536 filii
925 1475 1038 1538 nostri
1052 1475 1171 1538 Caroli
1187 1476 1432 1539 Romanorum
1515 1537 1527 1552 ‚

168 1581 270 1665 Regis
293 1583 329 1646 in
353 1582 609 1666 Imperatorem
634 1581 756 1658 electi,
782 1578 887 1644 Sedis
910 1581 1144 1663 Apostolicae
1167 1583 1351 1664 advocati,
1383 1594 1433 1647 te·

168 1689 249 1752 neris
272 1688 402 1770 officio,
425 1690 517 1752 hanc
532 1708 651 1752 curam
667 1708 772 1769 quam
787 1687 878 1752 tanti
893 1689 996 1751 vides
1020 1708 1098 1752 esse
1114 1691 1282 1753 momenti
1298 1691 1434 1754 cunctis

168 1795 226 1858 tuis
248 1795 340 1859 curis
364 1815 435 1858 una
458 1816 537 1859 cum
554 1815 639 1858 cura
663 1805 787 1858 contra
801 1795 1090 1858 immanissimum
1104 1797 1299 1860 Turcarum
1314 1808 1432 1880 tyran-

168 1923 238 1966 num
261 1905 549 1986 anteponendam
574 1903 699 1976 ducas;
724 1902 875 1984 huicque
899 1901 935 1964 in
959 1901 1133 1984 religione
1157 1903 1351 1967 christiana
1373 1903 1433 1967 im·

167 2012 326 2090 pendenti
350 2009 558 2088 calamitati,
589 2009 784 2072 imminenti
806 2009 974 2072 incendio
997 2029 1039 2072 ac
1064 2008 1276 2074 Germaniae
1299 2011 1334 2074 in
1358 2021 1434 2075 toto

168 2119 243 2179 orbe
266 2116 482 2198 ignominiae
507 2125 678 2196 mentem,
715 2115 968 2198 cogitationes,
1004 2116 1250 2181 auctoritatem
1282 2129 1317 2182 et
1340 2119 1436 2182 vires

168 2232 236 2287 tuas
259 2233 462 2304 convertas,
497 2222 567 2286 illis
591 2222 686 2286 omni
710 2223 826 2286 studio
852 2233 888 2286 et
912 2222 1096 2305 diligentia
1125 2223 1291 2306 invigiles
1315 2246 1433 2289 occur·

168 2349 226 2394 ras.
264 2332 388 2413 Itaque
413 2331 443 2394 si
464 2329 606 2393 Ulricus
630 2338 666 2394 et
689 2349 861 2413 sequaces
885 2341 1013 2412 sponte
1037 2350 1101 2393 sua
1125 2343 1161 2393 et
1183 2333 1436 2396 monitionibus

168 2438 228 2501 tuis
249 2441 294 2502 ad
319 2459 391 2518 cor,
415 2439 461 2500 ad
486 2436 673 2517 Christum,
698 2438 744 2500 ad
767 2457 832 2500 nos
856 2446 893 2500 et
915 2438 1008 2500 hanc
1031 2435 1201 2501 Sanctam
1216 2437 1346 2503 Sedem
1369 2460 1437 2523 pro

169 2565 207 2608 eo
228 2546 322 2609 vices
355 2554 522 2627 gerentes
554 2565 662 2627 quum
694 2546 869 2608 nollemus
892 2555 1040 2608 mortem
1069 2547 1270 2627 peccatoris
1302 2549 1364 2610 sed
1398 2555 1438 2609 ut

169 2664 385 2717 convertatur
417 2662 453 2716 et
475 2653 589 2733 vivat,
626 2651 775 2734 reverti,
811 2652 999 2715 veritatem
1023 2672 1219 2734 agnoscere
1247 2656 1436 2734 noluerint,

169 2769 224 2822 aut
244 2770 383 2824 nostros
407 2781 489 2843 ymo
514 2759 644 2823 Christi
668 2759 815 2822 nuncios
831 2757 975 2823 Ordinis
999 2759 1284 2841 praedicatorum
1308 2761 1438 2824 fratres

170 2868 210 2929 ad
228 2869 501 2950 praedicandum
516 2878 576 2931 aut
597 2868 822 2950 evangelium
839 2868 1050 2948 docendum,
1074 2868 1260 2931 veritatem
1277 2868 1437 2951 aperien-

171 2974 259 3051 dam,
294 2976 474 3039 erroribus
507 2986 543 3039 et
565 2976 773 3038 haeresibus
797 2974 1033 3038 resistendum
1065 2975 1190 3038 missos
1224 2976 1260 3039 in
1284 2997 1439 3059 persona

169 3082 223 3142 vel
249 3082 349 3145 bonis
378 3084 497 3163 palam
529 3092 589 3145 aut
622 3084 712 3146 clam
744 3082 1013 3163 quomodolibet
1043 3080 1179 3145 iniuriis
1209 3094 1270 3145 aut
1301 3084 1439 3147 damnis

171 3184 314 3253 afficere.
338 3190 532 3253 bellatores
555 3198 617 3251 aut
641 3188 729 3252 alios
754 3198 880 3251 contra
903 3189 1048 3251 eosdem
1072 3189 1251 3253 concitare
1274 3209 1438 3272 perseve-

172 3295 337 3378 raven'nt,
362 3297 507 3359 eosdem
530 3307 698 3379 tanquam
722 3295 852 3360 Christi
875 3305 1151 3378 persequutores
1175 3297 1266 3359 adeo
1291 3296 1438 3379 compri-

172 3420 240 3463 mas
268 3412 306 3464 ut
345 3404 489 3467 tandem
521 3412 614 3467 metu
656 3423 795 3486 poenae
829 3424 851 3466 a
883 3402 1027 3465 Diaboli
1058 3403 1194 3485 laqueis
1228 3402 1440 3486 resipiscant

174 3528 278 3591 neque
306 3509 432 3572 fideles
456 3508 585 3573 Christi
616 3508 763 3573 ulterius
794 3512 984 3574 molestare
1014 3510 1162 3592 possint.
1209 3510 1315 3590 Jubet
1347 3511 1439 3574 enim

174 3614 334 3681 Dominus
357 3616 497 3700 impleri
520 3617 631 3681 facies
656 3638 777 3681 eorum
799 3616 998 3700 ignominia
1021 3626 1057 3680 et
1077 3619 1122 3680 ad
1138 3619 1253 3681 Deum
1268 3618 1440 3682 converti.

252 3725 358 3789 Dolet
389 3726 591 3788 orthodoxa
620 3723 710 3788 fides
733 3725 990 3807 Redemptoris
1020 3735 1133 3789 morte
1165 3726 1199 3787 in
1224 3746 1328 3789 cruce
1359 3744 1440 3789 con·

176 3829 285 3895 stituta
309 3833 506 3914 Apostolos
535 3851 625 3903 suos
649 3832 686 3896 in
712 3830 904 3896 Germania
926 3832 1083 3914 benigne
1116 3852 1157 3894 ac
1183 3833 1355 3896 catholice
1388 3852 1440 3895 re·

176 3936 238 4017 cipi
265 3948 454 4003 consuetos
486 3938 795 4021 persecutionibus
826 3958 920 4002 nunc
953 3948 989 4001 et
1013 3939 1215 4021 opprobriis
1247 3938 1359 4018 affici,
1395 3940 1441 4001 ab

176 4042 228 4107 illa
250 4046 397 4129 expelli;
431 4046 504 4109 Nos
528 4058 647 4109 autem
670 4066 736 4128 pro
760 4066 803 4109 ea
827 4066 898 4128 qua
921 4054 957 4109 te
981 4044 1172 4108 dilectione
1195 4046 1443 4127 prosequimur

179 4161 208 4213 et
228 4172 271 4216 ex
286 4152 539 4236 omnipotentis
555 4152 623 4217 Dei
646 4162 840 4233 nostraque
864 4162 901 4216 et
923 4151 1026 4215 huius
1043 4149 1197 4215 Sanctae
1215 4150 1320 4216 Sedis
1340 4162 1443 4235 parte

179 4256 394 4324 Nobilitatem
418 4272 513 4324 tuam
538 4282 585 4324 ex
608 4260 828 4323 abundantia
847 4258 1032 4323 charitatis
1048 4259 1258 4341 requirimus
1282 4280 1324 4323 ac
1340 4279 1443 4341 roga·

179 4386 243 4429 mus
266 4380 302 4431 ut
320 4369 607 4451 praedicatorum
623 4366 792 4431 fratribus
807 4366 991 4430 Ecclesiae
1006 4367 1076 4430 Dei
1092 4365 1246 4431 Sanctae
1263 4376 1299 4430 et
1314 4367 1442 4431 Christi

179 4474 300 4538 nunciis
333 4474 447 4537 missis
477 4484 537 4537 tua
567 4472 820 4537 benevolentia
843 4473 985 4555 faveas,
1021 4494 1083 4537 eos
1106 4473 1254 4537 adiuves
1288 4483 1323 4537 et
1352 4475 1443 4538 adeo

179 4588 336 4664 protegas
359 4602 401 4644 ac
426 4600 618 4645 conserves
648 4589 686 4644 ut
710 4589 850 4645 nostras
874 4590 911 4643 et
933 4580 1037 4644 huius
1060 4578 1216 4645 Sanctae
1240 4578 1344 4643 Sedis
1368 4602 1444 4644 san·

181 4685 302 4753 ctiones
333 4707 428 4771 quae
450 4688 519 4752 Dei
542 4690 709 4751 mandata
740 4698 838 4769 sunt,
870 4698 907 4750 et
929 4686 1060 4751 Christi
1084 4686 1319 4768 Evangelium
1349 4708 1444 4752 crea·

180 4795 255 4857 turis
277 4794 489 4860 Germaniae
513 4804 588 4859 tute
613 4795 744 4877 ubique
769 4794 994 4876 praedicare,
1020 4796 1167 4876 docere,
1198 4794 1310 4858 Ulrici
1334 4805 1370 4858 et
1393 4816 1444 4859 se·

181 4904 328 4981 quacium
361 4924 501 4967 errores
525 4904 670 4967 abolere
702 4901 857 4984 possint,
893 4912 931 4964 ut
963 4900 1044 4964 talis
1067 4900 1231 4985 impietas
1262 4912 1298 4966 et
1321 4913 1447 4967 contra
