<?xml version="1.0" encoding="UTF-8"?>
<!DOCTYPE html PUBLIC "-//W3C//DTD XHTML 1.0 Transitional//EN"
    "http://www.w3.org/TR/xhtml1/DTD/xhtml1-transitional.dtd">
<html xmlns="http://www.w3.org/1999/xhtml" xml:lang="en" lang="en">
 <head>
  <title>
</title>
<meta http-equiv="Content-Type" content="text/html;charset=utf-8" />
  <meta name='ocr-system' content='tesseract 3.04.00' />
  <meta name='ocr-capabilities' content='ocr_page ocr_carea ocr_par ocr_line ocrx_word'/>
</head>
<body>
  <div class='ocr_page' id='page_1' title='image "./monumentareform00unkngoog_0197.png"; bbox 0 0 3425 5700; ppageno 0'>
   <div class='ocr_carea' id='block_1_1' title="bbox 647 554 895 641">
    <p class='ocr_par' dir='ltr' id='par_1_1' title="bbox 647 554 895 641">
     <span class='ocr_line' id='line_1_1' title="bbox 647 554 895 641; baseline -0.004 -1"><span class='ocrx_word' id='word_1_1' title='bbox 647 554 895 641; x_wconf 48' lang='lat' dir='ltr'>osiam</span> 
     </span>
    </p>
   </div>
   <div class='ocr_carea' id='block_1_2' title="bbox 125 718 1408 4962">
    <p class='ocr_par' dir='ltr' id='par_1_2' title="bbox 149 718 1408 1108">
     <span class='ocr_line' id='line_1_2' title="bbox 152 718 1407 806; baseline 0.008 -25"><span class='ocrx_word' id='word_1_2' title='bbox 152 731 254 785; x_wconf 86' lang='lat' dir='ltr'>tenuto</span> <span class='ocrx_word' id='word_1_3' title='bbox 278 723 338 804; x_wconf 92' lang='lat' dir='ltr'>qui</span> <span class='ocrx_word' id='word_1_4' title='bbox 362 724 410 786; x_wconf 91' lang='lat' dir='ltr'>da</span> <span class='ocrx_word' id='word_1_5' title='bbox 432 725 512 786; x_wconf 90' lang='lat' dir='ltr'>tutti</span> <span class='ocrx_word' id='word_1_6' title='bbox 534 744 624 804; x_wconf 89' lang='lat' dir='ltr'>gran</span> <span class='ocrx_word' id='word_1_7' title='bbox 649 724 864 806; x_wconf 85' lang='lat' dir='ltr'>buggiard0‚</span> <span class='ocrx_word' id='word_1_8' title='bbox 888 725 1078 787; x_wconf 90' lang='lat' dir='ltr'>tuttavolta</span> <span class='ocrx_word' id='word_1_9' title='bbox 1100 732 1200 789; x_wconf 88' lang='lat' dir='ltr'>tanta</span> <span class='ocrx_word' id='word_1_10' title='bbox 1223 727 1240 789; x_wconf 76' lang='grc' dir='ltr'><em>ὲ</em></span> <span class='ocrx_word' id='word_1_11' title='bbox 1262 729 1297 791; x_wconf 86' lang='lat' dir='ltr'>la</span> <span class='ocrx_word' id='word_1_12' title='bbox 1316 718 1407 792; x_wconf 80' lang='lat' dir='ltr'>inca·</span> 
     </span>
     <span class='ocr_line' id='line_1_3' title="bbox 150 828 1408 912; baseline 0.005 -21"><span class='ocrx_word' id='word_1_13' title='bbox 150 840 243 910; x_wconf 87' lang='lat' dir='ltr'>gnata</span> <span class='ocrx_word' id='word_1_14' title='bbox 264 829 431 893; x_wconf 85' lang='lat' dir='ltr'>affetione</span> <span class='ocrx_word' id='word_1_15' title='bbox 456 832 501 893; x_wconf 93' lang='lat' dir='ltr'>de</span> <span class='ocrx_word' id='word_1_16' title='bbox 525 831 606 893; x_wconf 88' lang='lat' dir='ltr'>tutti</span> <span class='ocrx_word' id='word_1_17' title='bbox 629 831 743 911; x_wconf 86' lang='lat' dir='ltr'>questi</span> <span class='ocrx_word' id='word_1_18' title='bbox 768 830 893 912; x_wconf 89' lang='lat' dir='ltr'>populi</span> <span class='ocrx_word' id='word_1_19' title='bbox 909 850 1012 893; x_wconf 91' lang='lat' dir='ltr'>verso</span> <span class='ocrx_word' id='word_1_20' title='bbox 1029 828 1183 895; x_wconf 90' lang='lat' dir='ltr'>Luthero</span> <span class='ocrx_word' id='word_1_21' title='bbox 1208 833 1273 895; x_wconf 89' lang='lat' dir='ltr'>che</span> <span class='ocrx_word' id='word_1_22' title='bbox 1290 836 1408 897; x_wconf 93' lang='lat' dir='ltr'>crede-</span> 
     </span>
     <span class='ocr_line' id='line_1_4' title="bbox 150 937 1407 1019; baseline 0.006 -22"><span class='ocrx_word' id='word_1_23' title='bbox 150 938 289 999; x_wconf 88' lang='lat' dir='ltr'>rebbeno</span> <span class='ocrx_word' id='word_1_24' title='bbox 313 940 349 1000; x_wconf 86' lang='lat' dir='ltr'>al</span> <span class='ocrx_word' id='word_1_25' title='bbox 373 937 527 1018; x_wconf 82' lang='lat' dir='ltr'>diabolo,</span> <span class='ocrx_word' id='word_1_26' title='bbox 552 939 585 1001; x_wconf 93' lang='lat' dir='ltr'>el</span> <span class='ocrx_word' id='word_1_27' title='bbox 609 939 692 1019; x_wconf 92' lang='lat' dir='ltr'>qual</span> <span class='ocrx_word' id='word_1_28' title='bbox 717 937 775 1018; x_wconf 75' lang='lat' dir='ltr'>gia</span> <span class='ocrx_word' id='word_1_29' title='bbox 800 938 824 998; x_wconf 86' lang='lat' dir='ltr'>li</span> <span class='ocrx_word' id='word_1_30' title='bbox 850 937 1003 1019; x_wconf 85' lang='lat' dir='ltr'>domina,</span> <span class='ocrx_word' id='word_1_31' title='bbox 1028 940 1161 1018; x_wconf 77' lang='lat' dir='ltr'>purche</span> <span class='ocrx_word' id='word_1_32' title='bbox 1185 940 1321 1004; x_wconf 88' lang='lat' dir='ltr'>dicesse</span> <span class='ocrx_word' id='word_1_33' title='bbox 1338 943 1407 1005; x_wconf 89' lang='lat' dir='ltr'>ben</span> 
     </span>
     <span class='ocr_line' id='line_1_5' title="bbox 149 1042 355 1108; baseline 0.024 -6"><span class='ocrx_word' id='word_1_34' title='bbox 149 1042 177 1102; x_wconf 94' lang='lat' dir='ltr'>di</span> <span class='ocrx_word' id='word_1_35' title='bbox 197 1042 355 1108; x_wconf 81' lang='lat' dir='ltr'>Luthero</span> 
     </span>
    </p>

    <p class='ocr_par' dir='ltr' id='par_1_3' title="bbox 125 1151 1408 4962">
     <span class='ocr_line' id='line_1_6' title="bbox 222 1151 1406 1234; baseline 0.006 -22"><span class='ocrx_word' id='word_1_36' title='bbox 222 1151 479 1214; x_wconf 88' lang='lat' dir='ltr'>Haveressemo</span> <span class='ocrx_word' id='word_1_37' title='bbox 514 1162 652 1215; x_wconf 83' lang='lat' dir='ltr'>tentato</span> <span class='ocrx_word' id='word_1_38' title='bbox 688 1152 723 1213; x_wconf 90' lang='lat' dir='ltr'>di</span> <span class='ocrx_word' id='word_1_39' title='bbox 756 1151 917 1233; x_wconf 78' lang='lat' dir='ltr'>prohibit</span> <span class='ocrx_word' id='word_1_40' title='bbox 950 1154 1015 1215; x_wconf 88' lang='lat' dir='ltr'>che</span> <span class='ocrx_word' id='word_1_41' title='bbox 1041 1161 1166 1234; x_wconf 89' lang='lat' dir='ltr'>questo</span> <span class='ocrx_word' id='word_1_42' title='bbox 1190 1155 1312 1218; x_wconf 84' lang='lat' dir='ltr'>eraldo</span> <span class='ocrx_word' id='word_1_43' title='bbox 1337 1177 1406 1219; x_wconf 92' lang='lat' dir='ltr'>non</span> 
     </span>
     <span class='ocr_line' id='line_1_7' title="bbox 147 1255 1408 1340; baseline 0.006 -24"><span class='ocrx_word' id='word_1_44' title='bbox 147 1255 228 1320; x_wconf 82' lang='lat' dir='ltr'>fusse</span> <span class='ocrx_word' id='word_1_45' title='bbox 250 1260 428 1339; x_wconf 81' lang='lat' dir='ltr'>mandato,</span> <span class='ocrx_word' id='word_1_46' title='bbox 452 1280 510 1321; x_wconf 90' lang='lat' dir='ltr'>ma</span> <span class='ocrx_word' id='word_1_47' title='bbox 532 1258 601 1322; x_wconf 90' lang='lat' dir='ltr'>mai</span> <span class='ocrx_word' id='word_1_48' title='bbox 625 1258 662 1321; x_wconf 86' lang='lat' dir='ltr'>su</span> <span class='ocrx_word' id='word_1_49' title='bbox 687 1258 860 1340; x_wconf 90' lang='lat' dir='ltr'>possibile</span> <span class='ocrx_word' id='word_1_50' title='bbox 884 1259 1069 1322; x_wconf 82' lang='lat' dir='ltr'>intendere</span> <span class='ocrx_word' id='word_1_51' title='bbox 1094 1262 1140 1322; x_wconf 90' lang='lat' dir='ltr'>da</span> <span class='ocrx_word' id='word_1_52' title='bbox 1163 1260 1188 1321; x_wconf 91' lang='lat' dir='ltr'>li</span> <span class='ocrx_word' id='word_1_53' title='bbox 1204 1260 1408 1326; x_wconf 85' lang='lat' dir='ltr'>Caesariani</span> 
     </span>
     <span class='ocr_line' id='line_1_8' title="bbox 147 1366 1407 1449; baseline 0.009 -27"><span class='ocrx_word' id='word_1_54' title='bbox 147 1382 245 1443; x_wconf 88' lang='lat' dir='ltr'>neque</span> <span class='ocrx_word' id='word_1_55' title='bbox 268 1385 457 1445; x_wconf 87' lang='lat' dir='ltr'>personam</span> <span class='ocrx_word' id='word_1_56' title='bbox 482 1366 690 1429; x_wconf 90' lang='lat' dir='ltr'>mittendam</span> <span class='ocrx_word' id='word_1_57' title='bbox 714 1386 830 1447; x_wconf 91' lang='lat' dir='ltr'>neque</span> <span class='ocrx_word' id='word_1_58' title='bbox 856 1375 995 1448; x_wconf 89' lang='lat' dir='ltr'>tempus</span> <span class='ocrx_word' id='word_1_59' title='bbox 1020 1366 1207 1449; x_wconf 62' lang='lat' dir='ltr'>discessus</span> <span class='ocrx_word' id='word_1_60' title='bbox 1233 1371 1407 1433; x_wconf 74' lang='lat' dir='ltr'>ancorchd</span> 
     </span>
     <span class='ocr_line' id='line_1_9' title="bbox 146 1470 1406 1554; baseline 0.008 -24"><span class='ocrx_word' id='word_1_61' title='bbox 146 1470 225 1532; x_wconf 88' lang='lat' dir='ltr'>mille</span> <span class='ocrx_word' id='word_1_62' title='bbox 248 1471 415 1535; x_wconf 81' lang='lat' dir='ltr'>instantia</span> <span class='ocrx_word' id='word_1_63' title='bbox 438 1472 638 1554; x_wconf 85' lang='lat' dir='ltr'>facessimo‚</span> <span class='ocrx_word' id='word_1_64' title='bbox 671 1481 707 1535; x_wconf 92' lang='lat' dir='ltr'>et</span> <span class='ocrx_word' id='word_1_65' title='bbox 731 1474 839 1536; x_wconf 88' lang='lat' dir='ltr'>credo</span> <span class='ocrx_word' id='word_1_66' title='bbox 865 1475 931 1537; x_wconf 90' lang='lat' dir='ltr'>che</span> <span class='ocrx_word' id='word_1_67' title='bbox 956 1474 1175 1536; x_wconf 93' lang='lat' dir='ltr'>dubitavano</span> <span class='ocrx_word' id='word_1_68' title='bbox 1201 1495 1221 1537; x_wconf 98' lang='lat' dir='ltr'>o</span> <span class='ocrx_word' id='word_1_69' title='bbox 1246 1478 1311 1539; x_wconf 88' lang='lat' dir='ltr'>che</span> <span class='ocrx_word' id='word_1_70' title='bbox 1336 1498 1406 1540; x_wconf 92' lang='lat' dir='ltr'>non</span> 
     </span>
     <span class='ocr_line' id='line_1_10' title="bbox 145 1579 1406 1665; baseline 0.009 -30"><span class='ocrx_word' id='word_1_71' title='bbox 145 1579 402 1641; x_wconf 89' lang='lat' dir='ltr'>subornassemo</span> <span class='ocrx_word' id='word_1_72' title='bbox 426 1599 492 1660; x_wconf 87' lang='lat' dir='ltr'>per</span> <span class='ocrx_word' id='word_1_73' title='bbox 513 1580 636 1643; x_wconf 90' lang='lat' dir='ltr'>danari</span> <span class='ocrx_word' id='word_1_74' title='bbox 653 1582 752 1642; x_wconf 90' lang='lat' dir='ltr'>detto</span> <span class='ocrx_word' id='word_1_75' title='bbox 769 1583 902 1660; x_wconf 88' lang='lat' dir='ltr'>erald0‚</span> <span class='ocrx_word' id='word_1_76' title='bbox 927 1583 991 1644; x_wconf 91' lang='lat' dir='ltr'>che</span> <span class='ocrx_word' id='word_1_77' title='bbox 1010 1602 1086 1643; x_wconf 89' lang='lat' dir='ltr'>cum</span> <span class='ocrx_word' id='word_1_78' title='bbox 1104 1583 1254 1661; x_wconf 85' lang='lat' dir='ltr'>qualche</span> <span class='ocrx_word' id='word_1_79' title='bbox 1270 1586 1406 1665; x_wconf 89' lang='lat' dir='ltr'>parolle</span> 
     </span>
     <span class='ocr_line' id='line_1_11' title="bbox 145 1686 1407 1769; baseline 0.008 -26"><span class='ocrx_word' id='word_1_80' title='bbox 145 1703 203 1745; x_wconf 93' lang='lat' dir='ltr'>non</span> <span class='ocrx_word' id='word_1_81' title='bbox 226 1686 423 1749; x_wconf 91' lang='lat' dir='ltr'>deterreret</span> <span class='ocrx_word' id='word_1_82' title='bbox 446 1688 639 1750; x_wconf 88' lang='lat' dir='ltr'>Lutherum</span> <span class='ocrx_word' id='word_1_83' title='bbox 672 1689 718 1749; x_wconf 92' lang='lat' dir='ltr'>ab</span> <span class='ocrx_word' id='word_1_84' title='bbox 749 1688 905 1750; x_wconf 87' lang='lat' dir='ltr'>adventu</span> <span class='ocrx_word' id='word_1_85' title='bbox 934 1708 1038 1769; x_wconf 88' lang='lat' dir='ltr'>quem</span> <span class='ocrx_word' id='word_1_86' title='bbox 1062 1688 1119 1749; x_wconf 81' lang='lat' dir='ltr'>isti</span> <span class='ocrx_word' id='word_1_87' title='bbox 1148 1698 1231 1751; x_wconf 90' lang='lat' dir='ltr'>tunc</span> <span class='ocrx_word' id='word_1_88' title='bbox 1255 1690 1407 1753; x_wconf 88' lang='lat' dir='ltr'>maxime</span> 
     </span>
     <span class='ocr_line' id='line_1_12' title="bbox 143 1793 1406 1878; baseline 0.009 -29"><span class='ocrx_word' id='word_1_89' title='bbox 143 1794 311 1873; x_wconf 87' lang='lat' dir='ltr'>optabant,</span> <span class='ocrx_word' id='word_1_90' title='bbox 336 1802 373 1855; x_wconf 89' lang='lat' dir='ltr'>ut</span> <span class='ocrx_word' id='word_1_91' title='bbox 397 1793 485 1855; x_wconf 86' lang='lat' dir='ltr'>alias</span> <span class='ocrx_word' id='word_1_92' title='bbox 500 1793 607 1875; x_wconf 86' lang='lat' dir='ltr'>seipsi</span> <span class='ocrx_word' id='word_1_93' title='bbox 631 1802 666 1856; x_wconf 92' lang='lat' dir='ltr'>et</span> <span class='ocrx_word' id='word_1_94' title='bbox 690 1794 817 1857; x_wconf 90' lang='lat' dir='ltr'>adesso</span> <span class='ocrx_word' id='word_1_95' title='bbox 834 1796 942 1857; x_wconf 87' lang='lat' dir='ltr'>credo</span> <span class='ocrx_word' id='word_1_96' title='bbox 960 1797 1025 1858; x_wconf 90' lang='lat' dir='ltr'>che</span> <span class='ocrx_word' id='word_1_97' title='bbox 1042 1816 1080 1857; x_wconf 90' lang='lat' dir='ltr'>se</span> <span class='ocrx_word' id='word_1_98' title='bbox 1097 1797 1295 1878; x_wconf 81' lang='lat' dir='ltr'>repentino,</span> <span class='ocrx_word' id='word_1_99' title='bbox 1320 1818 1406 1861; x_wconf 87' lang='lat' dir='ltr'>over</span> 
     </span>
     <span class='ocr_line' id='line_1_13' title="bbox 142 1900 1405 1985; baseline 0.006 -27"><span class='ocrx_word' id='word_1_100' title='bbox 142 1916 179 1959; x_wconf 87' lang='lat' dir='ltr'>ne</span> <span class='ocrx_word' id='word_1_101' title='bbox 199 1902 422 1963; x_wconf 82' lang='lat' dir='ltr'>tenderemus</span> <span class='ocrx_word' id='word_1_102' title='bbox 446 1900 593 1963; x_wconf 80' lang='lat' dir='ltr'>insidias</span> <span class='ocrx_word' id='word_1_103' title='bbox 617 1900 774 1963; x_wconf 89' lang='lat' dir='ltr'>Luthero</span> <span class='ocrx_word' id='word_1_104' title='bbox 798 1902 833 1963; x_wconf 89' lang='lat' dir='ltr'>in</span> <span class='ocrx_word' id='word_1_105' title='bbox 857 1902 930 1982; x_wconf 88' lang='lat' dir='ltr'>via,</span> <span class='ocrx_word' id='word_1_106' title='bbox 956 1904 1052 1984; x_wconf 89' lang='lat' dir='ltr'>quod</span> <span class='ocrx_word' id='word_1_107' title='bbox 1076 1914 1193 1965; x_wconf 88' lang='lat' dir='ltr'>tamen</span> <span class='ocrx_word' id='word_1_108' title='bbox 1218 1911 1405 1985; x_wconf 87' lang='lat' dir='ltr'>utrumque</span> 
     </span>
     <span class='ocr_line' id='line_1_14' title="bbox 140 2002 1406 2089; baseline 0.007 -25"><span class='ocrx_word' id='word_1_109' title='bbox 140 2002 352 2070; x_wconf 89' lang='lat' dir='ltr'>falsissimum</span> <span class='ocrx_word' id='word_1_110' title='bbox 383 2008 519 2069; x_wconf 84' lang='lat' dir='ltr'>fuisset.</span> <span class='ocrx_word' id='word_1_111' title='bbox 567 2007 678 2070; x_wconf 91' lang='lat' dir='ltr'>Basta</span> <span class='ocrx_word' id='word_1_112' title='bbox 708 2008 773 2070; x_wconf 89' lang='lat' dir='ltr'>che</span> <span class='ocrx_word' id='word_1_113' title='bbox 811 2006 880 2070; x_wconf 90' lang='lat' dir='ltr'>mai</span> <span class='ocrx_word' id='word_1_114' title='bbox 917 2008 1109 2089; x_wconf 89' lang='lat' dir='ltr'>potessimo</span> <span class='ocrx_word' id='word_1_115' title='bbox 1142 2011 1186 2072; x_wconf 72' lang='lat' dir='ltr'>nd</span> <span class='ocrx_word' id='word_1_116' title='bbox 1218 2010 1338 2073; x_wconf 89' lang='lat' dir='ltr'>avanti</span> <span class='ocrx_word' id='word_1_117' title='bbox 1363 2011 1406 2073; x_wconf 73' lang='lat' dir='ltr'>nd</span> 
     </span>
     <span class='ocr_line' id='line_1_15' title="bbox 141 2111 1404 2196; baseline 0.007 -25"><span class='ocrx_word' id='word_1_118' title='bbox 141 2111 236 2193; x_wconf 91' lang='lat' dir='ltr'>dopoi</span> <span class='ocrx_word' id='word_1_119' title='bbox 258 2134 323 2195; x_wconf 89' lang='lat' dir='ltr'>per</span> <span class='ocrx_word' id='word_1_120' title='bbox 340 2114 440 2177; x_wconf 90' lang='lat' dir='ltr'>molti</span> <span class='ocrx_word' id='word_1_121' title='bbox 455 2116 490 2176; x_wconf 82' lang='lat' dir='ltr'>di</span> <span class='ocrx_word' id='word_1_122' title='bbox 506 2113 671 2176; x_wconf 87' lang='lat' dir='ltr'>intender</span> <span class='ocrx_word' id='word_1_123' title='bbox 686 2115 735 2176; x_wconf 87' lang='lat' dir='ltr'>tal</span> <span class='ocrx_word' id='word_1_124' title='bbox 752 2135 836 2177; x_wconf 85' lang='lat' dir='ltr'>cosa</span> <span class='ocrx_word' id='word_1_125' title='bbox 852 2136 917 2196; x_wconf 88' lang='lat' dir='ltr'>per</span> <span class='ocrx_word' id='word_1_126' title='bbox 935 2115 993 2178; x_wconf 85' lang='lat' dir='ltr'>via</span> <span class='ocrx_word' id='word_1_127' title='bbox 1008 2118 1144 2179; x_wconf 88' lang='lat' dir='ltr'>alcuna.</span> <span class='ocrx_word' id='word_1_128' title='bbox 1182 2117 1404 2180; x_wconf 89' lang='lat' dir='ltr'>Intendendo</span> 
     </span>
     <span class='ocr_line' id='line_1_16' title="bbox 138 2217 1405 2305; baseline 0.008 -28"><span class='ocrx_word' id='word_1_129' title='bbox 138 2217 159 2278; x_wconf 92' lang='lat' dir='ltr'>li</span> <span class='ocrx_word' id='word_1_130' title='bbox 176 2218 374 2284; x_wconf 86' lang='lat' dir='ltr'>Caesariani</span> <span class='ocrx_word' id='word_1_131' title='bbox 399 2222 464 2283; x_wconf 92' lang='lat' dir='ltr'>che</span> <span class='ocrx_word' id='word_1_132' title='bbox 488 2241 556 2302; x_wconf 91' lang='lat' dir='ltr'>pur</span> <span class='ocrx_word' id='word_1_133' title='bbox 571 2220 705 2283; x_wconf 88' lang='lat' dir='ltr'>Luther</span> <span class='ocrx_word' id='word_1_134' title='bbox 728 2242 790 2283; x_wconf 88' lang='lat' dir='ltr'>era</span> <span class='ocrx_word' id='word_1_135' title='bbox 812 2242 878 2302; x_wconf 89' lang='lat' dir='ltr'>per</span> <span class='ocrx_word' id='word_1_136' title='bbox 892 2224 993 2285; x_wconf 90' lang='lat' dir='ltr'>venir</span> <span class='ocrx_word' id='word_1_137' title='bbox 1017 2223 1061 2285; x_wconf 91' lang='lat' dir='ltr'>de</span> <span class='ocrx_word' id='word_1_138' title='bbox 1077 2235 1187 2305; x_wconf 86' lang='lat' dir='ltr'>certo,</span> <span class='ocrx_word' id='word_1_139' title='bbox 1210 2243 1315 2305; x_wconf 90' lang='lat' dir='ltr'>parse</span> <span class='ocrx_word' id='word_1_140' title='bbox 1340 2226 1405 2287; x_wconf 91' lang='lat' dir='ltr'>che</span> 
     </span>
     <span class='ocr_line' id='line_1_17' title="bbox 140 2327 1405 2411; baseline 0.006 -25"><span class='ocrx_word' id='word_1_141' title='bbox 140 2338 321 2392; x_wconf 84' lang='lat' dir='ltr'>restassero</span> <span class='ocrx_word' id='word_1_142' title='bbox 351 2328 433 2391; x_wconf 89' lang='lat' dir='ltr'>tutti</span> <span class='ocrx_word' id='word_1_143' title='bbox 462 2327 603 2390; x_wconf 88' lang='lat' dir='ltr'>attoniti</span> <span class='ocrx_word' id='word_1_144' title='bbox 627 2329 758 2409; x_wconf 70' lang='lat' dir='ltr'>perche</span> <span class='ocrx_word' id='word_1_145' title='bbox 787 2348 897 2391; x_wconf 88' lang='lat' dir='ltr'>erano</span> <span class='ocrx_word' id='word_1_146' title='bbox 921 2341 1089 2411; x_wconf 88' lang='lat' dir='ltr'>utsupra</span> <span class='ocrx_word' id='word_1_147' title='bbox 1114 2330 1188 2391; x_wconf 85' lang='lat' dir='ltr'>dixi</span> <span class='ocrx_word' id='word_1_148' title='bbox 1213 2331 1335 2393; x_wconf 89' lang='lat' dir='ltr'>mutati</span> <span class='ocrx_word' id='word_1_149' title='bbox 1360 2333 1405 2395; x_wconf 87' lang='lat' dir='ltr'>de</span> 
     </span>
     <span class='ocr_line' id='line_1_18' title="bbox 138 2434 1405 2516; baseline 0.003 -20"><span class='ocrx_word' id='word_1_150' title='bbox 138 2436 309 2515; x_wconf 89' lang='lat' dir='ltr'>proposito</span> <span class='ocrx_word' id='word_1_151' title='bbox 335 2437 393 2498; x_wconf 86' lang='lat' dir='ltr'>dal</span> <span class='ocrx_word' id='word_1_152' title='bbox 418 2434 595 2498; x_wconf 89' lang='lat' dir='ltr'>desiderio</span> <span class='ocrx_word' id='word_1_153' title='bbox 619 2435 734 2516; x_wconf 88' lang='lat' dir='ltr'>primo</span> <span class='ocrx_word' id='word_1_154' title='bbox 758 2438 824 2497; x_wconf 89' lang='lat' dir='ltr'>che</span> <span class='ocrx_word' id='word_1_155' title='bbox 857 2438 1020 2499; x_wconf 85' lang='lat' dir='ltr'>haveano</span> <span class='ocrx_word' id='word_1_156' title='bbox 1050 2439 1128 2499; x_wconf 90' lang='lat' dir='ltr'>chel</span> <span class='ocrx_word' id='word_1_157' title='bbox 1152 2438 1308 2511; x_wconf 89' lang='lat' dir='ltr'>venisse;</span> <span class='ocrx_word' id='word_1_158' title='bbox 1340 2458 1405 2501; x_wconf 89' lang='lat' dir='ltr'>nos</span> 
     </span>
     <span class='ocr_line' id='line_1_19' title="bbox 138 2541 1404 2626; baseline 0.006 -26"><span class='ocrx_word' id='word_1_159' title='bbox 138 2560 214 2604; x_wconf 87' lang='lat' dir='ltr'>vero</span> <span class='ocrx_word' id='word_1_160' title='bbox 236 2543 321 2605; x_wconf 89' lang='lat' dir='ltr'>nihil</span> <span class='ocrx_word' id='word_1_161' title='bbox 345 2563 501 2623; x_wconf 89' lang='lat' dir='ltr'>unquam</span> <span class='ocrx_word' id='word_1_162' title='bbox 525 2542 764 2604; x_wconf 88' lang='lat' dir='ltr'>dubitavimus</span> <span class='ocrx_word' id='word_1_163' title='bbox 773 2591 781 2621; x_wconf 91' lang='lat'><strong><em>,</em></strong></span> <span class='ocrx_word' id='word_1_164' title='bbox 806 2541 890 2623; x_wconf 89' lang='lat' dir='ltr'>quin</span> <span class='ocrx_word' id='word_1_165' title='bbox 916 2553 1010 2607; x_wconf 89' lang='lat' dir='ltr'>esset</span> <span class='ocrx_word' id='word_1_166' title='bbox 1034 2554 1203 2608; x_wconf 90' lang='lat' dir='ltr'>venturus</span> <span class='ocrx_word' id='word_1_167' title='bbox 1227 2557 1309 2626; x_wconf 90' lang='lat' dir='ltr'>post</span> <span class='ocrx_word' id='word_1_168' title='bbox 1333 2556 1404 2609; x_wconf 86' lang='lat' dir='ltr'>tarn</span> 
     </span>
     <span class='ocr_line' id='line_1_20' title="bbox 137 2648 1404 2733; baseline 0.006 -26"><span class='ocrx_word' id='word_1_169' title='bbox 137 2648 296 2713; x_wconf 86' lang='lat' dir='ltr'>humanas</span> <span class='ocrx_word' id='word_1_170' title='bbox 326 2672 348 2713; x_wconf 91' lang='lat' dir='ltr'>a</span> <span class='ocrx_word' id='word_1_171' title='bbox 377 2650 532 2713; x_wconf 83' lang='lat' dir='ltr'>Caesare</span> <span class='ocrx_word' id='word_1_172' title='bbox 560 2651 605 2711; x_wconf 88' lang='lat' dir='ltr'>ad</span> <span class='ocrx_word' id='word_1_173' title='bbox 636 2670 714 2711; x_wconf 90' lang='lat' dir='ltr'>eum</span> <span class='ocrx_word' id='word_1_174' title='bbox 747 2652 848 2712; x_wconf 89' lang='lat' dir='ltr'>datas</span> <span class='ocrx_word' id='word_1_175' title='bbox 872 2650 1018 2713; x_wconf 79' lang='lat' dir='ltr'>litterae.</span> <span class='ocrx_word' id='word_1_176' title='bbox 1067 2650 1404 2733; x_wconf 77' lang='lat' dir='ltr'>Quomodocumque</span> 
     </span>
     <span class='ocr_line' id='line_1_21' title="bbox 135 2754 1404 2838; baseline 0.005 -23"><span class='ocrx_word' id='word_1_177' title='bbox 135 2754 161 2815; x_wconf 86' lang='lat' dir='ltr'>ci</span> <span class='ocrx_word' id='word_1_178' title='bbox 183 2760 377 2821; x_wconf 91' lang='lat' dir='ltr'>mandorno</span> <span class='ocrx_word' id='word_1_179' title='bbox 402 2756 563 2820; x_wconf 88' lang='lat' dir='ltr'>Sabbato</span> <span class='ocrx_word' id='word_1_180' title='bbox 588 2758 622 2819; x_wconf 88' lang='lat' dir='ltr'>el</span> <span class='ocrx_word' id='word_1_181' title='bbox 647 2757 829 2820; x_wconf 87' lang='lat' dir='ltr'>confessor</span> <span class='ocrx_word' id='word_1_182' title='bbox 853 2778 875 2819; x_wconf 92' lang='lat' dir='ltr'>a</span> <span class='ocrx_word' id='word_1_183' title='bbox 898 2760 1016 2838; x_wconf 88' lang='lat' dir='ltr'>parlar</span> <span class='ocrx_word' id='word_1_184' title='bbox 1034 2760 1066 2819; x_wconf 89' lang='lat' dir='ltr'>al</span> <span class='ocrx_word' id='word_1_185' title='bbox 1082 2758 1220 2821; x_wconf 91' lang='lat' dir='ltr'>Nuncio</span> <span class='ocrx_word' id='word_1_186' title='bbox 1245 2772 1280 2821; x_wconf 87' lang='lat' dir='ltr'>et</span> <span class='ocrx_word' id='word_1_187' title='bbox 1304 2780 1325 2822; x_wconf 90' lang='lat' dir='ltr'>a</span> <span class='ocrx_word' id='word_1_188' title='bbox 1349 2780 1404 2821; x_wconf 90' lang='lat' dir='ltr'>me</span> 
     </span>
     <span class='ocr_line' id='line_1_22' title="bbox 136 2862 1404 2948; baseline 0.006 -26"><span class='ocrx_word' id='word_1_189' title='bbox 136 2862 270 2928; x_wconf 88' lang='lat' dir='ltr'>insieme</span> <span class='ocrx_word' id='word_1_190' title='bbox 294 2869 399 2928; x_wconf 87' lang='lat' dir='ltr'>delo</span> <span class='ocrx_word' id='word_1_191' title='bbox 424 2867 489 2928; x_wconf 89' lang='lat' dir='ltr'>che</span> <span class='ocrx_word' id='word_1_192' title='bbox 514 2886 553 2927; x_wconf 91' lang='lat' dir='ltr'>se</span> <span class='ocrx_word' id='word_1_193' title='bbox 577 2867 693 2927; x_wconf 90' lang='lat' dir='ltr'>havea</span> <span class='ocrx_word' id='word_1_194' title='bbox 717 2886 738 2927; x_wconf 93' lang='lat' dir='ltr'>a</span> <span class='ocrx_word' id='word_1_195' title='bbox 762 2865 856 2937; x_wconf 83' lang='lat' dir='ltr'>fare;</span> <span class='ocrx_word' id='word_1_196' title='bbox 892 2866 916 2928; x_wconf 91' lang='lat' dir='ltr'>li</span> <span class='ocrx_word' id='word_1_197' title='bbox 950 2865 1136 2928; x_wconf 91' lang='lat' dir='ltr'>dicessimo</span> <span class='ocrx_word' id='word_1_198' title='bbox 1175 2869 1240 2929; x_wconf 87' lang='lat' dir='ltr'>che</span> <span class='ocrx_word' id='word_1_199' title='bbox 1265 2888 1404 2948; x_wconf 85' lang='lat' dir='ltr'>sempre</span> 
     </span>
     <span class='ocr_line' id='line_1_23' title="bbox 135 2971 1403 3056; baseline 0.003 -24"><span class='ocrx_word' id='word_1_200' title='bbox 135 2971 297 3036; x_wconf 85' lang='lat' dir='ltr'>haveamo</span> <span class='ocrx_word' id='word_1_201' title='bbox 322 2975 488 3056; x_wconf 89' lang='lat' dir='ltr'>predetto</span> <span class='ocrx_word' id='word_1_202' title='bbox 520 2974 585 3034; x_wconf 91' lang='lat' dir='ltr'>che</span> <span class='ocrx_word' id='word_1_203' title='bbox 616 2992 682 3053; x_wconf 86' lang='lat' dir='ltr'>per</span> <span class='ocrx_word' id='word_1_204' title='bbox 706 2975 802 3035; x_wconf 88' lang='lat' dir='ltr'>nulla</span> <span class='ocrx_word' id='word_1_205' title='bbox 826 2972 974 3054; x_wconf 86' lang='lat' dir='ltr'>ragione</span> <span class='ocrx_word' id='word_1_206' title='bbox 999 2973 1140 3055; x_wconf 71' lang='lat' dir='ltr'>aequita</span> <span class='ocrx_word' id='word_1_207' title='bbox 1163 2976 1278 3036; x_wconf 90' lang='lat' dir='ltr'>honor</span> <span class='ocrx_word' id='word_1_208' title='bbox 1302 2995 1322 3036; x_wconf 94' lang='grc' dir='ltr'><strong>ο</strong></span> <span class='ocrx_word' id='word_1_209' title='bbox 1348 2994 1403 3036; x_wconf 89' lang='lat' dir='ltr'>co·</span> 
     </span>
     <span class='ocr_line' id='line_1_24' title="bbox 135 3079 1404 3162; baseline 0.003 -24"><span class='ocrx_word' id='word_1_210' title='bbox 135 3080 231 3142; x_wconf 88' lang='lat' dir='ltr'>modo</span> <span class='ocrx_word' id='word_1_211' title='bbox 254 3102 292 3143; x_wconf 90' lang='lat' dir='ltr'>se</span> <span class='ocrx_word' id='word_1_212' title='bbox 317 3082 468 3143; x_wconf 87' lang='lat' dir='ltr'>devesse</span> <span class='ocrx_word' id='word_1_213' title='bbox 492 3079 546 3142; x_wconf 84' lang='lat' dir='ltr'>far</span> <span class='ocrx_word' id='word_1_214' title='bbox 563 3079 663 3142; x_wconf 88' lang='lat' dir='ltr'>venir</span> <span class='ocrx_word' id='word_1_215' title='bbox 688 3080 799 3159; x_wconf 89' lang='lat' dir='ltr'>quest&#39;</span> <span class='ocrx_word' id='word_1_216' title='bbox 814 3081 919 3141; x_wconf 89' lang='lat' dir='ltr'>homo</span> <span class='ocrx_word' id='word_1_217' title='bbox 944 3080 1075 3160; x_wconf 74' lang='lat' dir='ltr'>perche</span> <span class='ocrx_word' id='word_1_218' title='bbox 1093 3082 1245 3143; x_wconf 88' lang='lat' dir='ltr'>sarebbe</span> <span class='ocrx_word' id='word_1_219' title='bbox 1270 3102 1291 3142; x_wconf 93' lang='lat' dir='ltr'>a</span> <span class='ocrx_word' id='word_1_220' title='bbox 1315 3100 1404 3162; x_wconf 90' lang='lat' dir='ltr'>gran</span> 
     </span>
     <span class='ocr_line' id='line_1_25' title="bbox 133 3188 1404 3268; baseline 0.006 -24"><span class='ocrx_word' id='word_1_221' title='bbox 133 3189 293 3251; x_wconf 87' lang='lat' dir='ltr'>seandalo</span> <span class='ocrx_word' id='word_1_222' title='bbox 319 3189 376 3249; x_wconf 87' lang='lat' dir='ltr'>del</span> <span class='ocrx_word' id='word_1_223' title='bbox 401 3188 532 3250; x_wconf 92' lang='lat' dir='ltr'>mundo</span> <span class='ocrx_word' id='word_1_224' title='bbox 557 3207 576 3248; x_wconf 87' lang='lat' dir='ltr'>e</span> <span class='ocrx_word' id='word_1_225' title='bbox 601 3204 788 3267; x_wconf 89' lang='lat' dir='ltr'>vergogna</span> <span class='ocrx_word' id='word_1_226' title='bbox 813 3189 899 3266; x_wconf 80' lang='lat' dir='ltr'>lor0‚</span> <span class='ocrx_word' id='word_1_227' title='bbox 924 3197 960 3248; x_wconf 88' lang='lat' dir='ltr'>et</span> <span class='ocrx_word' id='word_1_228' title='bbox 983 3188 1096 3268; x_wconf 79' lang='lat' dir='ltr'>perho</span> <span class='ocrx_word' id='word_1_229' title='bbox 1121 3189 1197 3250; x_wconf 92' lang='lat' dir='ltr'>loro</span> <span class='ocrx_word' id='word_1_230' title='bbox 1219 3189 1284 3249; x_wconf 87' lang='lat' dir='ltr'>che</span> <span class='ocrx_word' id='word_1_231' title='bbox 1299 3189 1404 3251; x_wconf 92' lang='lat' dir='ltr'>have·</span> 
     </span>
     <span class='ocr_line' id='line_1_26' title="bbox 133 3292 1404 3358; baseline 0.002 -4"><span class='ocrx_word' id='word_1_232' title='bbox 133 3313 195 3356; x_wconf 89' lang='lat' dir='ltr'>ano</span> <span class='ocrx_word' id='word_1_233' title='bbox 228 3299 319 3358; x_wconf 86' lang='lat' dir='ltr'>cossi</span> <span class='ocrx_word' id='word_1_234' title='bbox 355 3297 477 3356; x_wconf 92' lang='lat' dir='ltr'>voluto</span> <span class='ocrx_word' id='word_1_235' title='bbox 513 3295 591 3355; x_wconf 89' lang='lat' dir='ltr'>chel</span> <span class='ocrx_word' id='word_1_236' title='bbox 627 3292 768 3355; x_wconf 89' lang='lat' dir='ltr'>venisse</span> <span class='ocrx_word' id='word_1_237' title='bbox 793 3314 1002 3356; x_wconf 85' lang='lat' dir='ltr'>cereasseno</span> <span class='ocrx_word' id='word_1_238' title='bbox 1026 3295 1167 3357; x_wconf 86' lang='lat' dir='ltr'>almeno</span> <span class='ocrx_word' id='word_1_239' title='bbox 1192 3295 1236 3357; x_wconf 90' lang='lat' dir='ltr'>de</span> <span class='ocrx_word' id='word_1_240' title='bbox 1260 3294 1404 3358; x_wconf 79' lang='lat' dir='ltr'>farcire</span> 
     </span>
     <span class='ocr_line' id='line_1_27' title="bbox 132 3398 1403 3465; baseline 0.003 -5"><span class='ocrx_word' id='word_1_241' title='bbox 132 3398 195 3462; x_wconf 90' lang='lat' dir='ltr'>Dio</span> <span class='ocrx_word' id='word_1_242' title='bbox 219 3423 238 3464; x_wconf 89' lang='lat' dir='ltr'>e</span> <span class='ocrx_word' id='word_1_243' title='bbox 263 3401 441 3465; x_wconf 84' lang='lat' dir='ltr'>&#39;lVicario</span> <span class='ocrx_word' id='word_1_244' title='bbox 466 3422 529 3463; x_wconf 90' lang='lat' dir='ltr'>suo</span> <span class='ocrx_word' id='word_1_245' title='bbox 554 3402 753 3462; x_wconf 86' lang='lat' dir='ltr'>havesseno</span> <span class='ocrx_word' id='word_1_246' title='bbox 778 3401 811 3462; x_wconf 87' lang='lat' dir='ltr'>el</span> <span class='ocrx_word' id='word_1_247' title='bbox 828 3400 950 3462; x_wconf 89' lang='lat' dir='ltr'>debito</span> <span class='ocrx_word' id='word_1_248' title='bbox 974 3402 1051 3462; x_wconf 89' lang='lat' dir='ltr'>loro</span> <span class='ocrx_word' id='word_1_249' title='bbox 1076 3412 1111 3462; x_wconf 89' lang='lat' dir='ltr'>et</span> <span class='ocrx_word' id='word_1_250' title='bbox 1128 3401 1258 3464; x_wconf 90' lang='lat' dir='ltr'>Caesar</span> <span class='ocrx_word' id='word_1_251' title='bbox 1283 3423 1328 3464; x_wconf 90' lang='lat' dir='ltr'>ne</span> <span class='ocrx_word' id='word_1_252' title='bbox 1352 3423 1403 3464; x_wconf 91' lang='lat' dir='ltr'>re-</span> 
     </span>
     <span class='ocr_line' id='line_1_28' title="bbox 132 3506 1403 3589; baseline 0.001 -20"><span class='ocrx_word' id='word_1_253' title='bbox 132 3518 287 3586; x_wconf 85' lang='lat' dir='ltr'>portasse</span> <span class='ocrx_word' id='word_1_254' title='bbox 321 3511 453 3580; x_wconf 90' lang='lat' dir='ltr'>honor;</span> <span class='ocrx_word' id='word_1_255' title='bbox 489 3529 546 3570; x_wconf 91' lang='lat' dir='ltr'>ma</span> <span class='ocrx_word' id='word_1_256' title='bbox 580 3528 646 3589; x_wconf 88' lang='lat' dir='ltr'>pur</span> <span class='ocrx_word' id='word_1_257' title='bbox 679 3508 834 3570; x_wconf 88' lang='lat' dir='ltr'>volendo</span> <span class='ocrx_word' id='word_1_258' title='bbox 872 3508 904 3569; x_wconf 89' lang='lat' dir='ltr'>el</span> <span class='ocrx_word' id='word_1_259' title='bbox 940 3506 1125 3582; x_wconf 79' lang='lat' dir='ltr'>confessor</span> <span class='ocrx_word' id='word_1_260' title='bbox 1152 3528 1218 3588; x_wconf 87' lang='lat' dir='ltr'>per</span> <span class='ocrx_word' id='word_1_261' title='bbox 1242 3529 1344 3572; x_wconf 91' lang='lat' dir='ltr'>nome</span> <span class='ocrx_word' id='word_1_262' title='bbox 1369 3510 1403 3571; x_wconf 94' lang='lat' dir='ltr'>di</span> 
     </span>
     <span class='ocr_line' id='line_1_29' title="bbox 132 3613 1405 3698; baseline 0.004 -24"><span class='ocrx_word' id='word_1_263' title='bbox 132 3613 256 3679; x_wconf 86' lang='lat' dir='ltr'>Caesar</span> <span class='ocrx_word' id='word_1_264' title='bbox 279 3637 386 3698; x_wconf 87' lang='lat' dir='ltr'>saper</span> <span class='ocrx_word' id='word_1_265' title='bbox 409 3616 432 3678; x_wconf 87' lang='lat' dir='ltr'>l’</span> <span class='ocrx_word' id='word_1_266' title='bbox 449 3615 585 3678; x_wconf 89' lang='lat' dir='ltr'>obietto</span> <span class='ocrx_word' id='word_1_267' title='bbox 615 3624 756 3694; x_wconf 81' lang='lat' dir='ltr'>nostru,</span> <span class='ocrx_word' id='word_1_268' title='bbox 780 3613 805 3675; x_wconf 90' lang='lat' dir='ltr'>li</span> <span class='ocrx_word' id='word_1_269' title='bbox 830 3613 1025 3678; x_wconf 87' lang='lat' dir='ltr'>dicessemo</span> <span class='ocrx_word' id='word_1_270' title='bbox 1050 3615 1115 3676; x_wconf 86' lang='lat' dir='ltr'>che</span> <span class='ocrx_word' id='word_1_271' title='bbox 1139 3613 1173 3676; x_wconf 93' lang='lat' dir='ltr'>in</span> <span class='ocrx_word' id='word_1_272' title='bbox 1198 3616 1320 3697; x_wconf 91' lang='lat' dir='ltr'>primis</span> <span class='ocrx_word' id='word_1_273' title='bbox 1344 3637 1405 3679; x_wconf 90' lang='lat' dir='ltr'>era</span> 
     </span>
     <span class='ocr_line' id='line_1_30' title="bbox 131 3721 1405 3802; baseline 0.002 -19"><span class='ocrx_word' id='word_1_274' title='bbox 131 3725 326 3787; x_wconf 86' lang='lat' dir='ltr'>necessario</span> <span class='ocrx_word' id='word_1_275' title='bbox 351 3726 417 3786; x_wconf 91' lang='lat' dir='ltr'>che</span> <span class='ocrx_word' id='word_1_276' title='bbox 442 3723 575 3786; x_wconf 88' lang='lat' dir='ltr'>Caesar</span> <span class='ocrx_word' id='word_1_277' title='bbox 598 3722 736 3785; x_wconf 82' lang='lat' dir='ltr'>facesse</span> <span class='ocrx_word' id='word_1_278' title='bbox 759 3721 871 3783; x_wconf 89' lang='lat' dir='ltr'>intrar</span> <span class='ocrx_word' id='word_1_279' title='bbox 894 3722 1033 3802; x_wconf 90' lang='lat' dir='ltr'>questui</span> <span class='ocrx_word' id='word_1_280' title='bbox 1064 3722 1121 3802; x_wconf 81' lang='lat' dir='ltr'>pid</span> <span class='ocrx_word' id='word_1_281' title='bbox 1148 3732 1285 3785; x_wconf 87' lang='lat' dir='ltr'>secreto</span> <span class='ocrx_word' id='word_1_282' title='bbox 1308 3722 1405 3787; x_wconf 83' lang='lat' dir='ltr'>fusse</span> 
     </span>
     <span class='ocr_line' id='line_1_31' title="bbox 131 3827 1404 3911; baseline 0.003 -22"><span class='ocrx_word' id='word_1_283' title='bbox 131 3830 312 3911; x_wconf 85' lang='lat' dir='ltr'>possibile,</span> <span class='ocrx_word' id='word_1_284' title='bbox 345 3830 476 3892; x_wconf 91' lang='lat' dir='ltr'>deinde</span> <span class='ocrx_word' id='word_1_285' title='bbox 507 3830 531 3891; x_wconf 93' lang='lat' dir='ltr'>li</span> <span class='ocrx_word' id='word_1_286' title='bbox 556 3831 660 3892; x_wconf 89' lang='lat' dir='ltr'>desse</span> <span class='ocrx_word' id='word_1_287' title='bbox 684 3849 728 3890; x_wconf 90' lang='lat' dir='ltr'>un</span> <span class='ocrx_word' id='word_1_288' title='bbox 754 3829 832 3890; x_wconf 86' lang='lat' dir='ltr'>loco</span> <span class='ocrx_word' id='word_1_289' title='bbox 857 3827 892 3890; x_wconf 91' lang='lat' dir='ltr'>in</span> <span class='ocrx_word' id='word_1_290' title='bbox 917 3829 1041 3908; x_wconf 84' lang='lat' dir='ltr'>palazo</span> <span class='ocrx_word' id='word_1_291' title='bbox 1066 3829 1158 3892; x_wconf 91' lang='lat' dir='ltr'>dove</span> <span class='ocrx_word' id='word_1_292' title='bbox 1183 3849 1335 3892; x_wconf 86' lang='lat' dir='ltr'>nessuno</span> <span class='ocrx_word' id='word_1_293' title='bbox 1360 3831 1404 3893; x_wconf 95' lang='lat' dir='ltr'>de</span> 
     </span>
     <span class='ocr_line' id='line_1_32' title="bbox 130 3933 1405 4020; baseline 0.004 -24"><span class='ocrx_word' id='word_1_294' title='bbox 130 3940 271 4017; x_wconf 86' lang='lat' dir='ltr'>sospetti</span> <span class='ocrx_word' id='word_1_295' title='bbox 295 3946 440 4020; x_wconf 86' lang='lat' dir='ltr'>potesse</span> <span class='ocrx_word' id='word_1_296' title='bbox 465 3936 620 4000; x_wconf 81' lang='lat' dir='ltr'>conferir</span> <span class='ocrx_word' id='word_1_297' title='bbox 644 3957 710 3998; x_wconf 91' lang='lat' dir='ltr'>con</span> <span class='ocrx_word' id='word_1_298' title='bbox 734 3933 798 4000; x_wconf 91' lang='lat' dir='ltr'>lui:</span> <span class='ocrx_word' id='word_1_299' title='bbox 831 3943 1011 4015; x_wconf 89' lang='lat' dir='ltr'>postremo</span> <span class='ocrx_word' id='word_1_300' title='bbox 1036 3937 1101 3998; x_wconf 89' lang='lat' dir='ltr'>che</span> <span class='ocrx_word' id='word_1_301' title='bbox 1125 3935 1405 4018; x_wconf 87' lang='lat' dir='ltr'>interrogaretur</span> 
     </span>
     <span class='ocr_line' id='line_1_33' title="bbox 129 4041 1404 4125; baseline 0.006 -25"><span class='ocrx_word' id='word_1_302' title='bbox 129 4041 327 4124; x_wconf 88' lang='lat' dir='ltr'>simpliciter</span> <span class='ocrx_word' id='word_1_303' title='bbox 353 4054 388 4105; x_wconf 89' lang='lat' dir='ltr'>et</span> <span class='ocrx_word' id='word_1_304' title='bbox 413 4043 531 4106; x_wconf 91' lang='lat' dir='ltr'>omnia</span> <span class='ocrx_word' id='word_1_305' title='bbox 554 4041 680 4104; x_wconf 89' lang='lat' dir='ltr'>fierent</span> <span class='ocrx_word' id='word_1_306' title='bbox 704 4042 806 4103; x_wconf 87' lang='lat' dir='ltr'>sicuti</span> <span class='ocrx_word' id='word_1_307' title='bbox 830 4043 865 4103; x_wconf 94' lang='lat' dir='ltr'>in</span> <span class='ocrx_word' id='word_1_308' title='bbox 896 4044 1040 4105; x_wconf 86' lang='lat' dir='ltr'>decreto</span> <span class='ocrx_word' id='word_1_309' title='bbox 1069 4044 1266 4125; x_wconf 89' lang='lat' dir='ltr'>principum</span> <span class='ocrx_word' id='word_1_310' title='bbox 1297 4047 1404 4108; x_wconf 89' lang='lat' dir='ltr'>conti-</span> 
     </span>
     <span class='ocr_line' id='line_1_34' title="bbox 129 4148 1404 4232; baseline 0.005 -24"><span class='ocrx_word' id='word_1_311' title='bbox 129 4159 244 4232; x_wconf 87' lang='lat' dir='ltr'>netur,</span> <span class='ocrx_word' id='word_1_312' title='bbox 278 4162 314 4214; x_wconf 90' lang='lat' dir='ltr'>et</span> <span class='ocrx_word' id='word_1_313' title='bbox 349 4150 416 4213; x_wconf 91' lang='lat' dir='ltr'>nisi</span> <span class='ocrx_word' id='word_1_314' title='bbox 452 4150 520 4213; x_wconf 90' lang='lat' dir='ltr'>ista</span> <span class='ocrx_word' id='word_1_315' title='bbox 554 4148 682 4212; x_wconf 87' lang='lat' dir='ltr'>fierent</span> <span class='ocrx_word' id='word_1_316' title='bbox 718 4149 753 4211; x_wconf 92' lang='lat' dir='ltr'>in</span> <span class='ocrx_word' id='word_1_317' title='bbox 778 4150 845 4211; x_wconf 91' lang='lat' dir='ltr'>hoc</span> <span class='ocrx_word' id='word_1_318' title='bbox 871 4158 1051 4230; x_wconf 89' lang='lat' dir='ltr'>postremo</span> <span class='ocrx_word' id='word_1_319' title='bbox 1076 4150 1225 4213; x_wconf 90' lang='lat' dir='ltr'>articulo</span> <span class='ocrx_word' id='word_1_320' title='bbox 1250 4161 1341 4214; x_wconf 89' lang='lat' dir='ltr'>tutto</span> <span class='ocrx_word' id='word_1_321' title='bbox 1366 4172 1404 4215; x_wconf 90' lang='lat' dir='ltr'>se</span> 
     </span>
     <span class='ocr_line' id='line_1_35' title="bbox 128 4255 1405 4338; baseline 0.004 -21"><span class='ocrx_word' id='word_1_322' title='bbox 128 4263 314 4335; x_wconf 86' lang='lat' dir='ltr'>porterebe</span> <span class='ocrx_word' id='word_1_323' title='bbox 339 4259 384 4320; x_wconf 91' lang='lat' dir='ltr'>de</span> <span class='ocrx_word' id='word_1_324' title='bbox 409 4259 500 4320; x_wconf 89' lang='lat' dir='ltr'>male</span> <span class='ocrx_word' id='word_1_325' title='bbox 519 4256 554 4318; x_wconf 91' lang='lat' dir='ltr'>in</span> <span class='ocrx_word' id='word_1_326' title='bbox 570 4256 715 4338; x_wconf 88' lang='lat' dir='ltr'>peggio.</span> <span class='ocrx_word' id='word_1_327' title='bbox 763 4255 922 4336; x_wconf 90' lang='lat' dir='ltr'>Piacque</span> <span class='ocrx_word' id='word_1_328' title='bbox 939 4257 972 4319; x_wconf 90' lang='lat' dir='ltr'>el</span> <span class='ocrx_word' id='word_1_329' title='bbox 988 4257 1146 4320; x_wconf 88' lang='lat' dir='ltr'>conselio</span> <span class='ocrx_word' id='word_1_330' title='bbox 1163 4260 1197 4320; x_wconf 89' lang='lat' dir='ltr'>al</span> <span class='ocrx_word' id='word_1_331' title='bbox 1213 4258 1405 4322; x_wconf 90' lang='lat' dir='ltr'>Confessor</span> 
     </span>
     <span class='ocr_line' id='line_1_36' title="bbox 128 4362 1405 4440; baseline 0.005 -17"><span class='ocrx_word' id='word_1_332' title='bbox 128 4375 161 4424; x_wconf 88' lang='lat' dir='ltr'>et</span> <span class='ocrx_word' id='word_1_333' title='bbox 185 4386 230 4427; x_wconf 87' lang='lat' dir='ltr'>ne</span> <span class='ocrx_word' id='word_1_334' title='bbox 255 4367 408 4430; x_wconf 86' lang='lat' dir='ltr'>andamo</span> <span class='ocrx_word' id='word_1_335' title='bbox 433 4363 513 4427; x_wconf 93' lang='lat' dir='ltr'>tutti</span> <span class='ocrx_word' id='word_1_336' title='bbox 538 4366 582 4426; x_wconf 87' lang='lat' dir='ltr'>ad</span> <span class='ocrx_word' id='word_1_337' title='bbox 608 4362 815 4436; x_wconf 80' lang='lat' dir='ltr'>Caesarem3</span> <span class='ocrx_word' id='word_1_338' title='bbox 854 4362 1047 4425; x_wconf 89' lang='lat' dir='ltr'>referimoli</span> <span class='ocrx_word' id='word_1_339' title='bbox 1083 4364 1242 4427; x_wconf 88' lang='lat' dir='ltr'>l’adviso</span> <span class='ocrx_word' id='word_1_340' title='bbox 1267 4377 1405 4440; x_wconf 87' lang='lat' dir='ltr'>nostro;</span> 
     </span>
     <span class='ocr_line' id='line_1_37' title="bbox 127 4469 1406 4550; baseline 0.004 -20"><span class='ocrx_word' id='word_1_341' title='bbox 127 4470 219 4534; x_wconf 86' lang='lat' dir='ltr'>disse</span> <span class='ocrx_word' id='word_1_342' title='bbox 245 4475 309 4536; x_wconf 86' lang='lat' dir='ltr'>che</span> <span class='ocrx_word' id='word_1_343' title='bbox 334 4471 426 4536; x_wconf 90' lang='lat' dir='ltr'>cossi</span> <span class='ocrx_word' id='word_1_344' title='bbox 452 4493 490 4534; x_wconf 89' lang='lat' dir='ltr'>se</span> <span class='ocrx_word' id='word_1_345' title='bbox 515 4471 676 4550; x_wconf 79' lang='lat' dir='ltr'>farebbe‚</span> <span class='ocrx_word' id='word_1_346' title='bbox 701 4478 737 4532; x_wconf 86' lang='lat' dir='ltr'>et</span> <span class='ocrx_word' id='word_1_347' title='bbox 759 4479 879 4531; x_wconf 87' lang='lat' dir='ltr'>tamen</span> <span class='ocrx_word' id='word_1_348' title='bbox 897 4469 1058 4550; x_wconf 90' lang='lat' dir='ltr'>sequenti</span> <span class='ocrx_word' id='word_1_349' title='bbox 1084 4471 1142 4533; x_wconf 85' lang='lat' dir='ltr'>die</span> <span class='ocrx_word' id='word_1_350' title='bbox 1157 4471 1195 4532; x_wconf 82' lang='lat' dir='ltr'>fu</span> <span class='ocrx_word' id='word_1_351' title='bbox 1213 4473 1310 4534; x_wconf 91' lang='lat' dir='ltr'>detto</span> <span class='ocrx_word' id='word_1_352' title='bbox 1327 4474 1406 4536; x_wconf 89' lang='lat' dir='ltr'>chel</span> 
     </span>
     <span class='ocr_line' id='line_1_38' title="bbox 127 4575 1406 4658; baseline 0.003 -21"><span class='ocrx_word' id='word_1_353' title='bbox 127 4577 342 4658; x_wconf 83' lang='lat' dir='ltr'>logiamento</span> <span class='ocrx_word' id='word_1_354' title='bbox 374 4581 529 4642; x_wconf 87' lang='lat' dir='ltr'>sarebbe</span> <span class='ocrx_word' id='word_1_355' title='bbox 561 4578 621 4640; x_wconf 85' lang='lat' dir='ltr'>alli</span> <span class='ocrx_word' id='word_1_356' title='bbox 646 4575 840 4658; x_wconf 87' lang='lat' dir='ltr'>Augustini</span> <span class='ocrx_word' id='word_1_357' title='bbox 872 4587 907 4638; x_wconf 88' lang='lat' dir='ltr'>et</span> <span class='ocrx_word' id='word_1_358' title='bbox 931 4577 995 4638; x_wconf 87' lang='lat' dir='ltr'>che</span> <span class='ocrx_word' id='word_1_359' title='bbox 1019 4578 1153 4639; x_wconf 87' lang='lat' dir='ltr'>harebe</span> <span class='ocrx_word' id='word_1_360' title='bbox 1178 4579 1316 4658; x_wconf 88' lang='lat' dir='ltr'>guarda</span> <span class='ocrx_word' id='word_1_361' title='bbox 1341 4581 1406 4641; x_wconf 89' lang='lat' dir='ltr'>che</span> 
     </span>
     <span class='ocr_line' id='line_1_39' title="bbox 127 4682 1406 4768; baseline 0.003 -23"><span class='ocrx_word' id='word_1_362' title='bbox 127 4684 234 4747; x_wconf 89' lang='lat' dir='ltr'>niuno</span> <span class='ocrx_word' id='word_1_363' title='bbox 257 4687 281 4748; x_wconf 90' lang='lat' dir='ltr'>li</span> <span class='ocrx_word' id='word_1_364' title='bbox 305 4690 456 4768; x_wconf 91' lang='lat' dir='ltr'>potrebe</span> <span class='ocrx_word' id='word_1_365' title='bbox 481 4687 600 4767; x_wconf 90' lang='lat' dir='ltr'>parlar</span> <span class='ocrx_word' id='word_1_366' title='bbox 624 4705 663 4746; x_wconf 92' lang='lat' dir='ltr'>se</span> <span class='ocrx_word' id='word_1_367' title='bbox 687 4703 757 4745; x_wconf 92' lang='lat' dir='ltr'>non</span> <span class='ocrx_word' id='word_1_368' title='bbox 783 4682 838 4745; x_wconf 92' lang='lat' dir='ltr'>chi</span> <span class='ocrx_word' id='word_1_369' title='bbox 855 4683 1045 4764; x_wconf 86' lang='lat' dir='ltr'>piacerebe</span> <span class='ocrx_word' id='word_1_370' title='bbox 1061 4705 1082 4746; x_wconf 88' lang='lat' dir='ltr'>a</span> <span class='ocrx_word' id='word_1_371' title='bbox 1099 4683 1241 4748; x_wconf 86' lang='lat' dir='ltr'>Caesar.</span> <span class='ocrx_word' id='word_1_372' title='bbox 1289 4685 1406 4749; x_wconf 89' lang='lat' dir='ltr'>Credo</span> 
     </span>
     <span class='ocr_line' id='line_1_40' title="bbox 127 4791 1404 4886; baseline 0.005 -36"><span class='ocrx_word' id='word_1_373' title='bbox 127 4791 189 4852; x_wconf 86' lang='lat' dir='ltr'>che</span> <span class='ocrx_word' id='word_1_374' title='bbox 213 4793 245 4854; x_wconf 89' lang='lat' dir='ltr'>si</span> <span class='ocrx_word' id='word_1_375' title='bbox 269 4793 344 4856; x_wconf 74' lang='lat' dir='ltr'>fara</span> <span class='ocrx_word' id='word_1_376' title='bbox 371 4802 461 4856; x_wconf 88' lang='lat' dir='ltr'>tutto</span> <span class='ocrx_word' id='word_1_377' title='bbox 486 4795 519 4854; x_wconf 89' lang='lat' dir='ltr'>el</span> <span class='ocrx_word' id='word_1_378' title='bbox 544 4793 734 4873; x_wconf 79' lang='lat' dir='ltr'>contrario,</span> <span class='ocrx_word' id='word_1_379' title='bbox 758 4810 858 4852; x_wconf 88' lang='lat' dir='ltr'>como</span> <span class='ocrx_word' id='word_1_380' title='bbox 884 4791 901 4852; x_wconf 76' lang='grc' dir='ltr'><em>ὲ</em></span> <span class='ocrx_word' id='word_1_381' title='bbox 928 4799 1020 4852; x_wconf 91' lang='lat' dir='ltr'>stato</span> <span class='ocrx_word' id='word_1_382' title='bbox 1046 4811 1186 4886; x_wconf 87' lang='lat' dir='ltr'>sempre</span> <span class='ocrx_word' id='word_1_383' title='bbox 1202 4791 1249 4854; x_wconf 91' lang='lat' dir='ltr'>fin</span> <span class='ocrx_word' id='word_1_384' title='bbox 1269 4794 1328 4874; x_wconf 91' lang='lat' dir='ltr'>qui</span> <span class='ocrx_word' id='word_1_385' title='bbox 1346 4797 1404 4856; x_wconf 92' lang='lat' dir='ltr'>ob·</span> 
     </span>
     <span class='ocr_line' id='line_1_41' title="bbox 125 4911 278 4962; baseline 0.026 -3"><span class='ocrx_word' id='word_1_386' title='bbox 125 4911 278 4962; x_wconf 85' lang='lat' dir='ltr'>servato.</span> 
     </span>
    </p>
   </div>
   <div class='ocr_carea' id='block_1_3' title="bbox 0 0 1718 5700">
    <p class='ocr_par' dir='ltr' id='par_1_4' title="bbox 0 0 1718 5700">
     <span class='ocr_line' id='line_1_42' title="bbox 0 0 1718 5700; baseline 0 5"><span class='ocrx_word' id='word_1_387' title='bbox 0 0 1718 5700; x_wconf 95' lang='lat' dir='ltr'> </span> 
     </span>
    </p>
   </div>
  </div>
 </body>
</html>
