3425 5700
803 536 1033 594 oenoe

239 686 244 699 '
278 690 483 773 simpliciter
507 687 724 771 possessioni
748 685 966 749 reservando
991 695 1107 747 tamen
1134 683 1201 747 sibi
1225 684 1295 765 ius,
1327 682 1356 745 si
1381 684 1476 764 quod
1499 684 1553 744 ha-

276 798 377 861 bebit
409 797 443 859 in
476 795 716 877 proprietate,
750 795 840 856 eda
871 793 1046 875 imputare
1069 790 1105 852 in
1130 792 1249 872 quello
1274 792 1339 854 che
1364 800 1554 853 constretto

278 906 373 967 dalla
396 903 528 966 iustitia
552 923 617 985 per
640 902 775 964 evitare
800 902 834 963 la
859 898 1097 963 scommunica
1121 896 1199 959 fece
1218 898 1378 960 cedendo
1396 898 1472 960 solo
1489 898 1556 958 alla

277 1011 513 1095 possessione.
561 1010 591 1072 Il
621 1013 717 1071 buon
743 1008 932 1070 Cardinale
957 1006 975 1069 ὲ
1000 1004 1279 1088 disperatissimo
1311 1024 1376 1087 per
1404 1006 1436 1066 le
1461 1014 1555 1066 tante

277 1118 452 1181 columnie
476 1120 559 1180 date
583 1117 631 1179 lui
656 1118 701 1178 da
726 1116 821 1177 dicto
847 1112 1070 1193 Armestorff,
1098 1132 1202 1194 quern
1227 1111 1311 1175 dicit
1336 1132 1476 1192 semper
1500 1112 1555 1172 ha-

276 1225 396 1288 buisse
426 1244 492 1307 pro
527 1224 660 1306 optimo
694 1232 730 1285 et
754 1220 978 1295 amicissimo;
1013 1220 1132 1283 videte
1158 1219 1193 1281 di
1217 1219 1294 1283 fare
1318 1239 1449 1300 capace
1475 1217 1556 1280 Cae·

277 1352 357 1395 sare
388 1341 423 1395 et
455 1331 549 1394 dicto
581 1330 773 1393 cameriere
805 1330 902 1391 della
931 1326 1135 1390 innocentia
1166 1326 1201 1389 di
1226 1338 1351 1408 questo
1376 1326 1555 1389 Reveren-

277 1438 421 1502 dissimo
452 1447 488 1501 et
518 1438 652 1519 optimo
677 1436 866 1500 Cardinale
897 1445 933 1498 et
964 1434 1193 1497 devotissimo
1218 1433 1254 1495 di
1277 1434 1397 1514 quella
1420 1432 1557 1495 Maesti

277 1555 313 1607 et
337 1546 431 1607 della
455 1544 619 1623 Natione,
643 1554 679 1607 et
703 1552 873 1608 excusate
898 1562 964 1604 con
990 1540 1075 1622 ogni
1100 1540 1286 1622 diligentia
1309 1539 1334 1603 il
1358 1542 1453 1602 buon
1478 1539 1555 1601 Car·

277 1653 397 1715 dinale
420 1661 520 1714 tanto
545 1650 666 1714 dedito
691 1672 713 1713 a
736 1649 878 1729 Cesare,
907 1668 1080 1731 appresso
1105 1646 1178 1710 Sua
1194 1646 1343 1728 Maesta,
1368 1647 1392 1709 il
1417 1646 1557 1709 Confes-

277 1779 357 1822 sore
382 1768 417 1821 et
440 1758 532 1822 tutti.
580 1757 632 1820 La
655 1757 914 1838 supplicatione
938 1767 975 1820 et
998 1756 1159 1819 cessione
1183 1756 1228 1818 de
1253 1756 1273 1819 l'
1291 1756 1496 1819 adversario
1521 1755 1553 1816 in

276 1865 400 1928 favore
426 1866 470 1927 de
495 1863 712 1927 Armestorff
733 1873 769 1928 et
792 1866 863 1926 duo
888 1863 997 1927 Brevi
1020 1884 1090 1926 uno
1114 1884 1180 1945 per
1203 1865 1238 1925 la
1261 1863 1497 1945 possessione,
1522 1871 1556 1923 et

277 1973 299 2033 l'
317 1974 408 2034 altro
441 1992 507 2053 per
539 1971 560 2034 l’
578 1970 803 2034 absolutione
828 1970 887 2033 del
911 1970 1066 2053 capitulo
1091 1991 1112 2032 a
1136 1969 1293 2032 censuris
1301 2018 1309 2050 ,
1341 1972 1434 2032 nelle
1464 1968 1555 2049 quali

277 2099 387 2143 erano
404 2078 536 2142 cascati
551 2098 618 2161 per
632 2098 703 2140 non
720 2078 868 2141 obedire
885 2077 944 2140 alli
966 2076 1225 2159 exequutoriali
1242 2077 1287 2139 de
1309 2076 1330 2139 l'
1343 2076 1556 2152 adversari0,

277 2207 390 2250 sonno
415 2186 474 2268 gia
499 2185 599 2268 quasi
623 2184 784 2267 expediti
806 2204 873 2267 per
897 2205 1007 2266 opera
1028 2185 1063 2245 di
1082 2184 1293 2264 Monsignor
1308 2180 1428 2245 Sancti
1454 2183 1556 2262 Quat·

276 2303 332 2356 tro
367 2302 402 2356 et
432 2302 555 2356 nostra
586 2292 855 2364 intercessione3
887 2312 926 2354 se
957 2292 986 2354 si
1010 2300 1187 2375 potranno
1211 2292 1344 2353 havere
1369 2290 1397 2352 si
1421 2290 1557 2351 mande-

277 2420 390 2463 ranno
415 2419 482 2462 con
506 2409 646 2482 questa;
673 2397 746 2461 cosi
771 2419 841 2461 uno
866 2401 977 2461 breve
1001 2397 1036 2460 in
1061 2397 1187 2460 favore
1211 2397 1246 2459 di
1271 2397 1408 2460 Messer
1424 2396 1557 2458 levino

276 2528 342 2590 per
372 2508 397 2570 il
428 2509 510 2589 qual
542 2506 571 2569 si
602 2507 811 2569 commanda
834 2507 962 2587 aquei
987 2504 1142 2586 capitulo
1168 2506 1233 2568 che
1256 2503 1281 2566 li
1304 2503 1503 2567 restituisca
1526 2505 1559 2565 la

277 2611 501 2695 possessione
535 2613 629 2675 della
655 2612 898 2694 prepositura,
932 2621 968 2673 et
992 2632 1014 2673 a
1037 2621 1127 2674 tutte
1152 2613 1185 2673 le
1210 2613 1299 2673 altre
1324 2630 1406 2674 cose
1430 2611 1560 2693 scripte

276 2741 341 2802 per
374 2721 398 2783 il
424 2720 716 2800 Prothonotari0,
750 2729 786 2781 et
818 2738 884 2800 per
914 2718 971 2781 voi
1006 2718 1034 2781 si
1064 2719 1217 2801 pigliara
1245 2720 1394 2800 qualche
1428 2728 1561 2781 assetto

276 2830 409 2911 purche
442 2848 509 2891 con
543 2828 694 2909 qualche
725 2828 874 2890 honesta
907 2826 936 2889 si
969 2845 1087 2908 possa.
1136 2825 1182 2888 Vi
1213 2824 1242 2890 si
1268 2827 1398 2888 manda
1422 2824 1562 2888 XVIII.

277 2937 373 2999 bolle
397 2945 574 3019 stampate
598 2945 723 2998 contra
748 2935 898 3015 Luther,
931 2934 960 2996 si
986 2953 1086 2997 come
1110 2933 1281 2996 ricercate
1306 2943 1342 2996 et
1369 2936 1415 2996 ad
1446 2934 1563 3014 questi

276 3042 393 3124 giorni
416 3042 452 3105 vi
476 3042 506 3106 si
523 3043 541 3104 ἐ
560 3043 726 3104 mandato
750 3043 864 3105 anche
887 3062 934 3104 un
958 3041 1049 3104 libro
1074 3042 1110 3103 di
1133 3040 1244 3104 fratre
1261 3040 1462 3103 Ambrosio
1500 3043 1562 3104 Se-

277 3149 413 3233 guitate
437 3149 715 3213 animosamente
739 3159 775 3211 et
798 3160 950 3231 pregate
974 3149 998 3211 il
1023 3148 1247 3222 Confessore‚
1273 3147 1497 3224 Armestorff,
1527 3159 1564 3212 et

277 3258 301 3320 11
335 3257 415 3320 altri
447 3258 511 3320 che
542 3257 676 3318 aiutino
707 3257 742 3318 la
774 3277 881 3318 causa
915 3277 1064 3319 comune
1098 3257 1163 3318 che
1196 3255 1328 3318 Nostro
1362 3253 1517 3336 Signore
1543 3279 1564 3318 a

277 3364 359 3427 tutti
383 3365 478 3446 dopo
496 3363 565 3426 Dio
590 3363 670 3426 sara
695 3362 896 3443 gratissimo
923 3373 958 3424 et
982 3362 1238 3426 communicate
1254 3363 1279 3425 il
1296 3371 1387 3425 tutto
1405 3363 1460 3425 col
1477 3363 1562 3424 Pro-

277 3470 479 3535 thonotario
504 3470 659 3533 vivendo
684 3469 995 3552 congiuntamente
1021 3490 1120 3533 come
1145 3468 1229 3532 fate.

368 3579 420 3641 La
444 3598 528 3641 cosa
551 3577 610 3640 del
625 3579 783 3640 Doctore
799 3576 975 3660 Capitone
1000 3577 1029 3639 si
1054 3576 1146 3640 saria
1170 3577 1340 3657 expedita
1364 3578 1416 3640 sel
1437 3597 1561 3659 procu-

278 3695 398 3748 ratore
422 3705 485 3748 suo
509 3683 606 3747 fusse
630 3695 723 3746 stato
747 3688 824 3764 qui,
856 3695 892 3746 et
916 3686 998 3765 quel
1023 3684 1058 3747 di
1082 3684 1293 3764 Maguntino
1317 3686 1364 3746 ha
1387 3683 1483 3746 facto
1508 3705 1560 3746 so·

277 3793 481 3875 prasedere‚
507 3802 542 3854 et
567 3792 645 3854 dice
670 3792 813 3871 quando
838 3790 919 3854 sara
942 3804 1062 3871 tempo
1079 3790 1297 3854 domandera
1312 3793 1347 3853 la
1362 3789 1562 3872 speditione

279 3902 344 3962 che
368 3909 466 3962 certo
491 3901 538 3960 da
560 3899 609 3961 lui
633 3909 669 3961 et
692 3900 752 3961 dal
776 3899 872 3961 dicto
897 3899 1134 3961 Procuratore
1158 3900 1176 3960 ὲ
1201 3908 1352 3978 restato,
1387 3898 1433 3959 da
1465 3899 1560 3979 quali

279 4006 308 4070 si
332 4007 506 4070 chiedeva
529 4007 564 4068 la
587 4004 848 4087 supplicatione
873 4003 1059 4087 originale,
1083 4025 1140 4066 ma
1165 4003 1249 4086 ogni
1274 4005 1379 4066 modo
1404 4003 1433 4066 si
1454 4024 1560 4085 expe·

280 4113 356 4175 dira
380 4134 401 4176 a
425 4124 509 4175 voto
534 4134 597 4176 suo
622 4110 696 4175 cosi
720 4133 828 4194 sopra
852 4112 888 4174 di
912 4111 972 4174 noi
995 4111 1020 4173 11
1046 4111 1221 4192 affirmati,
1247 4120 1283 4174 et
1305 4113 1340 4173 la
1359 4131 1465 4173 causa
1482 4131 1560 4192 pro-

279 4219 364 4283 fana
394 4219 536 4283 omnino
568 4220 598 4282 si
630 4219 818 4282 remettera
852 4221 899 4281 ad
931 4229 1051 4301 partes
1084 4240 1183 4282 come
1208 4229 1283 4282 sete
1308 4229 1401 4283 stato
1425 4219 1561 4282 chiesto

279 4328 345 4388 che
370 4328 446 4388 solo
471 4325 500 4387 si
524 4346 627 4388 cerca
651 4329 709 4408 qul
733 4325 759 4388 il
781 4335 1013 4407 procuratore
1039 4327 1133 4389 della
1157 4347 1273 4389 causa.
1312 4325 1359 4387 Vi
1382 4327 1412 4388 si
1432 4328 1562 4390 manda

280 4435 315 4494 la
337 4432 596 4514 supplicatione
621 4434 677 4495 col
711 4453 889 4497 consenso
912 4433 948 4496 in
973 4434 1097 4496 favore
1123 4435 1181 4497 del
1198 4433 1422 4514 Armestorff,
1446 4443 1483 4496 et
1503 4435 1562 4497 dui

279 4540 379 4602 brevi
410 4560 476 4622 per
507 4550 623 4606 conto,
644 4560 725 4619 suo,
760 4552 796 4603 et
818 4543 843 4602 il
868 4551 962 4604 terzo
987 4540 1022 4603 in
1046 4541 1172 4604 favore
1198 4539 1282 4603 dicti
1305 4539 1430 4602 Levini
1454 4561 1563 4623 super

279 4647 540 4728 possessionem
555 4648 817 4729 prepositurae,
842 4650 875 4710 le
891 4650 981 4711 altre
997 4648 1228 4711 instructione
1252 4659 1289 4711 et
1312 4668 1394 4710 cose
1419 4647 1446 4710 si
1466 4668 1561 4710 man-

280 4755 438 4817 deranno
463 4756 519 4816 col
542 4755 672 4836 prim0,
705 4776 763 4818 ma
786 4755 845 4819 voi
870 4776 940 4818 non
965 4755 1114 4838 pigliate
1137 4756 1234 4838 perh,
1250 4756 1336 4838 ogni
1360 4765 1461 4836 gatta
1485 4777 1561 4838 per·

280 4861 345 4922 che
375 4870 466 4924 tutte
498 4864 532 4924 le
556 4884 639 4928 cose
663 4862 710 4925 fin
735 4868 793 4948 qul
820 4865 986 4948 mandate
1010 4885 1119 4928 erano
1144 4865 1245 4946 quasi
1267 4864 1350 4927 tutti
1373 4863 1502 4928 iniuste
1527 4875 1563 4928 et
