3425 5700
633 568 879 651 wanno*

134 737 301 819 consumit,
325 739 389 801 sed
414 740 583 803 continua
607 741 713 804 etiam
737 742 930 804 Turcorum
956 739 1119 803 excursio
1144 748 1178 800 et
1203 734 1321 800 rabies
1337 737 1397 799 illa

132 843 316 907 cohibenda
332 846 466 910 atterit.
496 845 601 926 Quod
617 856 735 909 tamen
753 868 824 910 non
850 868 940 928 eque
967 848 1088 926 doleo,
1114 866 1153 907 ac
1169 847 1252 908 dum
1267 844 1397 906 nullius

133 950 181 1012 otii
192 950 319 1014 nullius
334 952 599 1034 tranquillitatis
612 973 768 1035 securus,
784 974 876 1036 quae
888 962 971 1016 ante
983 954 1105 1017 oculos
1115 960 1302 1015 versantur
1317 971 1395 1033 pro·

132 1060 177 1119 cul
197 1076 303 1120 cerno
328 1060 421 1121 mala
444 1058 564 1123 futura
588 1080 695 1142 super
720 1059 1034 1139 Christianitatem,
1059 1060 1119 1123 ubi
1143 1059 1397 1141 ingravescens

131 1163 237 1245 bostis,
262 1166 448 1247 occupatis
470 1165 617 1248 finibus,
654 1169 759 1230 sedes
784 1168 989 1230 interiorum
1013 1167 1281 1230 Provinciarum
1306 1185 1396 1228 mea-

131 1290 193 1333 rum
216 1271 429 1353 devastans,
453 1274 586 1336 liberas
611 1272 679 1336 sibi
703 1274 884 1357 aperuerit
914 1274 990 1337 vias
1023 1276 1080 1337 vel
1110 1275 1145 1337 in
1169 1272 1396 1337 Germaniam

131 1378 261 1440 ulterius
285 1380 474 1462 grassandi
498 1382 555 1443 vel
579 1400 645 1461 per
669 1380 801 1444 Forum
827 1380 910 1460 Julii
939 1380 973 1443 in
1005 1381 1142 1472 italiam
1174 1380 1270 1443 sicco
1303 1379 1396 1461 pede

130 1487 383 1569 prorumpendi.
430 1486 534 1568 Quod
559 1498 676 1551 tamen
702 1508 770 1570 ego
794 1488 907 1552 fretus
924 1508 994 1569 ope
1010 1488 1079 1550 Dei
1095 1487 1277 1569 impedire,
1301 1504 1395 1567 mag-

130 1612 167 1654 oo
188 1593 349 1675 profecto
382 1613 491 1675 ausu,
527 1594 855 1659 tam-formidolosi
892 1595 1003 1658 hostis
1038 1594 1234 1677 potentiam
1268 1592 1305 1655 in
1340 1612 1396 1655 me

129 1684 220 1762 unum
242 1700 399 1781 irritans,
424 1702 576 1765 caeteris
592 1703 759 1785 Regibus
776 1702 1095 1783 Potentatibusque
1112 1699 1395 1791 conniventibus,

127 1810 271 1887 tentab0,
288 1808 350 1871 ubi
366 1810 557 1873 accesserit
572 1808 810 1873 Beatitudinis
827 1810 980 1872 Vestrae
996 1808 1176 1887 auxilium,
1191 1828 1282 1889 quae
1296 1815 1395 1868 tanto

127 1916 226 1995 magis
250 1936 308 1978 me
332 1935 502 1997 meosque
526 1917 688 1980 subditos
712 1917 780 1980 sibi
802 1918 931 1979 reddet
955 1914 1145 1994 obnoxios,
1170 1924 1301 1995 quanto
1327 1933 1394 1975 ma-

124 2017 261 2101 ioribus,
292 2032 330 2085 ut
363 2022 501 2101 scribit,
535 2043 648 2105 agens
680 2023 715 2087 in
743 2024 919 2105 angustiis
945 2032 981 2086 et
1014 2021 1282 2085 difficultatibus
1313 2019 1394 2098 suis,

126 2129 335 2210 excogitabit
367 2131 510 2193 omnino
543 2131 677 2213 aliquid
708 2141 746 2194 ut
775 2131 946 2212 temporis
979 2129 1047 2193 mei
1075 2128 1272 2210 intelligam
1303 2148 1325 2189 a
1356 2147 1395 2189 se

125 2234 272 2299 habitam
290 2258 368 2300 esse
384 2237 568 2301 rationem.
613 2238 749 2319 Quibus
773 2259 860 2301 vero
885 2236 997 2319 copiis
1021 2245 1057 2299 et
1080 2256 1151 2318 quo
1175 2235 1297 2297 ordine
1321 2243 1395 2295 tan·

126 2349 188 2405 tam
211 2345 339 2407 molem
363 2345 515 2427 aggredi
539 2344 800 2425 constituerim,
825 2365 904 2407 cum
928 2345 1034 2425 plene
1059 2344 1103 2406 de
1126 2343 1195 2405 illis
1219 2341 1395 2424 prefatum

124 2446 370 2512 Reverendum
394 2451 570 2532 Legatum
595 2472 694 2515 suum
720 2450 920 2515 edocuerim
945 2450 1050 2513 latius
1074 2448 1191 2513 omnia
1215 2468 1260 2511 ex
1285 2445 1395 2509 literis

123 2553 190 2617 eius
226 2565 422 2637 cognoscet
456 2556 636 2622 Sanctitas
667 2558 809 2621 Vestra.
864 2557 928 2621 Cui
959 2577 1036 2620 eam
1069 2555 1213 2618 indubie
1247 2553 1394 2617 habebit

122 2658 239 2744 fidem,
270 2683 375 2744 quam
405 2672 505 2726 tanto
538 2664 615 2728 viro
647 2684 713 2746 par
737 2673 791 2728 est
815 2664 1019 2728 attribuere.
1067 2663 1168 2743 Quae
1191 2661 1394 2724 felicissime

120 2768 244 2832 valeat.

201 2895 258 2958 Ex
283 2895 426 2959 Vienna
442 2897 509 2960 Die
533 2898 647 2979 prima
663 2897 833 2963 Octobris
858 2898 964 2961 Anno
982 2897 1121 2960 Domini
1147 2894 1392 2957 MDXXIV‘0.

246 3021 411 3085 Eiusdem
437 3021 645 3086 Sanctitatis
670 3024 822 3086 Vestrae

762 3148 880 3196 Humilis
899 3155 925 3197 et
943 3148 1092 3210 obsequens
1112 3145 1180 3194 filius

734 3244 928 3308 Pillllmffl
958 3251 1039 3302 Aren.
1066 3253 1198 3300 Austriae.

750 3433 758 3442 a
762 3431 853 3445 ΙΝιυ-ννι

720 3662 792 3728 170.

379 3776 604 3880 limghoritc
630 3778 824 3858 lustriaco
851 3775 1023 3858 clementi
1050 3777 1128 3859 Vll

540 3924 630 3999 (mot
656 3925 773 4000 princip.
791 3924 814 3992 1,
831 3923 877 3984 cu.
896 3925 965 3995 stt.)

611 4033 649 4101 (3-
669 4037 778 4088 Octobr·
802 4038 888 4101 1524)

193 4157 412 4222 Beatissime
437 4157 471 4221 in
497 4158 637 4222 Christo
662 4160 770 4223 Pater
799 4171 835 4224 et
858 4161 1010 4224 Domine
1035 4160 1186 4223 Domine
1210 4158 1390 4224 Colendis·

109 4263 191 4328 sime
214 4273 305 4346 post
328 4266 460 4347 pedum
485 4268 607 4330 oscula
631 4267 833 4330 Beatorum.
875 4267 960 4330 Cum
978 4266 1204 4330 Venerabilis
1219 4267 1391 4330 Dominus

108 4369 373 4435 Illustrissimus
409 4371 583 4454 Princeps
613 4373 656 4438 D.
689 4373 865 4437 Henricus
896 4373 1022 4436 Comes
1062 4374 1245 4437 Palatinus
1283 4375 1389 4455 Rani,

107 4475 185 4542 Dux
227 4477 430 4560 Bessadae,
456 4479 745 4562 ¹Consaguineus
784 4489 905 4543 noster
940 4479 1174 4544 Charissimus
1210 4483 1390 4544 concordi·

105 4584 167 4646 bus
190 4585 228 4648 in
256 4585 418 4666 capitulo
443 4585 632 4670 suffragiis,
657 4586 692 4650 in
719 4587 969 4651 Traiectensen
987 4587 1217 4671 Episcopum,
1240 4599 1390 4652 vacante

105 4687 207 4774 Sede,
233 4691 287 4756 sit
311 4693 458 4773 electus,
481 4691 628 4774 Nosque
643 4693 710 4776 ipsi
734 4703 806 4756 tum
830 4704 979 4777 propter
994 4695 1137 4776 generis
1153 4697 1389 4777 splendorem,

104 4805 173 4861 tum
191 4801 241 4862 ob
257 4801 447 4881 preclaras
462 4819 544 4863 suas
559 4799 708 4864 virtutes
725 4800 923 4864 doctrinam
947 4816 982 4863 et
997 4802 1238 4884 prudenciam,
1263 4804 1390 4886 quibus

103 4906 266 4986 preditus
295 4924 376 4970 esse
400 4904 611 4990 dinoscitur,
643 4927 689 4972 ex
716 4909 824 4971 corde
857 4911 949 4974 bene
972 4909 1135 4983 velimus;
1167 4911 1260 4974 adeo
1294 4914 1389 4994 quod
