3425 5700
777 516 835 569 0-3
873 518 930 572 456
967 515 1024 569 8³-0

260 671 298 726 tu
322 663 469 745 indigne
504 661 665 725 molestia
688 659 861 740 afficeriS,
892 680 956 742 spe
990 674 1107 722 tamen
1142 669 1379 722 sustentamur
1411 660 1542 721 nullam

260 779 332 832 tam
357 768 539 833 difficilem
564 788 642 831 esse
668 788 741 829 rem
765 787 870 848 quam
895 787 966 830 non
991 778 1051 830 tua
1074 767 1265 849 prudentia
1289 778 1325 830 et
1341 766 1542 830 humanitas

259 896 338 940 curn
363 875 496 958 optimo
521 873 618 938 exitu
644 873 868 954 explicatura
893 895 970 936 esse
995 873 1172 937 videatur:
1207 874 1293 953 Nos,
1317 883 1355 936 ut
1379 873 1543 952 diximus,

261 982 427 1063 quicquid
452 1001 564 1063 opera
595 992 631 1044 et
660 979 871 1044 auctoritate
902 1000 1108 1062 possumus,
1143 982 1306 1044 omnibus
1336 980 1406 1044 tuis
1437 983 1543 1043 rebus

262 1097 297 1150 et
332 1088 525 1151 commodis
556 1088 774 1170 pollicemur.
840 1087 945 1167 Quod
978 1087 1082 1150 etiam
1124 1087 1367 1150 mandavimus
1398 1087 1458 1150 dil.
1495 1086 1542 1149 fil.

262 1194 482 1276 Hieronymo
506 1195 662 1258 Rotario
687 1195 824 1257 Nuncio
850 1204 972 1257 nostro
996 1205 1035 1256 ut
1059 1215 1136 1257 cum
1154 1195 1350 1258 Nobilitate
1375 1205 1435 1258 tua
1452 1215 1542 1257 com-

261 1302 466 1380 municaret,
491 1302 547 1365 cui
570 1301 630 1365 illa
653 1302 760 1364 fidem
784 1301 943 1364 habebit.

350 1427 481 1490 Datum
523 1429 661 1490 Romae
700 1437 766 1489 etc.
820 1425 889 1490 Die
926 1425 1024 1489 XIX
1055 1425 1141 1488 Maii
1172 1425 1374 1489 MDXXV.
1435 1425 1542 1488 Anno

262 1531 440 1597 Secunde.

797 1711 1004 1725 5⁵—va

865 1945 927 2008 211

446 2061 695 2142 lerdinundus
722 2062 841 2142 lustr.
872 2059 1049 2140 archidux
1076 2057 1249 2140 Clementi
1277 2059 1354 2140 VII.

302 2208 370 2278 (Sub
389 2209 528 2268 dionante
545 2207 607 2266 VH.
625 2208 744 2267 battere
763 2207 793 2266 di
811 2207 918 2266 dlrml
935 2207 1058 2280 Prlholpl
1077 2206 1108 2266 ot
1126 2207 1197 2265 altri
1214 2207 1286 2265 1525.
1306 2237 1340 2248 -
1359 2205 1424 2278 luel.
1443 2205 1510 2276 lta)

778 2328 834 2394 (20.
854 2319 921 2376 Maii
944 2331 1031 2389 1525.)

353 2469 584 2534 Sanctissime
619 2489 661 2532 ac
693 2467 904 2532 Beatissimo
940 2469 1049 2531 Pater
1080 2467 1232 2530 Domine
1268 2466 1546 2530 Clementissime

266 2579 355 2640 Post
379 2580 507 2640 beatos
529 2577 642 2659 pedes
666 2576 893 2640 deosculatos
915 2574 1082 2638 humilem
1109 2573 1469 2638 Commendationem.

356 2701 431 2764 Etsi
476 2721 546 2763 non
586 2682 726 2763 dubito
749 2699 1013 2762 Beatitudinem
1053 2699 1218 2761 Vestram
1262 2697 1392 2782 partim
1437 2697 1545 2776 fama,

262 2829 353 2892 quae
394 2818 448 2873 est
483 2807 710 2873 velocissima
752 2808 923 2872 malorum
967 2807 1114 2889 nuncia,
1154 2806 1283 2890 partim
1316 2806 1465 2871 aliorum
1509 2805 1547 2869 li·

263 2916 358 2995 teriS,
383 2917 599 2979 admonitam
624 2937 703 2979 esse
727 2917 772 2978 de
796 2915 883 2996 hiis,
917 2936 1008 2998 quae
1037 2915 1191 2997 fiantet
1222 2924 1392 2997 gerantur
1417 2914 1453 2977 in
1477 2916 1545 2977 hac

264 3023 422 3103 natione,
446 3033 565 3087 tamen
589 3043 660 3085 non
685 3022 785 3105 potui
810 3024 1066 3104 supersedere,
1090 3022 1175 3103 quin
1199 3022 1276 3105 ipse
1301 3042 1461 3104 quoque,
1486 3020 1547 3083 ali·

264 3141 397 3212 quanto
414 3129 529 3210 latius,
553 3131 611 3193 vel
636 3130 767 3192 certius
783 3130 947 3210 fortasse,
972 3129 1078 3193 etiam
1102 3130 1147 3191 de
1171 3128 1370 3192 huiusmodi
1396 3130 1440 3191 ad
1466 3148 1547 3191 ean-

264 3239 343 3301 dem
368 3237 574 3317 scriberem,
599 3236 792 3320 instigante
817 3258 872 3299 me
897 3237 973 3299 zelo
997 3234 1069 3314 illo,
1093 3256 1198 3318 quem
1221 3237 1339 3299 habeo
1364 3245 1434 3297 tam
1460 3256 1550 3317 erga

263 3343 432 3407 Sanctam
466 3343 534 3406 Dei
569 3342 784 3424 Ecclesiam,
817 3364 923 3425 quam
954 3343 1201 3425 Apostolicam
1226 3342 1374 3425 Sedem,
1399 3362 1550 3424 quarum

264 3460 504 3533 contemptum
520 3450 827 3533 abiectionemque
843 3472 921 3513 cum
937 3450 1013 3533 ipse
1034 3470 1207 3532 nequeam
1230 3450 1316 3513 satis
1328 3470 1394 3531 pro
1421 3448 1550 3529 enimc,

263 3557 512 3622 deficientibus
535 3556 670 3619 viribus
693 3565 766 3620 tum
790 3558 889 3638 meis,
904 3568 976 3619 tum
1001 3566 1097 3620 recte
1122 3567 1158 3620 et
1181 3556 1239 3638 pie
1265 3559 1379 3620 adhuc
1396 3556 1550 3619 sentien-

263 3666 348 3729 tium
373 3660 644 3728 de'orthodoxa
667 3663 753 3744 fide,
777 3665 965 3746 impedire;
997 3674 1115 3727 tamen
1149 3686 1253 3746 quam
1285 3664 1405 3726 invitis
1438 3664 1553 3727 oculis

264 3773 389 3836 eadem
419 3791 580 3851 cernam,
612 3770 715 3834 libuit
752 3772 855 3834 simul
879 3771 973 3853 apud
999 3769 1229 3834 Sanctitatem
1253 3772 1420 3833 Vestram
1451 3770 1553 3833 hisce

264 3879 375 3942 literis
406 3878 548 3958 testari,
588 3880 824 3960 proponendo
855 3880 1025 3941 nonnulla
1058 3888 1141 3941 ante
1174 3879 1313 3957 oculos,
1338 3898 1384 3940 ex
1417 3876 1552 3958 quibus

264 3985 410 4068 colliget
442 3994 611 4067 quantum
641 3988 812 4048 malorum
842 3984 942 4047 brevi
976 3992 1137 4066 tempore
1169 3983 1378 4065 confecerit,
1414 3984 1553 4047 laxatis

264 4092 426 4156 omnibus
450 4092 678 4156 obedientiae
702 4091 863 4172 habenis,
895 4093 1048 4174 populus
1081 4090 1293 4155 Germaniae
1324 4090 1557 4173 potissimum'

222 4228 225 4232 ·
266 4197 585 4262 ecclesiasticarum
620 4209 693 4261 tum
728 4219 961 4279 personarum
1004 4208 1076 4261 tum
1119 4219 1235 4261 rerum
1271 4196 1552 4261 sitientissimuS.

265 4304 562 4387 Quandoquidem
600 4305 676 4368 sive
706 4304 781 4367 fato
818 4305 894 4368 sive
931 4304 1072 4368 (livinae
1110 4305 1253 4367 ultionis
1291 4306 1435 4369 decreto
1469 4305 1554 4371 sive

251 4406 496 4495 ¹pessimorum
535 4410 707 4493 ingeniis,
750 4411 1036 4495 factionumque,
1073 4412 1282 4494 cupidorum
1322 4412 1556 4477 instinctibus

263 4518 467 4601 contingat,
492 4517 578 4580 nihil
604 4519 718 4601 magis
741 4518 776 4580 in
801 4518 893 4581 votis
918 4529 988 4597 est,
1012 4529 1074 4582 aut
1098 4540 1211 4602 aeque
1234 4520 1332 4583 valet
1355 4519 1424 4583 iam
1450 4522 1556 4603 apud

262 4626 496 4689 ferocientem
521 4625 789 4705 multitudinem,
814 4644 856 4687 ac
881 4626 925 4687 de
951 4625 1115 4689 Romano
1140 4626 1329 4707 Pontifice‚
1355 4625 1555 4691 Cardinali-

264 4733 367 4813 libus,
392 4731 589 4814 Episcopis,
615 4742 651 4795 et
674 4732 830 4795 breviter
854 4730 1020 4795 universo
1050 4734 1162 4812 clero,
1195 4731 1229 4794 in
1254 4752 1358 4814 quern
1382 4734 1557 4799 transcri-

265 4841 355 4903 bunt
384 4840 563 4903 horrenda
595 4838 710 4918 dictu,
736 4838 897 4901 emedio
928 4838 1104 4903 tollendis.
1152 4840 1251 4903 Haec
1281 4859 1352 4903 una
1376 4840 1467 4905 ratio
1494 4856 1560 4907 est
