3425 5700
652 566 899 633 *euroeae

152 716 258 781 cidere
296 728 469 801 nequeat,
507 720 662 785 offerens
695 743 751 786 me
782 742 823 785 ac
857 742 979 785 omnes
1013 721 1109 786 vires
1147 731 1183 785 et
1212 717 1349 806 ingenii
1379 728 1415 786 et

148 824 276 889 fortune
301 826 573 908 impensurum,
612 827 647 891 in
687 828 754 891 hiis
791 848 861 910 que
898 829 943 891 ad
983 831 1266 893 conservandam
1305 831 1414 893 cristi·

148 952 255 1014 anam,
293 943 330 997 et
361 933 468 997 fidem
504 944 539 996 et
569 935 779 1017 religionem
810 935 1029 1008 conducunt;
1061 945 1216 999 attamen
1248 935 1414 1000 Vestram

148 1034 368 1104 Sanctitatem
399 1042 511 1103 latere
549 1043 631 1105 nolo
665 1063 686 1104 a
721 1042 902 1123 plerisque
941 1042 1155 1105 adversariis
1184 1041 1273 1105 meis
1306 1063 1414 1125 super

147 1166 206 1224 me,
231 1147 337 1210 etiam
362 1157 671 1230 quantumcunque
695 1149 795 1212 iustis
819 1148 935 1214 causis
959 1148 1137 1230 fulcitum,
1161 1151 1272 1213 multa
1295 1150 1412 1213 coniu-

146 1253 217 1335 rari,
241 1275 313 1337 quo
338 1255 375 1317 in
391 1254 630 1320 vetustissimo
653 1256 871 1319 hereditario
894 1255 970 1318 iure
994 1276 1084 1336 meo,
1109 1257 1262 1338 quadam
1293 1257 1413 1320 nescio

146 1362 253 1424 velata
288 1362 484 1426 adhesione
508 1365 737 1427 vehementer
760 1366 923 1443 turbare,
961 1373 997 1425 et
1030 1373 1224 1445 propterea
1247 1363 1413 1429 Vestram

145 1464 384 1552 Sanctitatem,
423 1490 528 1551 quarn
552 1469 620 1533 sibi
644 1470 882 1533 turbationem
907 1480 942 1533 et
966 1469 1127 1533 iniuriam
1152 1490 1280 1552 meam,
1316 1471 1412 1535 haud

145 1596 246 1658 secus,
273 1597 379 1659 quam
404 1596 502 1640 suam
525 1577 708 1660 propriam
733 1578 938 1641 existimare
962 1598 1034 1641 non
1059 1576 1198 1658 diffido,
1221 1578 1413 1641 humillime

143 1702 243 1765 rogo,
278 1703 345 1765 pro
377 1682 508 1749 Vestre
526 1682 752 1779 sSanctitatis
786 1685 822 1748 in
858 1705 915 1748 me
950 1686 1182 1767 comprobata
1224 1684 1413 1748 affectione

143 1790 330 1855 comodiori
364 1811 435 1873 qua
466 1790 721 1855 studiosissime
750 1792 900 1874 poterit,
933 1791 993 1854 via
1024 1790 1062 1854 in
1091 1790 1214 1873 primis
1247 1790 1413 1873 precibus

143 1896 206 1960 suis
228 1900 324 1981 apud
349 1897 540 1962 Cesaream
562 1898 797 1981 Maiestatem,
822 1897 929 1962 michi
958 1898 1009 1961 ita
1039 1899 1212 1979 prodesse
1236 1898 1412 1980 dignetur,

141 2012 172 2065 et
192 2007 336 2069 tandem
361 2004 522 2087 efficere,
553 2015 592 2068 ut
620 2006 737 2087 gratia
761 2015 796 2068 et
819 2004 977 2088 presidio
1001 2004 1236 2068 sacratissime
1262 2004 1413 2069 Cesaree

141 2108 331 2175 Maiestatis
355 2112 499 2176 Domini
522 2112 592 2176 mei
615 2110 878 2194 gratiosissimi,
902 2113 998 2193 apud
1023 2131 1127 2194 quam
1151 2111 1282 2174 Vestra
1306 2110 1413 2176 Sanc·

140 2217 215 2281 titas
247 2219 460 2283 auctoritate
501 2219 654 2282 maxima
688 2221 819 2301 pollet,
854 2221 919 2281 sub
950 2218 1087 2281 iusticie
1118 2217 1256 2299 clipeo,
1291 2220 1342 2282 uti
1377 2229 1414 2285 et

141 2320 207 2387 Sua
238 2326 418 2397 Maiestas¹
442 2335 640 2408 spontanea
671 2326 895 2408 benignitate
925 2345 980 2388 me
1014 2344 1155 2408 semper
1177 2327 1412 2409 amplectitur,

140 2430 170 2492 in
202 2432 284 2495 iuris
315 2441 352 2496 et
382 2432 600 2514 possesionis
632 2451 710 2495 mee
739 2431 1012 2496 conservatione
1036 2442 1137 2494 tuear
1161 2440 1267 2513 atque
1293 2432 1412 2496 defen-

142 2538 214 2613 dar3
238 2540 333 2621 quod
357 2539 387 2602 si
406 2539 536 2602 Vestre
550 2538 759 2603 Sanctitatis
775 2560 923 2622 operam
937 2540 1043 2603 michi
1059 2539 1239 2623 profuisse
1263 2541 1414 2605 sentiam

139 2665 191 2707 me
214 2644 279 2708 sibi
304 2655 338 2708 et
364 2645 574 2728 Apostolice
609 2644 694 2709 Sedi
729 2646 872 2710 arctiori
901 2646 1240 2728 recompensationis
1271 2645 1413 2711 vinculo

140 2752 312 2817 divinciet.
339 2750 377 2815 Si
394 2752 479 2834 quid
496 2753 601 2815 etiam
618 2754 778 2835 prefatus
788 2752 892 2817 Sedis
908 2753 1117 2835 Apostolice
1132 2755 1272 2836 legatus
1281 2753 1413 2817 Vestre

141 2857 341 2924 Sanctitatis
363 2855 521 2940 nomine,
547 2861 664 2924 denuo
696 2861 803 2924 michi
835 2881 901 2944 per
930 2881 969 2924 se
992 2864 1051 2924 vel
1079 2881 1178 2924 suum
1202 2881 1413 2943 quemquam

138 2964 272 3031 fidelem
296 2968 471 3048 retulerit,
496 2967 654 3050 benigna
682 2967 863 3032 audientia
892 2967 1040 3031 consilio
1075 2977 1111 3030 et
1139 2987 1263 3049 opera,
1297 2968 1414 3031 eidem

139 3093 206 3137 non
238 3077 354 3138 deero
419 3074 585 3137 Ceterum
619 3075 783 3138 Vestram
828 3071 1062 3138 Sanctitatem
1105 3075 1291 3156 plurimum
1327 3084 1412 3157 peto

140 3199 207 3260 quo
222 3181 458 3245 Reverendus
482 3179 517 3244 in
536 3180 675 3244 Christo
701 3182 875 3246 Dominus
898 3182 1080 3262 Johannes
1104 3181 1303 3264 Episcopus
1327 3182 1413 3266 Hyl-

142 3288 435 3371 demsheymensis
468 3287 586 3350 affinis
616 3309 716 3352 meus
740 3288 965 3351 charissimus
989 3297 1062 3351 tum
1094 3289 1141 3350 ab
1164 3287 1326 3351 Ecclesia
1349 3308 1413 3351 sua

139 3395 242 3457 veluti
277 3397 359 3458 exul
397 3416 439 3459 ac
470 3393 681 3477 profligatus
719 3395 754 3458 in
794 3395 983 3459 iustissima
1029 3415 1094 3458 sua
1137 3414 1245 3458 causa
1284 3394 1413 3458 Vestre

144 3491 302 3566 Sanctitis
326 3503 444 3583 gratia
468 3509 503 3564 et
519 3501 721 3566 assistentia
735 3502 918 3575 foveatur;
943 3505 1019 3584 agit
1042 3503 1076 3564 in
1098 3522 1142 3566 eo
1157 3522 1308 3584 namque
1325 3502 1411 3565 Ves-

141 3613 196 3669 tra
215 3605 389 3671 Sanctitas
413 3629 488 3671 rem
511 3628 573 3670 sue
590 3607 733 3689 pietatis
758 3608 913 3692 dignam,
939 3618 975 3672 et
998 3609 1103 3672 michi
1126 3611 1233 3690 longe
1257 3608 1411 3692 gratissi·

144 3732 227 3776 mam
244 3735 329 3798 erga
345 3713 511 3778 Vestram
530 3711 761 3777 Sanctitatem
777 3736 882 3797 quam
896 3717 1010 3778 Deum
1027 3715 1196 3797 optimum
1220 3715 1411 3779 maximum

145 3817 337 3885 felicissime
361 3822 397 3885 in
423 3841 526 3884 evum
550 3830 738 3884 conservet
761 3841 827 3904 pro
852 3821 986 3885 viribus
1008 3824 1262 3885 remerendam.

224 3946 313 4010 Date
338 3967 385 4010 ex
416 3956 533 4009 castro
565 3966 645 4009 meo
670 3945 874 4010 Coloniensi
899 3946 1078 4010 Vicesima
1101 3947 1159 4010 die
1182 3947 1314 4010 mensis
1327 3947 1412 4010 Maii

150 4050 243 4116 Anno
264 4053 410 4117 Domini
434 4052 614 4115 Vicesimo
639 4062 776 4133 quarto.

225 4178 391 4242 Eiusdem
414 4178 544 4242 Vestre
570 4177 795 4266 Sanctitatis„

224 4302 414 4382 Joachinus
437 4303 599 4367 Marchio
628 4305 998 4386 Brandemburgensis
1028 4303 1128 4367 Sacri
1159 4304 1314 4368 Romani
1347 4303 1408 4366 Im·

149 4407 226 4484 perii
258 4411 583 4474 Archicamerarius
618 4411 863 4495 Princepsque
886 4412 1031 4475 Elector
1059 4409 1285 4474 Stettinensis
1314 4431 1409 4493 pom-

151 4517 287 4580 meronie
310 4528 377 4582 etc.
402 4520 476 4582 dux
501 4526 567 4582 etc.

289 4643 400 4706 Manu
424 4652 490 4706 etc.
