3425 5700
786 607 1007 665 θ-’ῧΧῦή

261 751 364 816 imiae
389 775 495 835 pares
520 755 715 817 reddiderit
740 755 872 834 exitus,
904 777 970 818 nec
994 755 1210 818 mediocrem
1234 757 1408 817 maculam
1432 776 1453 817 a
1476 773 1540 817 sua

261 875 296 922 et
328 861 483 923 familiae
518 872 553 923 et
577 861 813 924 Germanicae
847 863 1001 925 nationis
1025 861 1186 924 claritate
1211 862 1401 943 repulerit,
1434 863 1538 924 hanc·

261 989 328 1049 que
362 970 458 1050 apud
491 971 604 1031 Deum
637 980 672 1031 et
701 969 862 1031 homines
892 972 1070 1031 excelsam
1102 970 1243 1031 laudem
1278 969 1540 1050 promereberis

260 1095 337 1137 esse
366 1085 448 1138 tuae
473 1075 666 1137 nobilitatis
692 1097 801 1157 opera
827 1097 869 1138 ac
893 1077 1044 1159 pietate,
1073 1076 1203 1138 ardens
1226 1075 1427 1138 incendium
1451 1096 1539 1137 sum·

259 1190 390 1244 motum
416 1191 450 1244 et
475 1184 669 1245 extinctum
694 1187 770 1246 ...“
812 1184 912 1246 Haec
936 1182 1053 1245 omnia
1076 1182 1253 1264 benignus
1276 1184 1389 1245 lector
1412 1181 1541 1245 clarius

263 1290 367 1350 etiam
392 1291 515 1352 videre
538 1291 689 1371 poterit,
723 1291 751 1352 si
784 1291 1005 1352 lutheranam
1030 1290 1216 1372 epistolam
1241 1311 1317 1352 cum
1342 1289 1456 1371 primo
1482 1309 1540 1351 no-

260 1407 409 1459 strorum
441 1406 744 1460 monumentorum
769 1396 948 1469 conferat;
973 1399 1199 1479 perspicuum
1225 1397 1316 1459 enim
1341 1397 1407 1458 erit
1432 1397 1539 1458 omni-

260 1507 325 1565 bus
350 1505 536 1584 epistolam
562 1505 706 1566 secundi
731 1504 919 1566 vcluminis
944 1524 1092 1584 operum
1108 1503 1252 1566 Lutheri
1270 1504 1444 1566 sinceram
1469 1525 1538 1566 non

260 1632 337 1673 esse
362 1613 424 1673 sed
450 1611 602 1673 fortasse
626 1633 647 1672 a
664 1610 857 1673 lutheranis
882 1609 1079 1690 confictam,
1105 1611 1231 1673 demtis
1262 1610 1423 1673 omnibus
1448 1631 1540 1691 quae

259 1718 530 1798 promissioneS,
568 1717 811 1781 infidelitatem
837 1718 961 1796 Ducis,
1001 1718 1146 1799 eiusque
1185 1718 1345 1780 favorem
1383 1718 1539 1781 liuthero

260 1825 467 1906 praestitum
501 1826 706 1907 respiciunt,
747 1825 999 1888 dissimulando
1045 1846 1185 1907 quoque
1224 1825 1539 1906 longanimitatem,

259 1931 494 2012 prudentiam,
520 1932 825 1994 mansuetudinem
851 1932 1043 1997 Pontificis

350 2039 456 2100 Aliud
482 2038 588 2100 etiam
613 2048 876 2100 monumentum
902 2060 973 2101 non
997 2059 1122 2120 parum
1147 2061 1166 2100 a
1183 2037 1335 2101 lectione
1351 2040 1539 2102 lutherana

261 2145 439 2207 diversum
466 2145 639 2207 edidimus
663 2146 819 2209 Numero
845 2149 887 2224 48
911 2146 972 2208 iol.
1002 2167 1071 2209 120.
1119 2146 1252 2224 Agitur
1281 2145 1373 2208 enim
1399 2146 1442 2209 de
1467 2146 1538 2227 epi·

259 2253 351 2313 stola
375 2273 395 2313 a
413 2253 540 2314 Carolo
556 2253 775 2333 Imperatore
793 2254 837 2314 ad
853 2252 1047 2316 Lutherum
1070 2253 1186 2334 missa,
1211 2261 1249 2314 ut
1273 2273 1352 2316 eum
1378 2254 1422 2315 ad
1447 2255 1539 2316 diae-

260 2369 331 2420 tam
357 2358 578 2422 Wormatiae
602 2360 778 2423 invitaret.
826 2360 926 2421 Haec
950 2359 1102 2440 epistola
1122 2358 1184 2421 fol.
1202 2380 1262 2436 411
1291 2360 1360 2421 vol.
1378 2359 1422 2422 II.
1448 2358 1540 2440 Ope·

259 2485 336 2527 rum
361 2466 507 2528 Lutheri
531 2467 681 2548 legitur,
717 2469 779 2530 sed
811 2469 921 2530 habet
951 2469 1018 2529 hoc
1051 2467 1156 2528 modo
1190 2466 1365 2528 rationem
1388 2467 1541 2528 vocandi

258 2573 420 2634 Martini:
458 2574 642 2654 ,quoniam
675 2574 924 2656 proposuimus
956 2584 1105 2655 propter
1139 2573 1336 2635 doctrinam
1372 2584 1408 2636 et
1430 2573 1541 2636 libros

260 2679 463 2761 aliquandiu
476 2682 647 2743 hactenus
660 2685 724 2743 abs
738 2693 773 2744 te
787 2682 901 2744 editos
916 2679 1124 2744 scrutariam
1137 2682 1194 2743 abs
1206 2687 1236 2743 te
1247 2684 1400 2743 rzrrrtcrc“
1410 2706 1424 2753 ;
1449 2702 1540 2762 quae

260 2790 370 2848 verba
396 2787 671 2869 disputationem
696 2810 765 2852 non
792 2789 1002 2866 excludunt,
1035 2788 1105 2850 imo
1139 2808 1342 2871 supponere
1375 2789 1541 2850 videntur

259 2894 294 2955 in
320 2895 488 2957 scrutinio
508 2896 743 2969 instituendo;
770 2896 898 2958 clarius
922 2897 1114 2978 disputatio
1139 2896 1339 2958 excluditur
1362 2896 1398 2959 in
1423 2916 1541 2958 monu-

259 3012 377 3063 mento
410 3012 530 3064 nostro
567 3003 655 3065 sicut
691 3004 821 3086 legitur
855 3004 891 3065 in
929 3003 1139 3066 collectione
1163 3003 1352 3073 Aleandri;
1393 3003 1429 3064 in
1461 3003 1540 3084 ipso

259 3108 352 3170 enirn
386 3110 568 3172 scribitur:
609 3111 843 3189 „intendimus
875 3121 911 3173 et
945 3110 1179 3172 conclusimus
1203 3111 1341 3172 ratione
1366 3109 1540 3172 doctrina·

258 3236 335 3277 rum
360 3224 395 3277 et
419 3216 589 3279 librorum
614 3217 672 3298 qui
697 3238 762 3298 per
786 3217 929 3298 aliquod
962 3228 1102 3298 tempus
1131 3238 1151 3278 a
1183 3228 1218 3279 te
1249 3217 1335 3279 editi
1363 3226 1461 3298 sunt,
1494 3237 1539 3278 ex

259 3332 294 3383 te
319 3322 566 3385 certitudinem
591 3323 787 3405 accipere“.
840 3325 958 3386 Minus
982 3334 1147 3386 accurate
1172 3326 1286 3386 relata
1310 3334 1364 3386 est
1387 3323 1540 3405 epistola

259 3432 304 3490 ab
336 3429 532 3492 editoribus
568 3430 799 3503 Lutheranis;
836 3431 904 3512 ipsi
940 3431 1031 3493 enim
1065 3434 1197 3493 habent
1234 3432 1269 3493 in
1307 3430 1375 3493 fine
1411 3430 1539 3512 ipsius:

264 3538 411 3613 „Datum
449 3536 670 3599 Wormatiae
713 3540 770 3601 die
804 3540 856 3600 VI
892 3539 1011 3601 Martii
1052 3558 1146 3601 anno
1190 3537 1332 3600 Domini
1367 3536 1540 3599 MDXXI

262 3664 452 3724 regnorum
468 3655 668 3708 nostrorum
687 3644 931 3708 roruam'lcrllb
949 3648 1041 3709 ecc.“
1084 3644 1156 3708 Sed
1174 3666 1293 3707 mense
1309 3644 1429 3706 Martii
1445 3665 1539 3706 anno

264 3772 274 3812 1
282 3772 342 3829 521
371 3752 564 3832 signandus
590 3762 665 3813 erat
685 3772 798 3814 annus
823 3754 999 3815 secundus
1023 3773 1094 3815 non
1115 3751 1254 3824 tertius3
1281 3752 1428 3814 Carolus
1446 3751 1539 3813 enim

260 3861 393 3920 electus
418 3859 533 3921 luerat
558 3858 695 3920 decima
717 3861 807 3921 hora
831 3859 901 3921 diei
928 3862 967 3920 28
992 3858 1086 3937 Junii
1116 3879 1209 3935 1519.
1262 3858 1302 3919 In
1328 3858 1539 3920 collectione

262 3966 432 4027 Aleandri
457 3965 654 4028 accuratius
679 3966 830 4047 legitur:
870 3968 1019 4048 ,Datum
1051 3965 1087 4027 in
1118 3965 1261 4027 civitate
1286 3974 1408 4028 nostra
1430 3966 1537 4046 impe-

258 4072 335 4133 riali
360 4072 559 4134 Wormatia
584 4073 641 4135 die
666 4074 718 4134 VI
741 4073 872 4136 mensis
896 4073 1015 4135 Martii
1040 4084 1106 4135 etc.
1131 4093 1322 4153 regnorum
1339 4083 1538 4135 nostrorum

258 4179 413 4241 Romani
437 4180 591 4261 rectruda,
617 4190 814 4243 ceterorum
839 4201 925 4242 vero
950 4181 1085 4243 sext0“.

348 4286 426 4365 Qua
452 4308 495 4348 ex
521 4306 627 4347 causa
653 4286 884 4368 proveniant,
921 4307 1088 4368 quorsum
1123 4287 1271 4348 tendant
1294 4288 1363 4349 hae
1388 4296 1423 4348 et
1447 4286 1538 4348 aliae

258 4392 473 4456 variationes
498 4404 813 4472 monumentorum,
838 4414 908 4455 non
932 4394 1154 4474 inquirimus;
1179 4403 1334 4456 attamen
1360 4395 1404 4456 de
1429 4393 1537 4456 since·

258 4501 361 4563 ritate
386 4510 525 4582 patrum
551 4500 821 4563 reformatorum
845 4501 1060 4562 luculentum
1084 4500 1320 4563 testimonium
1345 4521 1415 4562 non
1438 4522 1538 4582 prae-

258 4612 354 4669 bent.
403 4606 501 4687 Quae
526 4606 710 4669 sinceritas
735 4608 837 4669 etiam
865 4607 1007 4669 aliunde
1032 4608 1133 4669 nimis
1158 4608 1265 4669 dubia
1288 4612 1477 4689 probatur,
1502 4619 1540 4670 ut

259 4736 304 4777 ex
330 4714 563 4776 monumentis
588 4714 717 4776 nostris
742 4715 826 4776 satis
851 4715 972 4796 liquet.
1022 4715 1203 4777 Aleander
1236 4735 1344 4795 saepe
1369 4726 1539 4796 expertus

259 4830 312 4885 est
330 4832 424 4883 artes
443 4834 477 4883 et
494 4832 693 4884 commenta
717 4820 1008 4911 reformatorum:
1033 4822 1148 4902 ipsum
1174 4822 1266 4883 enim
1290 4821 1347 4883 isti
1373 4822 1539 4884 dicebant

257 4944 292 4993 et
309 4931 540 5012 neophytum,
557 4940 592 4991 et
602 4930 743 5011 judaico
762 4940 864 5009 patre
877 4939 1008 5010 natum,
1034 4939 1069 4991 et
1086 4950 1132 4990 ex
1150 4926 1269 4991 infima
1283 4930 1390 5010 plebe
1404 4938 1537 5001 ortum;
