3425 5700
649 509 897 568 &filib-0

148 656 244 720 veluti
259 678 277 719 e
295 658 443 739 specula
457 658 681 739 prospiciens
696 679 767 722 non
784 662 898 723 solum
914 659 1147 722 saecularium
1158 659 1278 740 legum
1290 677 1413 719 verum

147 763 240 827 etiam
264 774 300 827 et
323 764 371 829 R.
395 764 436 828 E.
460 764 747 847 christianaeque
770 766 855 829 fidei
879 764 1113 848 patrocinium
1139 786 1277 828 sumere
1305 772 1340 826 et
1368 766 1414 825 ab

147 871 392 934 haereticorum
417 872 554 934 iniuriis
569 872 754 935 vindicare
779 875 939 955 deberet,
959 894 1030 936 non
1052 872 1182 935 oblitus
1206 892 1292 934 suae
1308 870 1412 932 maio-

147 998 278 1059 rumque
303 998 445 1041 suorum
469 979 609 1061 gloriae
633 1000 724 1061 quae
739 981 831 1043 inter
847 1000 970 1043 omnes
987 981 1208 1043 orthodoxos
1232 978 1413 1061 principes

147 1106 273 1167 semper
297 1086 450 1167 emicuit,
472 1107 609 1149 memor
632 1087 739 1150 etiam
752 1086 988 1151 Germanicae
1013 1088 1068 1150 cui
1092 1095 1236 1167 praeest
1260 1084 1414 1148 nationis

146 1214 225 1273 quae
255 1201 326 1256 tam
360 1192 467 1256 armis
500 1214 605 1274 quam
636 1194 812 1276 religione
845 1194 997 1262 caeteris
1033 1213 1173 1274 semper
1212 1193 1413 1274 exemplum

147 1299 251 1362 extitit
282 1309 390 1381 atque
414 1300 639 1382 extirpandis
662 1321 854 1383 pravarum
878 1303 1063 1364 haeresum
1089 1300 1196 1363 sectis
1230 1298 1412 1381 proprium

146 1407 341 1489 sanguinem
380 1427 447 1488 pro
488 1405 560 1469 fide
593 1407 768 1470 catholica
802 1408 908 1470 toties
944 1406 1082 1479 effudit;
1120 1427 1211 1469 nunc
1245 1405 1280 1469 in
1313 1414 1413 1468 tanto

146 1513 347 1576 christianae
379 1514 431 1576 rei
464 1515 625 1597 periculo
658 1523 730 1577 tam
761 1515 872 1577 atroci
907 1514 1073 1595 facinori,
1108 1524 1250 1595 tamque
1282 1512 1413 1593 insigni

146 1621 259 1683 sceleri
283 1622 368 1683 totis
391 1621 527 1684 viribus
551 1622 724 1703 vigilique
749 1622 868 1684 studio
892 1641 1080 1685 occurrere
1103 1642 1144 1682 ac
1170 1620 1321 1683 sollicite
1345 1618 1413 1681 Dei

146 1727 306 1791 ecclesiae
330 1728 501 1810 Petrique
524 1728 713 1791 naviculae
737 1729 934 1792 subsidium
959 1740 994 1791 et
1027 1749 1131 1809 opem
1156 1726 1414 1809 quamprimum

147 1832 227 1895 ferre
249 1854 447 1916 recensque
476 1835 592 1897 adhuc
620 1836 749 1898 vulnus
781 1855 943 1898 reserare
975 1844 1081 1916 atque
1111 1834 1146 1897 in
1178 1834 1292 1917 ipsum
1325 1832 1413 1896 tanti

145 1940 275 2004 sceleris
299 1952 445 2005 auctore
470 1942 696 2023 criminisque
713 1944 831 2005 socios
846 1962 913 2025 pro
930 1941 1016 2005 facti
1040 1942 1229 2004 atrocitate
1256 1940 1411 2003 animad-

145 2058 288 2129 vertere,
313 2049 462 2130 eiusque
489 2050 710 2131 perniciosas
740 2050 1022 2113 machinationes
1054 2057 1089 2112 et
1119 2056 1317 2111 commenta
1348 2049 1413 2110 sub

145 2155 354 2235 gravissimis
369 2156 495 2238 paenis
513 2156 752 2220 exterminare
768 2177 813 2219 ne
829 2155 990 2231 differat;
1013 2177 1060 2219 ne
1077 2155 1277 2219 huiusmodi
1302 2154 1413 2236 pestis

146 2262 311 2344 contagio,
337 2262 395 2325 cui
418 2282 509 2325 nunc
526 2264 668 2326 obviam
692 2264 734 2325 iri
759 2263 865 2326 facile
880 2272 1009 2344 potest,
1035 2262 1232 2327 Caesareae
1248 2263 1413 2325 Maiesta-

143 2368 183 2429 tis
203 2369 237 2431 in
261 2369 360 2433 cuius
384 2372 460 2433 solo
488 2371 556 2432 hoc
579 2369 753 2451 flagitium
786 2378 1030 2453 perpetratum
1063 2378 1130 2450 est,
1165 2390 1273 2433 saeva
1306 2378 1413 2450 atque

145 2473 343 2556 inexpiabili
369 2476 592 2557 negligentia
616 2476 649 2539 in
674 2477 830 2540 maxima
851 2478 1022 2541 malorum
1048 2478 1266 2541 incrementa
1285 2485 1320 2540 et
1335 2476 1413 2538 sim-

145 2580 277 2659 plicium
311 2582 505 2645 animarum
537 2583 731 2665 perniciem
765 2585 953 2647 coalescat.
1012 2584 1131 2665 Quare
1164 2605 1230 2646 nos
1261 2582 1413 2645 scientes

145 2699 302 2767 quantum
335 2690 501 2752 momenti
536 2700 657 2753 vestra
686 2690 857 2753 autoritas
889 2701 925 2753 et
954 2693 1119 2753 voluntas
1147 2692 1190 2753 ad
1223 2692 1412 2754 iuvandam

144 2793 225 2856 hanc
249 2815 392 2860 causam
415 2796 545 2860 afferre
569 2808 702 2879 posset,
727 2798 923 2880 eademque
937 2799 984 2863 R.
998 2800 1040 2862 D.
1059 2808 1176 2862 vestra
1193 2809 1318 2862 natura
1336 2798 1414 2880 ipsa

146 2903 185 2962 ad
205 2902 308 2966 fidem
333 2915 369 2965 et
393 2905 604 2986 religionem
632 2905 825 2968 fovendam
854 2906 900 2968 sit
928 2926 1126 2989 propensa,
1158 2928 1234 2970 eam
1265 2926 1412 2969 summo-

146 3027 222 3087 pere
244 3031 411 3093 rogamus
435 3021 542 3093 atque
568 3013 674 3075 etiam
705 3034 771 3095 per
794 3013 862 3075 Dei
887 3013 1166 3076 misericordiam
1196 3016 1414 3076 obtestamur

146 3125 178 3175 ut
200 3117 272 3180 eius
296 3140 425 3182 causae
450 3120 577 3183 adesse
601 3119 755 3201 fideique
782 3133 925 3183 nostrae
949 3141 1041 3202 quae
1065 3122 1100 3183 in
1122 3130 1221 3183 tanto
1237 3121 1305 3182 iam
1322 3119 1412 3201 peri·

147 3225 218 3287 culo
241 3236 403 3288 versatur
425 3225 700 3308 fluctuantisque
725 3227 899 3290 ecclesiae
921 3228 1181 3308 patronicinum
1208 3247 1346 3289 sumere
1372 3248 1412 3288 ac

147 3339 236 3393 tanto
258 3335 350 3394 malo
386 3353 573 3395 occurrere
597 3333 694 3396 velit.
742 3333 953 3396 Nullatenus
977 3334 1071 3396 enim
1095 3335 1224 3396 nostris
1248 3333 1412 3414 tempori-

146 3437 206 3500 bus
225 3439 433 3520 praesertim
457 3443 524 3502 sub
548 3439 648 3502 Caes.
674 3441 873 3504 Maiestatis
903 3441 1050 3522 imperio
1089 3441 1273 3505 ferendum
1299 3449 1354 3504 est
1377 3441 1412 3503 in

147 3546 310 3609 catholica
333 3547 403 3608 Dei
416 3547 578 3610 Ecclesia
603 3557 656 3610 tot
679 3547 789 3610 sacris
813 3549 984 3628 conciliis,
1009 3559 1061 3612 tot
1085 3560 1225 3631 patrum
1249 3548 1412 3628 decretis,

147 3660 193 3712 tot
213 3652 456 3716 illustrissimis
486 3654 816 3746 probatissimorum
842 3655 997 3718 virorum
1029 3655 1198 3738 ingeniis,
1231 3665 1283 3718 tot
1307 3655 1413 3718 etiam

147 3756 313 3823 miraculis
336 3761 406 3824 iam
430 3771 577 3844 recepta
605 3783 712 3825 unum
744 3763 939 3843 hominem,
976 3785 1038 3826 seu
1069 3762 1187 3845 potius
1218 3763 1413 3845 iniquitatis

147 3865 311 3930 alumnum
334 3869 431 3931 nullo
456 3869 616 3946 consili0,
641 3870 737 3932 nulla
761 3890 907 3951 prorsus
924 3869 1073 3950 ratione,
1097 3871 1243 3953 propria
1265 3870 1413 3933 auctori·

147 3978 212 4034 tate
232 3973 297 4037 sibi
322 3985 458 4037 tantum
490 3985 614 4038 contra
644 3976 766 4040 divina
790 3987 984 4059 praecepta
1013 3977 1250 4040 confidentem
1281 3977 1413 4059 passim

147 4089 178 4138 et
199 4079 335 4163 impune
359 4081 526 4162 insanire,
550 4093 657 4164 atque
681 4084 731 4146 ita
746 4083 901 4146 insanire
919 4093 957 4146 ut
973 4104 1159 4165 synceram
1176 4093 1210 4146 et
1226 4084 1412 4147 candidam

148 4185 264 4249 Christi
285 4188 392 4252 fidem
413 4187 594 4252 Sathenae
614 4191 906 4272 suggestionibus
927 4193 1103 4253 maculare
1124 4199 1159 4253 et
1174 4189 1211 4254 S.
1232 4191 1413 4256 Ecclesiae

148 4295 360 4358 concordiam
393 4295 559 4376 malignis
591 4295 945 4379 interpretationibus
975 4299 1187 4360 conturbare
1224 4319 1329 4362 ausus
1358 4299 1411 4362 sit.

148 4395 241 4476 Quod
264 4423 340 4465 cum
364 4403 411 4465 ad
435 4403 504 4464 Dei
528 4403 652 4484 optimi
676 4404 822 4466 maximi
846 4405 977 4466 cultum
995 4403 1222 4485 eiusdemque
1239 4403 1275 4468 S.
1293 4405 1411 4469 Eccle-

147 4504 216 4567 siae
237 4507 402 4572 unitatem
427 4525 463 4571 et
479 4512 640 4590 tutelam,
664 4511 710 4572 ad
726 4509 809 4572 fidei
833 4521 977 4574 nostrae
993 4511 1277 4593 christianaeque
1295 4513 1412 4593 religi-

147 4611 221 4673 onis
241 4615 544 4678 conservationem
568 4618 614 4678 ad
632 4617 831 4679 Caesareae
847 4616 1047 4680 Maiestatis
1064 4627 1099 4680 et
1115 4618 1268 4680 omniurn
1294 4622 1410 4682 catho-

147 4716 282 4783 licorum
310 4705 512 4804 principum
543 4723 621 4785 iura
659 4733 695 4786 et
727 4724 984 4787 sollicitudines
1019 4733 1176 4806 spectet,
1216 4725 1412 4788 certissima

148 4843 208 4907 spe
229 4827 431 4893 confidimus
454 4833 559 4913 (quae
582 4840 703 4894 vestra
733 4840 787 4894 est
816 4833 913 4913 apud
942 4830 1154 4894 Caesaream
1186 4831 1409 4896 Maiestatem
