3425 5700
763 549 912 604 sorel
951 545 1010 600 ΕΗ

248 692 373 774 feram,
399 715 486 774 quas
511 694 655 757 iniurias
680 695 869 776 accipiam,
895 714 983 774 quas
1008 692 1115 755 animi
1142 691 1323 755 molestias
1348 693 1527 769 devorem,

247 819 313 879 pro
338 802 583 864 conservanda
607 801 860 864 Ecclesiastica
890 800 1083 882 dignitate,
1119 798 1205 862 nihil
1236 818 1307 860 non
1341 799 1418 882 opis
1443 797 1527 861 mihi

248 916 342 968 esset
365 908 422 969 vel
447 917 572 990 suapte
597 910 786 988 collatura,
820 908 911 971 sicut
942 906 1083 970 confido
1108 907 1221 988 ipsam
1245 905 1329 968 mihi
1352 905 1387 967 in
1412 917 1526 988 poste-

248 1033 323 1074 rum
361 1034 430 1076 non
468 1015 687 1093 defuturam,
712 1017 782 1096 ubi,
815 1017 911 1097 quod
946 1035 1087 1097 semper
1111 1033 1196 1094 ago,
1221 1013 1349 1075 viderit
1373 1033 1429 1074 me
1453 1011 1528 1074 sine

248 1118 506 1184 intermissione
530 1132 668 1185 certare
692 1143 758 1205 pro
782 1122 1034 1184 Ecclesiastico
1058 1129 1162 1200 statu,
1188 1121 1263 1184 eius
1286 1122 1423 1182 honore
1447 1139 1528 1182 con-

249 1229 425 1290 servando
433 1276 443 1308 ,
467 1250 571 1310 quem
594 1230 709 1292 adhuc
734 1230 944 1310 populares,
974 1228 1059 1290 licet
1082 1228 1277 1291 seditiones
1300 1226 1527 1290 rebelliones-

250 1353 317 1414 que
331 1355 452 1397 eorum
465 1338 637 1398 adversus
650 1338 844 1399 secularem
854 1345 1067 1418 potestatem
1083 1335 1290 1413 resederint,
1306 1334 1439 1397 vellent
1450 1353 1530 1396 esse

249 1461 469 1522 oppressum.
517 1443 675 1524 Quorum
698 1443 916 1523 sententiae,
950 1443 1110 1505 etiamsi
1137 1442 1173 1504 in
1198 1442 1352 1524 speciem
1376 1440 1529 1504 blandiri

248 1547 423 1628 potuisset
455 1571 562 1612 avaro
594 1550 727 1631 anim0,
756 1569 934 1632 nunquam
959 1548 1110 1630 accessi,
1135 1569 1250 1629 neque
1274 1569 1373 1611 mens
1397 1556 1451 1611 est
1474 1567 1530 1610 ac·

249 1657 389 1736 cedere,
405 1657 466 1719 ubi
482 1655 615 1719 Sancta
631 1655 745 1720 Sedes
759 1657 828 1720 ista
843 1656 928 1721 mihi
944 1655 1092 1718 consilio
1117 1665 1151 1718 et
1165 1655 1310 1731 auxilie,
1334 1655 1363 1718 si
1388 1656 1530 1736 quando

249 1761 394 1840 gravius
426 1762 607 1827 immineat
641 1765 848 1846 periculum,
882 1764 917 1826 in
953 1771 1133 1845 posterum
1167 1783 1238 1825 non
1274 1761 1320 1824 sit
1353 1762 1529 1824 defutura.

251 1868 351 1947 Quae
375 1889 457 1932 suas
487 1890 575 1952 opes
606 1871 738 1952 poterit
762 1892 877 1953 neque
902 1870 1035 1949 melius,
1060 1889 1175 1950 neque
1200 1868 1457 1931 conducibilius
1472 1889 1529 1930 ex·

252 1976 423 2055 pendere,
448 1997 552 2059 quam
577 1978 808 2041 sublevandis
831 1978 911 2058 hiis,
935 1977 995 2059 qui
1020 1976 1295 2040 ecclesiasticam
1320 1975 1531 2056 dignitatem

250 2084 417 2145 tuendam
444 2097 677 2165 susceperunt
701 2084 908 2167 synceriter,
934 2104 1082 2164 quorum
1098 2104 1118 2146 e
1136 2103 1293 2163 numero,
1318 2083 1347 2145 si
1364 2082 1442 2164 quis
1466 2091 1531 2160 est,

250 2189 309 2269 qui
334 2190 601 2274 dispendiosum
626 2192 872 2276 compendium
897 2190 1016 2268 faciat,
1042 2210 1110 2272 ego
1135 2190 1193 2253 ille
1218 2210 1304 2270 sum,
1329 2189 1388 2271 qui
1404 2191 1469 2252 hac
1494 2189 1530 2250 in

249 2307 353 2377 parte
398 2320 419 2360 a
459 2300 599 2362 nemine
636 2320 742 2382 posse
784 2319 839 2362 me
876 2297 1036 2379 superari
1079 2297 1202 2376 velim,
1239 2299 1330 2359 adeo
1366 2296 1396 2358 si
1435 2297 1531 2376 quod

255 2403 324 2466 iam
355 2416 460 2467 antea
485 2405 598 2469 offitio
621 2406 829 2469 diminutum
864 2414 935 2484 est,
975 2403 1063 2468 alias
1088 2423 1267 2484 exequare
1300 2404 1531 2472 contendam:

254 2511 358 2573 modo
387 2524 519 2594 pergat
542 2511 721 2576 Sanctitas
745 2512 877 2575 Vestra
900 2512 935 2574 in
959 2521 1110 2594 paterno
1135 2531 1198 2574 suo
1224 2529 1312 2591 erga
1328 2530 1383 2572 me
1401 2529 1532 2584 amore,

252 2629 288 2680 et
312 2619 436 2698 offitio,
461 2641 587 2703 meque
600 2643 666 2705 pro
691 2620 932 2683 incolumitate
958 2619 1142 2700 dignitatis
1166 2638 1252 2680 suae
1277 2618 1400 2680 sedulo
1425 2636 1532 2698 agen·

252 2737 322 2788 tem
347 2727 476 2808 omnia,
501 2749 592 2809 quae
617 2732 651 2791 in
677 2727 810 2791 viribus
835 2737 908 2789 tum
933 2725 1078 2788 Consilii
1103 2735 1174 2787 tum
1192 2722 1410 2788 substantiae
1432 2743 1534 2786 meae

252 2833 320 2896 sita
344 2845 435 2915 sunt,
460 2859 529 2899 non
556 2839 707 2900 deserat.
755 2836 800 2899 Et
823 2833 1027 2898 felicissime
1055 2836 1180 2897 valeat.

341 2942 422 3006 Dat.
431 2944 631 3026 Inspruckh
639 2944 696 3007 die
705 2944 793 3007 XX.
805 2941 938 3005 Mensis
948 2941 1030 3021 Julii
1042 2944 1146 3003 Anno
1157 2936 1535 3002 DominiMDXXV¹⁰.

788 3156 995 3171 νννννὶΛΝᾺΝἱΛΛΝν-

856 3388 921 3454 235

553 3507 712 3587 Clemens
739 3508 817 3587 VIL
846 3439 936 3585 Buoi
962 3501 1228 3603 Letharingiaa

662 3650 1121 3727 mummmi

771 3772 825 3842 (23·
844 3774 912 3839 Julii
934 3770 1021 3838 1525l

344 3918 575 3983 Gratissimae
611 3917 714 3981 nobis
750 3917 893 3980 fuerunt
927 3912 1133 3977 Nobilitatis
1169 3922 1251 3973 tuae
1287 3908 1411 3972 literae
1448 3928 1537 3990 quas

255 4027 406 4090 dilectus
428 4024 522 4087 filius
548 4024 752 4107 Stephanus
776 4023 948 4087 Rusticus
976 4020 1080 4083 nobis
1104 4019 1239 4097 attulit,
1275 4017 1425 4100 ipseque
1452 4029 1537 4097 apte

256 4145 291 4197 et
306 4136 500 4216 prudenter
516 4136 726 4196 subsecutus
750 4140 804 4194 est
828 4130 965 4193 illarum
990 4138 1159 4204 tenorem,
1177 4135 1344 4206 tuumque
1359 4140 1448 4203 erga
1472 4142 1537 4184 nos

256 4254 293 4305 et
322 4243 414 4304 hanc
452 4238 618 4302 Sanctam
653 4236 783 4302 Sedem
816 4238 969 4300 animum
1003 4244 1039 4298 et
1073 4232 1338 4296 observantiam
1369 4241 1536 4310 tuamque

255 4349 426 4431 imprimis
450 4349 487 4409 in
511 4348 642 4427 Deum,
676 4358 713 4409 et
736 4344 805 4408 Dei
828 4344 935 4408 fidem
960 4340 1216 4405 sanctissimam
1241 4339 1410 4421 pietatem
1435 4356 1534 4417 egre-

256 4456 351 4539 giam
377 4455 572 4537 expressit;
606 4474 697 4533 quae
722 4451 850 4531 omnia,
881 4451 947 4514 etsi
980 4448 1082 4511 nobis
1108 4448 1216 4509 multo
1240 4456 1322 4508 ante
1346 4452 1537 4525 perspecta

257 4575 293 4626 et
317 4563 462 4645 cognita
484 4561 642 4638 fuerant,
668 4569 786 4622 tamen
810 4560 876 4621 hac
900 4556 1034 4619 recenti
1059 4553 1209 4618 victoria
1233 4572 1336 4633 quam
1361 4550 1537 4611 adversus

259 4672 542 4734 Lutheranorum
565 4687 707 4729 manum
731 4666 849 4728 omnia
872 4667 1026 4727 humana
1059 4674 1095 4725 et
1126 4660 1247 4722 divina
1280 4658 1357 4719 iura
1388 4654 1538 4719 confun-

258 4780 412 4855 dentem,
437 4775 559 4837 divina
583 4774 770 4836 assistente
803 4771 920 4853 gratia
954 4768 1185 4851 comparasti,
1219 4766 1397 4828 illustrata
1426 4763 1539 4826 fuisse

259 4884 362 4951 nobis
391 4881 679 4947 iucundissimum
707 4878 854 4960 accidit,
883 4878 1017 4960 tibique
1047 4884 1241 4959 propterea
1272 4883 1307 4934 et
1336 4868 1540 4933 fortissimis
