3425 5700
812 525 962 614 sone
1000 557 1058 612 oo

728 831 1139 1049 Gampegiii4iudoleto.

671 1093 844 1163 (lluntlst.
868 1095 1018 1155 German
1044 1093 1119 1154 lam
1146 1093 1198 1161 to.)

792 1213 844 1282 (26.
866 1215 969 1280 Aprilis
991 1213 1078 1278 1525.)

385 1390 443 1408 ...
469 1343 573 1409 Circa
597 1347 629 1408 le
654 1367 737 1408 cose
761 1348 971 1429 pruthenice
996 1369 1063 1412 con
1086 1350 1121 1411 le
1136 1348 1254 1411 littere
1279 1349 1324 1411 de
1341 1347 1461 1411 XXX
1478 1369 1574 1410 man·

297 1449 355 1512 dai
379 1451 484 1532 copia
507 1452 552 1514 de
577 1453 611 1514 la
635 1451 754 1516 littera
777 1455 843 1517 che
868 1455 904 1517 di
927 1454 961 1519 le
994 1455 1157 1519 scriveva
1189 1453 1331 1519 Statilio
1364 1465 1506 1518 oratore
1539 1453 1574 1517 in

297 1557 447 1620 Polonia
470 1558 505 1620 di
530 1570 671 1640 questa,
701 1581 767 1642 per
791 1564 909 1643 quella
934 1563 1098 1637 materia;
1123 1572 1158 1626 et
1182 1562 1320 1626 benche
1345 1583 1415 1625 non
1438 1561 1575 1644 potessi

296 1665 540 1744 persuadermi
565 1665 600 1762 di
625 1670 705 1748 quel
730 1689 770 1731 re
794 1671 861 1733 che
877 1671 1027 1733 havesse
1045 1692 1067 1733 a
1081 1669 1284 1733 consentire
1307 1690 1328 1732 a
1343 1674 1416 1732 cosl
1441 1668 1575 1733 enormi

297 1770 514 1851 condicioni,
543 1793 610 1854 pur
640 1775 675 1837 la
705 1775 934 1840 conclusione
966 1787 1002 1841 et
1030 1798 1121 1859 pace
1149 1777 1349 1841 universale
1384 1777 1402 1840 ὲ
1435 1775 1577 1858 seguita

295 1874 352 1938 fra
376 1878 452 1940 loro
477 1889 514 1940 et
537 1885 610 1943 cosi
634 1881 750 1946 scrive
774 1884 874 1947 detto
899 1881 1041 1947 Statilio
1066 1894 1102 1948 et
1126 1886 1160 1947 la
1183 1883 1305 1966 quinta
1324 1883 1413 1946 feria
1429 1881 1576 1946 Maioris

297 1985 519 2048 ebdomadae
550 1986 573 2049 il
603 2008 644 2052 re
674 1989 698 2051 li
729 1991 826 2053 dette
860 1991 884 2053 il
914 1992 1107 2054 stendardo
1141 2001 1176 2054 et
1207 1993 1241 2054 lo
1277 1990 1424 2054 infeudb
1460 1991 1506 2053 de
1542 1991 1577 2052 la

296 2089 440 2154 Prussia
464 2104 500 2154 et
522 2095 557 2157 lo
582 2097 628 2157 ha
652 2095 742 2159 fatto
768 2097 803 2160 di
819 2118 908 2180 gran
927 2109 1090 2177 maestro,
1116 2099 1259 2161 dimissa
1275 2097 1458 2179 religione,
1483 2097 1576 2160 duca

297 2197 332 2260 di
356 2199 500 2262 Prussia
524 2211 560 2262 et
584 2201 658 2266 cosi
683 2203 730 2265 lui
756 2205 785 2266 si
802 2205 918 2268 scrive
936 2215 971 2268 et
988 2205 1140 2268 nomina.
1187 2205 1232 2268 Et
1256 2203 1394 2268 bencbe
1419 2207 1452 2268 el
1475 2205 1576 2268 detto

296 2327 365 2368 non
390 2307 507 2370 scriva
530 2309 842 2391 particolarmente
867 2315 899 2376 le
924 2311 1136 2394 condicioni,
1161 2333 1218 2376 ma
1241 2313 1274 2376 le
1298 2311 1425 2376 riservi
1452 2312 1486 2374 al
1511 2331 1575 2374 suo

295 2413 431 2477 ritorno
455 2415 521 2478 che
545 2417 626 2480 sare
650 2428 792 2500 prest0,
827 2440 895 2502 pur
927 2440 966 2483 se
989 2419 1135 2484 intende
1160 2421 1226 2483 che
1250 2419 1309 2502 gissa
1333 2421 1368 2482 lo
1392 2421 1439 2482 ba
1460 2417 1574 2482 infeu-

297 2521 381 2583 dato
405 2542 471 2603 pro
495 2543 534 2586 se
558 2533 594 2586 et
618 2526 918 2590 descendentibus
947 2539 982 2591 et
1007 2529 1097 2591 altra
1121 2548 1186 2609 pro
1210 2527 1385 2607 Joachino
1418 2528 1577 2589 electore

297 2636 332 2689 et
356 2628 426 2690 alio
450 2628 560 2693 fratre
585 2631 644 2712 qui
668 2643 722 2696 est
745 2633 782 2696 in
806 2635 981 2717 Hispania
1008 2637 1111 2716 quale
1135 2636 1181 2698 ha
1204 2654 1270 2715 per
1295 2633 1425 2716 moglie
1458 2635 1492 2695 la
1518 2633 1577 2695 del

297 2737 475 2816 quondam
510 2756 549 2800 re
583 2740 777 2820 catholicO,
811 2752 847 2804 et
886 2753 1011 2824 questo
1045 2741 1366 2805 successivemente
1402 2760 1468 2802 con
1505 2760 1578 2803 non

296 2863 389 2924 poco
413 2855 573 2926 suspetto
598 2849 664 2910 che
682 2848 703 2910 'l
729 2850 826 2912 detto
857 2870 897 2912 re
925 2849 977 2912 sia
1000 2870 1065 2932 per
1090 2849 1180 2912 darii
1202 2850 1237 2911 le
1259 2847 1395 2931 figliole
1419 2868 1482 2910 sua
1506 2845 1579 2929 pri·

296 2950 479 3031 mogenita
504 2954 549 3016 de
572 2953 594 3015 l'
610 2956 701 3018 altra
724 2957 899 3038 mogliera
922 2967 960 3019 ut
983 2958 1113 3020 malum
1136 2958 1229 3019 malo
1251 2956 1413 3036 addatur,
1438 2954 1466 3017 si
1493 2974 1578 3035 per·

297 3056 363 3119 che
386 3078 475 3121 sono
500 3060 677 3125 coniuncti
700 3062 734 3125 in
760 3064 918 3127 secundo
952 3065 1085 3147 gradu,
1121 3068 1149 3126 sl
1183 3063 1314 3145 perch&
1351 3062 1449 3125 detto
1484 3082 1578 3143 gran

298 3174 451 3229 maestro
476 3167 494 3229 ἐ
518 3167 662 3232 addicto
686 3172 732 3233 ad
756 3170 825 3234 tria
847 3184 954 3245 vota;
988 3173 1123 3234 enchor
1151 3172 1216 3233 che
1240 3170 1275 3233 io
1300 3170 1407 3232 creda
1431 3168 1484 3231 ch'
1503 3167 1581 3250 egli

295 3292 360 3354 per
383 3292 502 3336 essere
526 3275 689 3339 immerso
717 3276 752 3340 in
786 3289 912 3359 questa
942 3279 1134 3341 maledetta
1157 3284 1250 3341 setta
1281 3278 1466 3339 lutherana
1500 3296 1576 3338 non

296 3378 326 3442 si
350 3380 475 3443 curera
500 3382 543 3444 ni
568 3383 613 3445 de
638 3383 743 3447 l'uno
770 3385 812 3447 ni
838 3386 874 3446 di
898 3386 919 3446 l'
937 3387 1027 3448 altro
1062 3395 1097 3447 et
1122 3384 1225 3447 stimo
1257 3387 1323 3447 che
1356 3381 1392 3446 di
1421 3391 1513 3445 tutto
1551 3382 1583 3445 si

297 3487 447 3568 pensino
471 3488 673 3553 facilmente
698 3500 861 3555 ottenere
885 3491 1146 3573 approbatione
1175 3500 1210 3553 et
1240 3489 1505 3571 dispensatione
1532 3490 1583 3551 da

296 3594 338 3659 N.
364 3592 400 3657 S.
425 3596 620 3660 colorando
644 3607 735 3660 tutto
760 3607 886 3681 questo
912 3608 1057 3661 trattato
1082 3599 1137 3661 col
1162 3617 1266 3660 nome
1291 3597 1336 3659 de
1359 3597 1395 3659 la
1417 3615 1509 3677 pace
1545 3604 1585 3658 et

298 3701 334 3763 di
358 3713 484 3783 potere
507 3704 568 3786 piu
592 3704 795 3768 facilmente
819 3704 966 3790 opporsi
990 3714 1114 3769 contra
1137 3703 1252 3767 turchi
1276 3724 1297 3766 o
1322 3722 1422 3767 come
1444 3702 1586 3785 meglio

297 3830 486 3891 sapranno,
510 3815 666 3893 porche
690 3814 741 3895 gli
766 3812 818 3876 sia
842 3813 1001 3876 creduto.
1048 3811 1087 3875 10
1110 3811 1190 3874 diro
1214 3810 1237 3873 il
1262 3830 1349 3873 vero
1373 3830 1395 3873 a
1410 3808 1452 3875 V.
1469 3807 1507 3873 S.
1532 3812 1585 3873 bo

298 3926 398 3979 tanto
428 3917 635 3999 despiacere
665 3920 700 3982 di
739 3931 865 4001 questa
901 3940 985 3982 cosa
1017 3920 1083 3981 che
1117 3918 1225 3981 niuno
1260 3918 1350 3979 altro
1384 3914 1589 3999 particolar

298 4025 368 4088 mio
393 4027 459 4088 che
482 4026 528 4087 mi
553 4047 760 4090 accascasse
790 4027 825 4091 in
860 4026 1055 4103 contrario,
1080 4025 1175 4089 fosse
1199 4026 1312 4088 anche
1336 4025 1370 4086 le
1395 4034 1509 4086 morte
1537 4024 1588 4087 de

297 4152 345 4194 un
373 4131 444 4195 mio
477 4132 629 4215 figliolo‚
661 4134 721 4216 pib
753 4135 800 4197 mi
827 4136 1003 4216 potrebbe
1037 4134 1159 4195 dolere
1193 4142 1228 4196 et
1261 4151 1380 4195 essere
1415 4132 1589 4213 molesto,

298 4239 508 4322 parendomi
532 4244 597 4303 ebe
621 4240 674 4303 sia
698 4262 782 4305 cosa
806 4240 842 4303 di
866 4250 964 4305 tanto
989 4243 1081 4303 mala
1096 4250 1192 4303 sorte
1209 4240 1275 4303 che
1297 4238 1357 4320 piu
1375 4258 1446 4300 non
1469 4258 1590 4319 possa

300 4369 436 4429 essere,
469 4357 506 4411 et
529 4348 812 4411 massimamente
836 4369 857 4410 a
882 4346 997 4430 questi
1021 4346 1130 4429 tempi
1154 4368 1199 4409 ne
1227 4346 1251 4409 li
1283 4344 1379 4427 quali
1412 4344 1439 4407 si
1475 4354 1590 4409 sente

300 4456 366 4519 che
401 4454 481 4518 tutti
516 4454 541 4518 li
575 4455 656 4518 altri
691 4455 969 4519 commendatori
1004 4454 1040 4517 in
1074 4452 1218 4517 Prussia
1253 4470 1412 4534 pensano
1444 4454 1591 4515 anchor

300 4562 419 4644 eglino
444 4562 480 4625 di
505 4570 600 4626 torre
624 4564 756 4645 moglie
780 4561 1080 4645 appropriandosi
1104 4561 1128 4623 li
1152 4560 1235 4623 beni
1252 4561 1296 4623 de
1312 4560 1346 4622 le
1359 4560 1593 4639 commende,

301 4680 336 4734 et
361 4674 433 4734 cosl
458 4691 479 4733 a
502 4672 596 4735 bove
621 4671 744 4733 maiori
768 4670 874 4733 discit
897 4690 999 4734 arare
1022 4669 1146 4732 minor.
1191 4667 1233 4731 In
1263 4666 1414 4730 Livonia
1443 4668 1595 4731 anchor

300 4788 468 4860 presento
493 4779 558 4840 che
581 4777 735 4859 pessime
758 4778 916 4841 sentiunt
939 4778 984 4839 de
1007 4776 1078 4839 fide
1094 4785 1130 4839 et
1146 4783 1238 4839 tutta
1254 4775 1290 4836 la
1304 4773 1595 4857 quadragesima

301 4886 562 4973 publicamente
586 4887 705 4948 banno
722 4885 903 4967 mangiato
921 4904 1047 4963 carne,
1072 4883 1180 4946 credo
1197 4883 1332 4944 anchor
1347 4882 1382 4943 lo
1397 4878 1595 4964 Episcopo
