3425 5700
841 541 1088 596 essee*

323 689 492 766 effecerit,
516 690 605 750 sicut
626 710 705 749 cum
726 711 768 748 eo
786 689 892 749 latius
907 688 1026 749 nuncii
1048 688 1156 748 iidem
1180 690 1292 749 nostri
1315 701 1440 750 nostro
1464 689 1591 752 nomine

322 810 449 876 agent;
479 797 607 876 quibus
630 795 737 858 fidem
765 797 923 857 habebit.
978 797 1060 856 Dat
1090 795 1269 859 Malianae
1302 795 1353 858 IV
1385 795 1474 858 Maii
1511 817 1591 875 ¹5²¹·

326 905 432 964 Anno
456 923 561 965 nono.

938 1370 992 1434 st.

682 1487 750 1567 leo
777 1487 820 1566 X
850 1486 1043 1566 confessori
1069 1487 1240 1566 caesaria

763 1634 902 1691 rrum
922 1635 1048 1691 ema
1065 1633 1099 1690 u
1116 1635 1168 1701 a)

726 1748 802 1810 lljum
829 1746 923 1793 litteris
952 1759 992 1806 14.
1018 1746 1083 1792 stati
1113 1750 1198 1806 1321.)

414 1869 484 1930 Dil.
510 1869 587 1930 Fili.
634 1869 782 1930 (iratum
815 1882 871 1931 est
900 1871 1004 1932 nobis
1034 1872 1168 1932 debere
1200 1871 1265 1930 tibi
1302 1870 1463 1950 quotidie
1494 1890 1593 1932 novas

324 1977 479 2056 gratias,
510 1990 548 2037 ut
571 1979 678 2038 etiam
702 1976 836 2038 referre
867 1979 1063 2059 possimus:
1091 1977 1142 2039 sic
1165 1977 1260 2038 enim
1283 1989 1345 2038 tua
1371 1977 1484 2040 uirtus
1514 1977 1594 2038 fides

325 2085 522 2164 religioque
545 2095 710 2145 meretur.
757 2084 846 2145 Nam
871 2087 968 2165 quod
992 2085 1128 2166 optimo
1152 2084 1286 2162 animo,
1315 2085 1412 2164 quod
1445 2094 1594 2166 prestan-

325 2192 458 2252 tissima
481 2191 626 2272 pietate,
651 2193 747 2271 quod
771 2191 943 2272 singulari
967 2193 1003 2253 in
1027 2190 1238 2252 catholicam
1261 2191 1368 2254 fidem
1383 2203 1420 2252 et
1434 2190 1595 2253 Sanctam

325 2299 455 2360 Sedem
481 2298 725 2378 Apostolicam
750 2300 934 2360 voluntate
957 2311 1012 2360 est
1036 2299 1185 2378 Caesar,
1214 2298 1381 2378 provenit
1405 2298 1441 2358 id
1462 2299 1595 2379 quidem

325 2426 370 2467 ex
396 2406 474 2466 Deo
506 2406 724 2485 potissimum
757 2417 791 2468 et
823 2409 870 2466 ab
897 2406 992 2466 illius
1020 2406 1154 2487 optima
1183 2405 1522 2486 religiosissimeque
1544 2425 1596 2468 na·

325 2525 414 2589 tura,
438 2514 502 2572 sed
523 2523 559 2573 et
576 2523 658 2574 tuae
681 2527 803 2592 partes
826 2511 862 2572 in
878 2534 922 2574 eo
946 2514 1167 2574 cohortando
1184 2533 1256 2574 non
1279 2512 1433 2593 exiguae
1449 2512 1595 2576 fuerunt.

327 2618 451 2698 Itaque
479 2629 615 2680 tanturn
648 2619 708 2680 ille
738 2619 953 2680 christianae
981 2619 1200 2699 reipublicae
1231 2620 1434 2680 damnanda
1459 2616 1597 2680 Lutheri

326 2724 507 2804 impietate
522 2725 710 2806 praestitit,
735 2738 806 2788 tam
821 2726 1010 2806 magnifice
1033 2737 1141 2806 atque
1155 2727 1341 2806 praeclare
1356 2726 1597 2788 auctoritatem

325 2854 423 2894 suam
452 2833 602 2896 caeteris
636 2836 802 2916 exemplo
826 2857 906 2897 esse
930 2834 1062 2913 voluit,
1085 2845 1123 2896 ut
1146 2834 1234 2896 nihil
1257 2834 1370 2896 maius
1393 2834 1438 2895 sit
1461 2833 1598 2913 quoda

325 2940 477 3002 maximo
501 2942 661 3023 principe
686 2952 881 3023 expectare
909 2942 1085 3024 possimus
1142 2941 1293 3022 Agimus
1322 2940 1431 3020 igitur
1454 2936 1600 3001 sublatis

326 3048 488 3109 manibus
523 3048 558 3110 in
595 3052 732 3111 coelum
769 3060 804 3111 et
829 3052 908 3112 Deo
932 3061 967 3111 et
991 3050 1042 3110 illi
1065 3059 1102 3111 et
1125 3046 1307 3109 devotioni
1331 3060 1414 3109 tuae
1436 3047 1600 3128 ingentes

325 3154 460 3235 gratias
483 3176 571 3236 quas
595 3156 727 3217 referet
751 3156 814 3218 tibi
840 3157 983 3237 quidem
1008 3157 1106 3217 Deus
1128 3156 1193 3217 sed
1217 3166 1253 3217 et
1276 3175 1342 3215 nos
1364 3164 1506 3215 tuorum
1530 3149 1601 3214 offl-

327 3261 461 3323 ciorum
485 3282 573 3343 erga
597 3283 661 3324 nos
686 3263 891 3324 memoriam
914 3283 1033 3324 sumus
1049 3270 1259 3343 perpetuam
1282 3260 1318 3322 in
1338 3259 1457 3321 animo
1481 3268 1601 3320 nostro

326 3368 587 3439 conservatum
621 3369 796 3431 cernimus
821 3372 915 3431 enim
939 3381 975 3431 et
998 3369 1246 3449 cognoscimus
1270 3378 1440 3448 quantum
1473 3376 1511 3428 tu
1537 3366 1602 3427 ela·

325 3476 520 3556 boraveris,
556 3497 627 3557 qua
651 3498 755 3556 cura,
794 3498 865 3558 quo
888 3477 1022 3556 studio,
1046 3486 1180 3558 quanta
1203 3473 1389 3555 diligentia
1412 3472 1524 3535 fueris
1546 3472 1602 3533 ad·

326 3584 432 3645 nixus
454 3595 493 3645 ut
515 3584 643 3665 ingens
666 3585 796 3646 malurn
820 3583 1043 3667 perniciosae
1067 3583 1226 3644 haeresis
1249 3601 1340 3662 quae
1364 3580 1495 3642 sensim
1522 3578 1605 3642 Ger·

327 3691 477 3753 maniam
502 3712 642 3754 omnem
665 3702 832 3772 tanquam
861 3691 1066 3771 pestilentia
1089 3691 1264 3771 quaedam
1295 3686 1478 3749 inficiebat
1485 3738 1495 3767 ,
1529 3687 1605 3767 ipso

327 3808 472 3859 auctore
491 3799 670 3877 damnat0‚
685 3798 987 3879 comprimeretur,
1003 3798 1256 3876 Sathanaeque
1273 3816 1338 3876 per
1353 3795 1447 3855 hunc
1463 3795 1607 3855 modum

327 3904 362 3967 in
387 3902 543 3966 fidelium
566 3924 698 3986 greges
721 3904 894 3967 crassanti
917 3905 1151 3985 pessimorum
1174 3902 1352 3964 hominum
1376 3899 1610 3963 ministerium

327 4012 574 4092 surriperetur.
621 4011 721 4093 Quae
745 4012 912 4094 quoniam
936 4033 958 4073 a
981 4024 1016 4072 te
1033 4012 1112 4072 Deo
1136 4008 1282 4089 auspice
1298 4018 1404 4088 cepta
1424 4017 1461 4070 et
1476 4026 1611 4088 magna

328 4140 372 4179 ex
409 4130 511 4199 parte
547 4118 710 4180 confecta
740 4130 836 4198 sunt,
874 4120 919 4181 de
948 4118 1086 4199 reliquo
1118 4116 1185 4179 etsi
1222 4136 1294 4178 non
1327 4136 1367 4177 es
1398 4116 1611 4189 hortandus,

327 4226 413 4287 satis
438 4225 530 4287 enim
562 4236 596 4287 te
621 4226 746 4287 eadem
770 4226 883 4287 virtus
912 4237 974 4286 tua
996 4222 1195 4305 religioque
1227 4222 1454 4292 adhortatur;
1488 4233 1610 4283 tamen

328 4332 554 4395 devotionem
579 4342 673 4393 tuam
697 4334 881 4395 hortamur
903 4332 940 4393 in
961 4330 1113 4393 Domino
1137 4339 1175 4392 ut
1199 4349 1352 4413 pergere
1375 4331 1505 4391 eadem
1531 4348 1609 4391 con-

328 4438 459 4501 stantia
490 4440 715 4519 palmamque
740 4439 876 4500 fractae
909 4451 944 4500 et
968 4436 1109 4519 penitus
1134 4436 1391 4499 exterminatae
1414 4434 1611 4517 impietatis

328 4566 501 4627 quaerere
524 4545 588 4607 tibi
613 4548 708 4627 apud
734 4548 847 4608 Deum
872 4559 906 4607 et
931 4545 1133 4608 universum
1156 4546 1326 4625 populum
1343 4542 1413 4605 Dei
1427 4563 1502 4605 non
1517 4554 1612 4624 post·

328 4675 452 4736 ponas,
476 4655 511 4715 in
536 4674 606 4734 quo
628 4652 711 4734 quid
737 4662 798 4713 tua
821 4652 934 4714 virtus
953 4651 1097 4714 efficere
1121 4650 1234 4732 possit
1250 4650 1389 4729 scimus,
1413 4652 1459 4711 de
1474 4648 1615 4732 optima

330 4763 513 4824 voluntate
546 4781 615 4823 non
656 4760 869 4821 dubitamus,
917 4761 1040 4835 Certe,
1075 4759 1110 4820 id
1143 4759 1238 4840 quod
1270 4756 1472 4838 intelligere
1509 4768 1615 4838 potes

330 4870 418 4955 ipse,
444 4870 510 4937 erit
535 4872 602 4931 hoc
627 4879 724 4930 tuum
749 4868 813 4932 tibi
838 4866 994 4933 officium
1018 4877 1054 4931 et
1077 4866 1173 4949 apud
1189 4866 1303 4930 Deum
1329 4863 1556 4929 fructuosum
1581 4872 1616 4926 et
