3425 5700
825 552 1072 611 ‘>·<3390{}-o

911 834 985 897 176.

579 952 725 1033 Carolus
752 951 792 1031 V.
820 950 930 1030 fratri
956 948 1181 1029 Fordinundo
1210 948 1307 1028 aruh.

740 1098 838 1171 (nur.
856 1096 975 1171 rmus.
994 1096 1016 1154 1.
1034 1094 1081 1155 ru
1099 1096 1153 1166 ta)

784 1218 852 1284 (ult.
873 1218 998 1266 octobris
1021 1213 1107 1284 1524.)

396 1345 545 1408 Carolus
569 1342 699 1406 Divina
722 1341 867 1405 favente
892 1339 1081 1403 clementia
1104 1340 1143 1401 E.
1169 1340 1413 1401 Romanorum
1433 1339 1585 1420 Impera·

306 1463 362 1515 tor
385 1473 526 1534 semper
558 1452 742 1533 Augustus
766 1469 808 1511 ac
833 1447 1069 1527 Germaniae,
1104 1445 1372 1527 Hispaniarum,
1403 1445 1586 1526 utriusque

306 1558 460 1639 Siciliae,
485 1558 708 1621 Hierusalem
733 1566 799 1619 etc.
847 1556 943 1636 Rex,
969 1554 1157 1618 Archidux
1181 1552 1367 1632 Austriae,
1392 1552 1475 1614 Dux
1500 1552 1586 1615 Bur·
1689 1541 1690 1544 ¹

242 1716 251 1737 ,„
306 1665 481 1748 gundiae,
513 1664 730 1727 Brabantiae
756 1672 822 1726 etc.
881 1663 1009 1725 Comes
1032 1660 1257 1744 Habspurgi,
1292 1660 1484 1722 Flandriae
1520 1670 1586 1723 etc.

306 1772 540 1836 Serenissimo
564 1770 722 1850 Principi
747 1769 900 1832 Domino
925 1768 1152 1832 Ferdinando
1176 1765 1308 1829 Infanti
1334 1766 1585 1848 Hispaniarum

306 1879 500 1942 Archiduci
534 1876 701 1941 Austriae
741 1887 806 1939 etc.
838 1876 940 1939 fratri
976 1885 1099 1939 nostro
1131 1874 1337 1937 charissimo
1366 1876 1517 1937 salutem
1553 1886 1587 1938 et

306 1986 452 2049 fraterni
476 1984 607 2047 amoris
631 1982 835 2047 continuum
859 1983 1123 2046 incrementum.
1161 1980 1396 2045 Serenissime
1412 1981 1587 2063 Princeps

305 2094 416 2155 frater
441 2090 655 2154 charissime.
693 2091 866 2172 Acceptis
890 2090 1002 2153 literis
1025 2088 1236 2152 Serenitatis
1259 2089 1412 2151 Vestrae
1435 2088 1481 2151 de
1506 2110 1587 2151 con-

305 2199 435 2263 stitutis
468 2198 503 2261 in
532 2196 790 2279 Ratisponensi
821 2207 1017 2275 conventu,
1045 2206 1145 2259 tanta
1173 2216 1292 2257 sumus
1322 2194 1436 2258 letitia
1465 2196 1588 2259 affecti

250 2307 254 2319 '
305 2316 342 2369 ut
367 2306 490 2369 maiori
515 2314 612 2369 certe
637 2325 706 2367 non
730 2304 980 2386 potuissemuS,
1005 2302 1376 2387 promptissimumque
1400 2303 1588 2366 consilium

305 2411 516 2477 Serenitatis
540 2413 692 2474 Vestrae
717 2421 1007 2492 ceterorumque,
1031 2411 1090 2492 qui
1115 2411 1161 2473 ad
1185 2420 1255 2472 tam
1281 2411 1461 2473 excellens
1495 2430 1588 2491 opus

305 2518 474 2602 suffragia
503 2539 568 2581 sua
591 2518 890 2599 administrarunt,
915 2539 985 2579 non
1009 2518 1122 2581 solum
1146 2525 1222 2580 toto
1246 2517 1364 2580 animo
1380 2519 1587 2597 probamuS,

304 2628 368 2690 scd
393 2628 439 2689 ob
463 2626 500 2688 id
524 2627 694 2689 maximas
717 2625 821 2688 vobis
845 2624 1008 2688 omnibus
1032 2624 1192 2707 agendas
1220 2624 1356 2705 gratias
1387 2644 1587 2705 censemus,

304 2734 501 2814 Utramque
526 2730 763 2797 Serenitatem
787 2733 981 2811 hortamur,
1004 2742 1043 2794 ut
1066 2732 1222 2815 ipsorum
1248 2731 1414 2812 singulis,
1438 2731 1499 2812 qui
1525 2744 1588 2794 aut

306 2837 476 2902 eiusmodi
501 2839 650 2903 comitiis
674 2838 923 2919 interfuerunt,
948 2860 1076 2902 suosve
1100 2838 1258 2916 nuncioS,
1283 2849 1319 2901 et
1342 2839 1589 2904 mandatarios
1689 2829 1690 2832 ¹

304 2946 484 3026 miserunt,
508 2946 676 3028 plurimas
701 2955 822 3010 nostro
847 2948 989 3009 nomine
1013 2946 1148 3028 gratias
1172 2958 1267 3028 agat,
1292 2967 1333 3009 ac
1357 2947 1416 3028 ita,
1437 2956 1476 3009 ut
1492 2946 1587 3030 ipso-

303 3073 380 3116 rum
412 3053 650 3135 unusquisque
686 3073 728 3116 ac
751 3053 939 3136 presertim
964 3053 1139 3116 Bavariae
1168 3055 1288 3117 Duces
1325 3056 1588 3136 consanguinei

306 3161 414 3222 nostri
447 3161 641 3224 charissimi
672 3160 876 3242 intelligant
912 3182 949 3223 se
980 3182 1053 3224 rem
1088 3162 1190 3225 nobis
1217 3161 1342 3224 mirum
1373 3161 1409 3223 in
1441 3163 1589 3227 modum

305 3278 444 3350 gratam
468 3267 607 3349 fecisse,
632 3288 848 3351 sperareque
874 3289 939 3331 nos
963 3262 1124 3331 caete'ros
1149 3267 1249 3330 Sacri
1268 3269 1424 3331 Romani
1438 3269 1588 3351 Imperii

304 3375 487 3438 Electores
516 3374 716 3457 Principes,
741 3387 777 3438 et
802 3385 929 3456 status,
958 3375 986 3438 si
1019 3395 1165 3456 quorum
1194 3379 1240 3438 ab
1271 3375 1441 3439 eiusmodi
1464 3397 1587 3440 sacro·

304 3481 436 3544 sanctis
460 3489 496 3544 et
520 3503 604 3544 vere
629 3481 828 3546 christianis
856 3482 1025 3545 institutis
1058 3482 1205 3546 consilia
1236 3486 1341 3546 modo
1372 3483 1491 3566 aliquo
1525 3485 1575 3548 ad

304 3608 407 3651 versa
431 3600 521 3670 sunt,
547 3589 608 3651 tali
633 3592 798 3671 exemplo
823 3589 986 3652 adductis
1004 3590 1130 3671 hisque
1151 3592 1252 3654 malis
1275 3590 1463 3670 deterritiS,
1489 3613 1589 3674 quae

302 3694 370 3757 iam
395 3694 506 3775 pestis
530 3695 590 3757 illa
623 3696 827 3758 Lutherana
862 3696 1032 3759 suscitare
1063 3698 1202 3778 coepit,
1234 3697 1401 3779 optimam
1432 3708 1469 3760 et
1503 3700 1589 3762 Deo

301 3800 477 3883 placidam
502 3802 595 3865 viam
620 3813 851 3884 sequuturos,
877 3814 913 3865 et
937 3805 1079 3885 quando
1104 3805 1203 3867 Deus
1227 3804 1304 3887 ipse
1329 3805 1483 3886 optimus
1508 3807 1588 3870 Ma-

302 3909 415 3972 ximus
440 3919 510 3971 tam
535 3931 709 3993 prospere
732 3911 801 3974 hiis
825 3911 933 3974 initiis
957 3910 1089 3974 affulsit
1113 3911 1278 3994 iactaque
1293 3922 1374 3975 sunt
1388 3921 1458 3975 tam
1485 3917 1591 3978 bona

301 4015 531 4078 fundamenta
557 4019 651 4080 nulla
675 4039 773 4080 mora
797 4016 1044 4081 interiicienda
1067 4029 1136 4100 est,
1161 4039 1231 4100 quo
1256 4019 1370 4082 minus
1394 4040 1484 4101 opus
1511 4031 1589 4084 tam

300 4131 459 4185 sanctum
484 4134 693 4207 peragatur,
719 4127 846 4188 ceteris
872 4125 977 4188 etiam
1001 4126 1045 4189 iis
1069 4125 1273 4189 melioribus
1297 4125 1462 4190 remediis
1489 4149 1589 4211 quae

300 4227 462 4292 adhiberi
486 4241 664 4311 poterunt,
690 4233 734 4294 ad
759 4253 880 4295 veram
905 4235 1169 4315 agnoscendam
1193 4233 1364 4315 pietatem
1378 4233 1590 4299 excitandis

299 4336 483 4416 modisque
508 4337 669 4401 omnibus
693 4337 900 4417 alliciendis,
926 4360 994 4420 qua
1018 4339 1053 4402 in
1076 4361 1115 4402 re
1140 4361 1361 4422 nequaquam
1386 4339 1591 4408 diffidimus

300 4451 336 4505 et
359 4442 511 4505 studium
537 4452 573 4506 et
596 4445 816 4525 diligentiam
842 4444 1051 4509 Serenitatis
1067 4447 1218 4510 Vestrae
1234 4447 1444 4511 defuturam.
1494 4451 1589 4515 Cae-

301 4557 414 4612 terum
440 4570 508 4630 quo
543 4551 668 4614 melius
698 4550 803 4613 etiam
837 4552 1018 4633 negotium
1047 4552 1219 4635 perficere
1243 4555 1365 4636 possit,
1390 4555 1590 4622 scribimus

299 4664 335 4718 et
358 4676 422 4718 nos
456 4654 557 4719 Sacri
582 4657 738 4721 Romani
762 4659 905 4740 Imperii
929 4659 1163 4742 Electoribus,
1187 4682 1229 4724 ac
1246 4660 1459 4726 Germaniae
1486 4663 1589 4730 Civi-

297 4762 441 4845 tatibuS,
466 4761 611 4827 dimissa
635 4763 815 4829 literarum
840 4767 1151 4850 suprascriptione,
1176 4778 1214 4831 ut
1237 4769 1316 4851 ipsa
1330 4769 1460 4832 Vestra
1474 4769 1589 4840 Sere-

297 4867 389 4932 nitas
412 4889 478 4951 pro
502 4870 649 4934 arbitrio
674 4891 737 4935 suo
763 4872 842 4936 illas
867 4873 1022 4956 dirigere
1046 4875 1168 4956 possit.
1215 4874 1328 4940 Nobis
1361 4876 1508 4961 quidem
1536 4882 1590 4948 ni·
