<?xml version="1.0" encoding="UTF-8"?>
<!DOCTYPE html PUBLIC "-//W3C//DTD XHTML 1.0 Transitional//EN"
    "http://www.w3.org/TR/xhtml1/DTD/xhtml1-transitional.dtd">
<html xmlns="http://www.w3.org/1999/xhtml" xml:lang="en" lang="en">
 <head>
  <title>
</title>
<meta http-equiv="Content-Type" content="text/html;charset=utf-8" />
  <meta name='ocr-system' content='tesseract 3.04.00' />
  <meta name='ocr-capabilities' content='ocr_page ocr_carea ocr_par ocr_line ocrx_word'/>
</head>
<body>
  <div class='ocr_page' id='page_1' title='image "./monumentareform00unkngoog_0156.png"; bbox 0 0 3425 5700; ppageno 0'>
   <div class='ocr_carea' id='block_1_1' title="bbox 957 723 1012 790">
    <p class='ocr_par' dir='ltr' id='par_1_1' title="bbox 957 723 1012 790">
     <span class='ocr_line' id='line_1_1' title="bbox 957 723 1012 790; baseline 0.055 -3"><span class='ocrx_word' id='word_1_1' title='bbox 957 723 1012 790; x_wconf 80' lang='lat'>49.</span> 
     </span>
    </p>
   </div>
   <div class='ocr_carea' id='block_1_2' title="bbox 679 842 1312 933">
    <p class='ocr_par' dir='ltr' id='par_1_2' title="bbox 679 842 1312 933">
     <span class='ocr_line' id='line_1_2' title="bbox 679 842 1312 933; baseline 0.003 -4"><span class='ocrx_word' id='word_1_2' title='bbox 679 849 1003 932; x_wconf 82' lang='lat' dir='ltr'>Vioeoanoell.</span> <span class='ocrx_word' id='word_1_3' title='bbox 1038 842 1312 933; x_wconf 56' lang='lat' dir='ltr'>Alcandro(</span> 
     </span>
    </p>
   </div>
   <div class='ocr_carea' id='block_1_3' title="bbox 790 987 1184 1166">
    <p class='ocr_par' dir='ltr' id='par_1_3' title="bbox 790 987 1184 1166">
     <span class='ocr_line' id='line_1_3' title="bbox 790 987 1184 1060; baseline 0.008 -14"><span class='ocrx_word' id='word_1_4' title='bbox 790 988 888 1058; x_wconf 73' lang='lat' dir='ltr'>(liunt.</span> <span class='ocrx_word' id='word_1_5' title='bbox 908 987 998 1048; x_wconf 70' lang='lat' dir='ltr'>Germ.</span> <span class='ocrx_word' id='word_1_6' title='bbox 1016 988 1048 1046; x_wconf 76' lang='lat'>1..</span> <span class='ocrx_word' id='word_1_7' title='bbox 1066 987 1112 1047; x_wconf 74' lang='lat' dir='ltr'>iol</span> <span class='ocrx_word' id='word_1_8' title='bbox 1132 988 1184 1060; x_wconf 64' lang='grc'>81)</span> 
     </span>
     <span class='ocr_line' id='line_1_4' title="bbox 826 1097 1149 1166; baseline 0.006 -19"><span class='ocrx_word' id='word_1_9' title='bbox 826 1097 917 1164; x_wconf 79' lang='lat'>(1521.</span> <span class='ocrx_word' id='word_1_10' title='bbox 930 1126 967 1136; x_wconf 91' lang='lat'>-</span> <span class='ocrx_word' id='word_1_11' title='bbox 985 1111 1025 1161; x_wconf 88' lang='lat'>19.</span> <span class='ocrx_word' id='word_1_12' title='bbox 1038 1098 1149 1166; x_wconf 85' lang='lat' dir='ltr'>Martii.)</span> 
     </span>
    </p>
   </div>
   <div class='ocr_carea' id='block_1_4' title="bbox 563 1213 1411 1308">
    <p class='ocr_par' dir='ltr' id='par_1_4' title="bbox 563 1213 1411 1308">
     <span class='ocr_line' id='line_1_5' title="bbox 563 1213 1411 1308; baseline 0.001 -19"><span class='ocrx_word' id='word_1_13' title='bbox 563 1224 790 1289; x_wconf 83' lang='lat' dir='ltr'>Venerabilis</span> <span class='ocrx_word' id='word_1_14' title='bbox 814 1213 880 1287; x_wconf 85' lang='lat' dir='ltr'>Vir</span> <span class='ocrx_word' id='word_1_15' title='bbox 904 1225 1030 1288; x_wconf 83' lang='lat' dir='ltr'><strong>Amice</strong></span> <span class='ocrx_word' id='word_1_16' title='bbox 1054 1225 1186 1289; x_wconf 84' lang='lat' dir='ltr'>Noster</span> <span class='ocrx_word' id='word_1_17' title='bbox 1207 1225 1411 1308; x_wconf 84' lang='lat' dir='ltr'>praecipue.</span> 
     </span>
    </p>
   </div>
   <div class='ocr_carea' id='block_1_5' title="bbox 344 1341 1685 4955">
    <p class='ocr_par' dir='ltr' id='par_1_5' title="bbox 344 1341 1685 4966">
     <span class='ocr_line' id='line_1_6' title="bbox 435 1341 1618 1419; baseline -0.003 -13"><span class='ocrx_word' id='word_1_18' title='bbox 435 1343 597 1406; x_wconf 87' lang='lat' dir='ltr'>Havemo</span> <span class='ocrx_word' id='word_1_19' title='bbox 631 1342 723 1403; x_wconf 69' lang='lat' dir='ltr'>visto</span> <span class='ocrx_word' id='word_1_20' title='bbox 756 1351 791 1403; x_wconf 89' lang='lat' dir='ltr'>et</span> <span class='ocrx_word' id='word_1_21' title='bbox 823 1343 915 1404; x_wconf 90' lang='lat' dir='ltr'>lecte</span> <span class='ocrx_word' id='word_1_22' title='bbox 946 1350 1001 1404; x_wconf 92' lang='lat' dir='ltr'>tre</span> <span class='ocrx_word' id='word_1_23' title='bbox 1034 1341 1155 1404; x_wconf 91' lang='lat' dir='ltr'>ultime</span> <span class='ocrx_word' id='word_1_24' title='bbox 1179 1351 1299 1404; x_wconf 86' lang='lat' dir='ltr'>vostre</span> <span class='ocrx_word' id='word_1_25' title='bbox 1324 1361 1394 1403; x_wconf 91' lang='lat' dir='ltr'>una</span> <span class='ocrx_word' id='word_1_26' title='bbox 1418 1343 1478 1404; x_wconf 92' lang='lat' dir='ltr'>del</span> <span class='ocrx_word' id='word_1_27' title='bbox 1505 1361 1544 1419; x_wconf 81' lang='lat'>²7</span> <span class='ocrx_word' id='word_1_28' title='bbox 1568 1342 1618 1404; x_wconf 92' lang='lat' dir='ltr'>del</span> 
     </span>
     <span class='ocr_line' id='line_1_7' title="bbox 345 1447 1619 1532; baseline -0.004 -20"><span class='ocrx_word' id='word_1_29' title='bbox 345 1459 490 1532; x_wconf 85' lang='lat' dir='ltr'>passato</span> <span class='ocrx_word' id='word_1_30' title='bbox 522 1460 558 1512; x_wconf 91' lang='lat' dir='ltr'>et</span> <span class='ocrx_word' id='word_1_31' title='bbox 590 1450 661 1510; x_wconf 91' lang='lat' dir='ltr'>dua</span> <span class='ocrx_word' id='word_1_32' title='bbox 691 1449 750 1510; x_wconf 87' lang='lat' dir='ltr'>del</span> <span class='ocrx_word' id='word_1_33' title='bbox 776 1469 795 1525; x_wconf 87' lang='lat'>4</span> <span class='ocrx_word' id='word_1_34' title='bbox 820 1449 878 1510; x_wconf 92' lang='lat' dir='ltr'>del</span> <span class='ocrx_word' id='word_1_35' title='bbox 902 1457 1087 1528; x_wconf 84' lang='lat' dir='ltr'>presente,</span> <span class='ocrx_word' id='word_1_36' title='bbox 1120 1467 1185 1529; x_wconf 89' lang='lat' dir='ltr'>per</span> <span class='ocrx_word' id='word_1_37' title='bbox 1209 1450 1242 1510; x_wconf 89' lang='lat' dir='ltr'>le</span> <span class='ocrx_word' id='word_1_38' title='bbox 1267 1447 1363 1528; x_wconf 86' lang='lat' dir='ltr'>quali</span> <span class='ocrx_word' id='word_1_39' title='bbox 1388 1449 1619 1511; x_wconf 87' lang='lat' dir='ltr'>chiaramente</span> 
     </span>
     <span class='ocr_line' id='line_1_8' title="bbox 344 1554 1618 1620; baseline -0.001 -2"><span class='ocrx_word' id='word_1_40' title='bbox 344 1560 497 1620; x_wconf 89' lang='lat' dir='ltr'>vedemo</span> <span class='ocrx_word' id='word_1_41' title='bbox 529 1558 563 1619; x_wconf 91' lang='lat' dir='ltr'>le</span> <span class='ocrx_word' id='word_1_42' title='bbox 595 1555 728 1618; x_wconf 85' lang='lat' dir='ltr'>fatiche</span> <span class='ocrx_word' id='word_1_43' title='bbox 760 1565 920 1617; x_wconf 88' lang='lat' dir='ltr'>extreme</span> <span class='ocrx_word' id='word_1_44' title='bbox 952 1556 1018 1617; x_wconf 91' lang='lat' dir='ltr'>che</span> <span class='ocrx_word' id='word_1_45' title='bbox 1049 1558 1254 1618; x_wconf 91' lang='lat' dir='ltr'>substenete</span> <span class='ocrx_word' id='word_1_46' title='bbox 1285 1556 1345 1617; x_wconf 90' lang='lat' dir='ltr'>del</span> <span class='ocrx_word' id='word_1_47' title='bbox 1367 1554 1486 1618; x_wconf 89' lang='lat' dir='ltr'>animo</span> <span class='ocrx_word' id='word_1_48' title='bbox 1511 1566 1547 1619; x_wconf 92' lang='lat' dir='ltr'>et</span> <span class='ocrx_word' id='word_1_49' title='bbox 1569 1557 1618 1618; x_wconf 87' lang='lat' dir='ltr'>del</span> 
     </span>
     <span class='ocr_line' id='line_1_9' title="bbox 346 1649 1619 1746; baseline -0.002 -20"><span class='ocrx_word' id='word_1_50' title='bbox 346 1649 456 1746; x_wconf 86' lang='lat' dir='ltr'>corpo</span> <span class='ocrx_word' id='word_1_51' title='bbox 480 1664 574 1726; x_wconf 87' lang='lat' dir='ltr'>della</span> <span class='ocrx_word' id='word_1_52' title='bbox 599 1681 747 1726; x_wconf 88' lang='lat' dir='ltr'>comune</span> <span class='ocrx_word' id='word_1_53' title='bbox 764 1682 873 1724; x_wconf 90' lang='lat' dir='ltr'>causa</span> <span class='ocrx_word' id='word_1_54' title='bbox 893 1662 991 1724; x_wconf 89' lang='lat' dir='ltr'>della</span> <span class='ocrx_word' id='word_1_55' title='bbox 1005 1661 1200 1743; x_wconf 88' lang='lat' dir='ltr'>Religione</span> <span class='ocrx_word' id='word_1_56' title='bbox 1215 1680 1280 1742; x_wconf 88' lang='lat' dir='ltr'>per</span> <span class='ocrx_word' id='word_1_57' title='bbox 1296 1662 1479 1743; x_wconf 86' lang='lat' dir='ltr'>adempire</span> <span class='ocrx_word' id='word_1_58' title='bbox 1496 1662 1619 1726; x_wconf 83' lang='lat' dir='ltr'>lofficio</span> 
     </span>
     <span class='ocr_line' id='line_1_10' title="bbox 344 1767 1619 1852; baseline -0.002 -19"><span class='ocrx_word' id='word_1_59' title='bbox 344 1779 476 1833; x_wconf 78' lang='lat' dir='ltr'>vostro,</span> <span class='ocrx_word' id='word_1_60' title='bbox 524 1769 654 1832; x_wconf 92' lang='lat' dir='ltr'>Nostro</span> <span class='ocrx_word' id='word_1_61' title='bbox 672 1767 826 1850; x_wconf 90' lang='lat' dir='ltr'>Signore</span> <span class='ocrx_word' id='word_1_62' title='bbox 850 1770 897 1830; x_wconf 91' lang='lat' dir='ltr'>ha</span> <span class='ocrx_word' id='word_1_63' title='bbox 920 1770 1042 1831; x_wconf 92' lang='lat' dir='ltr'>voluto</span> <span class='ocrx_word' id='word_1_64' title='bbox 1066 1769 1214 1849; x_wconf 88' lang='lat' dir='ltr'>leggere</span> <span class='ocrx_word' id='word_1_65' title='bbox 1240 1777 1276 1832; x_wconf 91' lang='lat' dir='ltr'>et</span> <span class='ocrx_word' id='word_1_66' title='bbox 1299 1769 1528 1833; x_wconf 87' lang='lat' dir='ltr'>considerare</span> <span class='ocrx_word' id='word_1_67' title='bbox 1543 1770 1619 1852; x_wconf 86' lang='lat' dir='ltr'>ogni</span> 
     </span>
     <span class='ocr_line' id='line_1_11' title="bbox 345 1875 1619 1959; baseline -0.004 -18"><span class='ocrx_word' id='word_1_68' title='bbox 345 1899 440 1959; x_wconf 91' lang='lat' dir='ltr'>cosa,</span> <span class='ocrx_word' id='word_1_69' title='bbox 459 1887 495 1940; x_wconf 92' lang='lat' dir='ltr'>et</span> <span class='ocrx_word' id='word_1_70' title='bbox 510 1879 617 1940; x_wconf 89' lang='lat' dir='ltr'>molto</span> <span class='ocrx_word' id='word_1_71' title='bbox 635 1877 844 1939; x_wconf 90' lang='lat' dir='ltr'>commenda</span> <span class='ocrx_word' id='word_1_72' title='bbox 861 1875 886 1937; x_wconf 91' lang='lat' dir='ltr'>il</span> <span class='ocrx_word' id='word_1_73' title='bbox 899 1875 1016 1938; x_wconf 91' lang='lat' dir='ltr'>studio</span> <span class='ocrx_word' id='word_1_74' title='bbox 1032 1883 1069 1938; x_wconf 94' lang='lat' dir='ltr'>et</span> <span class='ocrx_word' id='word_1_75' title='bbox 1081 1875 1271 1938; x_wconf 87' lang='lat' dir='ltr'>affectione</span> <span class='ocrx_word' id='word_1_76' title='bbox 1283 1885 1406 1938; x_wconf 88' lang='lat' dir='ltr'>vostra</span> <span class='ocrx_word' id='word_1_77' title='bbox 1417 1876 1514 1939; x_wconf 90' lang='lat' dir='ltr'>circa</span> <span class='ocrx_word' id='word_1_78' title='bbox 1526 1878 1563 1940; x_wconf 94' lang='lat' dir='ltr'>di</span> <span class='ocrx_word' id='word_1_79' title='bbox 1578 1877 1619 1938; x_wconf 83' lang='lat' dir='ltr'>tal</span> 
     </span>
     <span class='ocr_line' id='line_1_12' title="bbox 347 1982 1620 2064; baseline -0.002 -18"><span class='ocrx_word' id='word_1_80' title='bbox 347 2004 465 2064; x_wconf 89' lang='lat' dir='ltr'>causa,</span> <span class='ocrx_word' id='word_1_81' title='bbox 489 1995 524 2046; x_wconf 88' lang='lat' dir='ltr'>et</span> <span class='ocrx_word' id='word_1_82' title='bbox 549 1983 628 2046; x_wconf 91' lang='lat' dir='ltr'>dice</span> <span class='ocrx_word' id='word_1_83' title='bbox 653 2003 722 2046; x_wconf 92' lang='lat' dir='ltr'>non</span> <span class='ocrx_word' id='word_1_84' title='bbox 741 1983 758 2046; x_wconf 77' lang='grc' dir='ltr'>ὲ</span> <span class='ocrx_word' id='word_1_85' title='bbox 774 2003 839 2064; x_wconf 90' lang='lat' dir='ltr'>per</span> <span class='ocrx_word' id='word_1_86' title='bbox 856 1983 1105 2053; x_wconf 83' lang='lat' dir='ltr'>scordarsene;</span> <span class='ocrx_word' id='word_1_87' title='bbox 1130 2002 1200 2044; x_wconf 93' lang='lat' dir='ltr'>non</span> <span class='ocrx_word' id='word_1_88' title='bbox 1218 1982 1254 2044; x_wconf 86' lang='lat' dir='ltr'>vi</span> <span class='ocrx_word' id='word_1_89' title='bbox 1269 1984 1421 2045; x_wconf 81' lang='lat' dir='ltr'>exhorta</span> <span class='ocrx_word' id='word_1_90' title='bbox 1436 1982 1620 2046; x_wconf 85' lang='lat' dir='ltr'>altrimenti</span> 
     </span>
     <span class='ocr_line' id='line_1_13' title="bbox 346 2089 1620 2174; baseline -0.002 -20"><span class='ocrx_word' id='word_1_91' title='bbox 346 2093 392 2154; x_wconf 90' lang='lat' dir='ltr'>ad</span> <span class='ocrx_word' id='word_1_92' title='bbox 416 2110 649 2174; x_wconf 88' lang='lat' dir='ltr'>perseverare</span> <span class='ocrx_word' id='word_1_93' title='bbox 673 2090 860 2172; x_wconf 87' lang='lat' dir='ltr'>parendoli</span> <span class='ocrx_word' id='word_1_94' title='bbox 884 2089 919 2152; x_wconf 92' lang='lat' dir='ltr'>in</span> <span class='ocrx_word' id='word_1_95' title='bbox 944 2099 1042 2152; x_wconf 90' lang='lat' dir='ltr'>tucto</span> <span class='ocrx_word' id='word_1_96' title='bbox 1067 2110 1187 2152; x_wconf 86' lang='lat' dir='ltr'>essere</span> <span class='ocrx_word' id='word_1_97' title='bbox 1211 2089 1389 2171; x_wconf 87' lang='lat' dir='ltr'>superfluo</span> <span class='ocrx_word' id='word_1_98' title='bbox 1411 2111 1512 2154; x_wconf 89' lang='lat' dir='ltr'>come</span> <span class='ocrx_word' id='word_1_99' title='bbox 1528 2111 1620 2174; x_wconf 89' lang='lat' dir='ltr'>aper·</span> 
     </span>
     <span class='ocr_line' id='line_1_14' title="bbox 345 2197 1620 2266; baseline -0.002 -6"><span class='ocrx_word' id='word_1_100' title='bbox 345 2207 501 2260; x_wconf 90' lang='lat' dir='ltr'>tamente</span> <span class='ocrx_word' id='word_1_101' title='bbox 530 2197 558 2259; x_wconf 90' lang='lat' dir='ltr'>si</span> <span class='ocrx_word' id='word_1_102' title='bbox 583 2200 763 2259; x_wconf 90' lang='lat' dir='ltr'>demostra</span> <span class='ocrx_word' id='word_1_103' title='bbox 786 2199 844 2259; x_wconf 92' lang='lat' dir='ltr'>nel</span> <span class='ocrx_word' id='word_1_104' title='bbox 868 2197 1023 2259; x_wconf 86' lang='lat' dir='ltr'>scrivere</span> <span class='ocrx_word' id='word_1_105' title='bbox 1047 2205 1185 2266; x_wconf 82' lang='lat' dir='ltr'>vostro;</span> <span class='ocrx_word' id='word_1_106' title='bbox 1215 2207 1311 2258; x_wconf 86' lang='lat' dir='ltr'>resta</span> <span class='ocrx_word' id='word_1_107' title='bbox 1333 2199 1410 2259; x_wconf 90' lang='lat' dir='ltr'>solo</span> <span class='ocrx_word' id='word_1_108' title='bbox 1435 2198 1620 2261; x_wconf 63' lang='lat' dir='ltr'>advertisti</span> 
     </span>
     <span class='ocr_line' id='line_1_15' title="bbox 346 2301 1620 2385; baseline -0.002 -19"><span class='ocrx_word' id='word_1_109' title='bbox 346 2306 411 2368; x_wconf 88' lang='lat' dir='ltr'>che</span> <span class='ocrx_word' id='word_1_110' title='bbox 435 2303 522 2366; x_wconf 90' lang='lat' dir='ltr'>tucti</span> <span class='ocrx_word' id='word_1_111' title='bbox 556 2324 575 2366; x_wconf 92' lang='lat' dir='ltr'>e</span> <span class='ocrx_word' id='word_1_112' title='bbox 608 2314 662 2366; x_wconf 90' lang='lat' dir='ltr'>tre</span> <span class='ocrx_word' id='word_1_113' title='bbox 696 2303 846 2366; x_wconf 82' lang='lat' dir='ltr'>facciate</span> <span class='ocrx_word' id='word_1_114' title='bbox 876 2303 960 2385; x_wconf 89' lang='lat' dir='ltr'>ogni</span> <span class='ocrx_word' id='word_1_115' title='bbox 994 2301 1161 2365; x_wconf 90' lang='lat' dir='ltr'>instantia</span> <span class='ocrx_word' id='word_1_116' title='bbox 1192 2315 1227 2364; x_wconf 89' lang='lat' dir='ltr'>et</span> <span class='ocrx_word' id='word_1_117' title='bbox 1252 2312 1380 2366; x_wconf 88' lang='lat' dir='ltr'>conato</span> <span class='ocrx_word' id='word_1_118' title='bbox 1405 2322 1473 2366; x_wconf 93' lang='lat' dir='ltr'>con</span> <span class='ocrx_word' id='word_1_119' title='bbox 1497 2303 1620 2366; x_wconf 88' lang='lat' dir='ltr'>Cesare</span> 
     </span>
     <span class='ocr_line' id='line_1_16' title="bbox 345 2408 1621 2492; baseline -0.001 -19"><span class='ocrx_word' id='word_1_120' title='bbox 345 2411 411 2473; x_wconf 92' lang='lat' dir='ltr'>che</span> <span class='ocrx_word' id='word_1_121' title='bbox 436 2409 471 2472; x_wconf 88' lang='lat' dir='ltr'>si</span> <span class='ocrx_word' id='word_1_122' title='bbox 490 2409 598 2492; x_wconf 84' lang='lat' dir='ltr'>degni</span> <span class='ocrx_word' id='word_1_123' title='bbox 623 2409 854 2472; x_wconf 83' lang='lat' dir='ltr'>abbracciare</span> <span class='ocrx_word' id='word_1_124' title='bbox 879 2410 914 2470; x_wconf 92' lang='lat' dir='ltr'>di</span> <span class='ocrx_word' id='word_1_125' title='bbox 940 2420 1036 2472; x_wconf 85' lang='lat' dir='ltr'>sorte</span> <span class='ocrx_word' id='word_1_126' title='bbox 1060 2420 1188 2491; x_wconf 89' lang='lat' dir='ltr'>questa</span> <span class='ocrx_word' id='word_1_127' title='bbox 1202 2408 1357 2490; x_wconf 88' lang='lat' dir='ltr'>impresa</span> <span class='ocrx_word' id='word_1_128' title='bbox 1371 2410 1437 2472; x_wconf 88' lang='lat' dir='ltr'>che</span> <span class='ocrx_word' id='word_1_129' title='bbox 1453 2431 1499 2472; x_wconf 91' lang='lat' dir='ltr'>ne</span> <span class='ocrx_word' id='word_1_130' title='bbox 1514 2410 1621 2474; x_wconf 89' lang='lat' dir='ltr'>riesca</span> 
     </span>
     <span class='ocr_line' id='line_1_17' title="bbox 347 2516 1621 2598; baseline -0.002 -18"><span class='ocrx_word' id='word_1_131' title='bbox 347 2537 415 2580; x_wconf 93' lang='lat' dir='ltr'>con</span> <span class='ocrx_word' id='word_1_132' title='bbox 439 2519 574 2580; x_wconf 89' lang='lat' dir='ltr'>honore</span> <span class='ocrx_word' id='word_1_133' title='bbox 599 2517 633 2578; x_wconf 93' lang='lat' dir='ltr'>di</span> <span class='ocrx_word' id='word_1_134' title='bbox 656 2517 736 2596; x_wconf 89' lang='lat' dir='ltr'>Dio,</span> <span class='ocrx_word' id='word_1_135' title='bbox 761 2519 855 2580; x_wconf 90' lang='lat' dir='ltr'>della</span> <span class='ocrx_word' id='word_1_136' title='bbox 871 2516 967 2580; x_wconf 87' lang='lat' dir='ltr'>Sede</span> <span class='ocrx_word' id='word_1_137' title='bbox 983 2518 1194 2598; x_wconf 87' lang='lat' dir='ltr'>Apostolica</span> <span class='ocrx_word' id='word_1_138' title='bbox 1218 2526 1254 2580; x_wconf 92' lang='lat' dir='ltr'>et</span> <span class='ocrx_word' id='word_1_139' title='bbox 1279 2517 1314 2578; x_wconf 92' lang='lat' dir='ltr'>di</span> <span class='ocrx_word' id='word_1_140' title='bbox 1331 2517 1405 2579; x_wconf 89' lang='lat' dir='ltr'>Sua</span> <span class='ocrx_word' id='word_1_141' title='bbox 1419 2517 1570 2596; x_wconf 69' lang='lat' dir='ltr'>Maesti,</span> <span class='ocrx_word' id='word_1_142' title='bbox 1591 2528 1621 2580; x_wconf 90' lang='lat' dir='ltr'>et</span> 
     </span>
     <span class='ocr_line' id='line_1_18' title="bbox 349 2623 1621 2706; baseline -0.001 -20"><span class='ocrx_word' id='word_1_143' title='bbox 349 2624 576 2705; x_wconf 88' lang='lat' dir='ltr'>persuadiate</span> <span class='ocrx_word' id='word_1_144' title='bbox 593 2627 638 2688; x_wconf 90' lang='lat' dir='ltr'>ad</span> <span class='ocrx_word' id='word_1_145' title='bbox 658 2626 788 2706; x_wconf 89' lang='lat' dir='ltr'>quella,</span> <span class='ocrx_word' id='word_1_146' title='bbox 821 2625 886 2686; x_wconf 92' lang='lat' dir='ltr'>che</span> <span class='ocrx_word' id='word_1_147' title='bbox 905 2625 941 2687; x_wconf 92' lang='lat' dir='ltr'>in</span> <span class='ocrx_word' id='word_1_148' title='bbox 958 2635 1084 2706; x_wconf 86' lang='lat' dir='ltr'>questa</span> <span class='ocrx_word' id='word_1_149' title='bbox 1095 2645 1203 2687; x_wconf 84' lang='lat' dir='ltr'>causa</span> <span class='ocrx_word' id='word_1_150' title='bbox 1219 2635 1319 2686; x_wconf 90' lang='lat' dir='ltr'>tanto</span> <span class='ocrx_word' id='word_1_151' title='bbox 1337 2623 1542 2705; x_wconf 88' lang='lat' dir='ltr'>periculosa</span> <span class='ocrx_word' id='word_1_152' title='bbox 1559 2627 1621 2687; x_wconf 89' lang='lat' dir='ltr'>alla</span> 
     </span>
     <span class='ocr_line' id='line_1_19' title="bbox 348 2731 1620 2813; baseline 0 -21"><span class='ocrx_word' id='word_1_153' title='bbox 348 2731 469 2794; x_wconf 88' lang='lat' dir='ltr'>chiesa</span> <span class='ocrx_word' id='word_1_154' title='bbox 491 2732 690 2795; x_wconf 85' lang='lat' dir='ltr'>universale</span> <span class='ocrx_word' id='word_1_155' title='bbox 712 2741 746 2794; x_wconf 92' lang='lat' dir='ltr'>et</span> <span class='ocrx_word' id='word_1_156' title='bbox 760 2733 795 2794; x_wconf 91' lang='lat' dir='ltr'>al</span> <span class='ocrx_word' id='word_1_157' title='bbox 812 2753 876 2794; x_wconf 90' lang='lat' dir='ltr'>suo</span> <span class='ocrx_word' id='word_1_158' title='bbox 893 2733 1039 2813; x_wconf 90' lang='lat' dir='ltr'>proprio</span> <span class='ocrx_word' id='word_1_159' title='bbox 1057 2732 1210 2813; x_wconf 91' lang='lat' dir='ltr'>Imperio</span> <span class='ocrx_word' id='word_1_160' title='bbox 1231 2742 1266 2794; x_wconf 92' lang='lat' dir='ltr'>et</span> <span class='ocrx_word' id='word_1_161' title='bbox 1281 2741 1388 2810; x_wconf 88' lang='lat' dir='ltr'>stat0,</span> <span class='ocrx_word' id='word_1_162' title='bbox 1416 2741 1453 2794; x_wconf 91' lang='lat' dir='ltr'>et</span> <span class='ocrx_word' id='word_1_163' title='bbox 1472 2731 1508 2794; x_wconf 93' lang='lat' dir='ltr'>di</span> <span class='ocrx_word' id='word_1_164' title='bbox 1528 2742 1620 2794; x_wconf 82' lang='lat' dir='ltr'>tanto</span> 
     </span>
     <span class='ocr_line' id='line_1_20' title="bbox 348 2838 1621 2919; baseline 0.001 -19"><span class='ocrx_word' id='word_1_165' title='bbox 348 2838 516 2902; x_wconf 85' lang='lat' dir='ltr'>scandalo</span> <span class='ocrx_word' id='word_1_166' title='bbox 537 2849 572 2901; x_wconf 90' lang='lat' dir='ltr'>et</span> <span class='ocrx_word' id='word_1_167' title='bbox 589 2838 744 2919; x_wconf 85' lang='lat' dir='ltr'>infamia,</span> <span class='ocrx_word' id='word_1_168' title='bbox 761 2861 831 2903; x_wconf 92' lang='lat' dir='ltr'>non</span> <span class='ocrx_word' id='word_1_169' title='bbox 840 2841 1084 2903; x_wconf 84' lang='lat' dir='ltr'>bastahavere</span> <span class='ocrx_word' id='word_1_170' title='bbox 1095 2841 1119 2903; x_wconf 89' lang='lat' dir='ltr'>il</span> <span class='ocrx_word' id='word_1_171' title='bbox 1128 2842 1222 2903; x_wconf 89' lang='lat' dir='ltr'>bono</span> <span class='ocrx_word' id='word_1_172' title='bbox 1234 2841 1355 2902; x_wconf 90' lang='lat' dir='ltr'>volere</span> <span class='ocrx_word' id='word_1_173' title='bbox 1365 2860 1404 2902; x_wconf 91' lang='lat' dir='ltr'>se</span> <span class='ocrx_word' id='word_1_174' title='bbox 1414 2861 1479 2903; x_wconf 90' lang='lat' dir='ltr'>sua</span> <span class='ocrx_word' id='word_1_175' title='bbox 1488 2839 1621 2904; x_wconf 77' lang='lat' dir='ltr'>Maesti</span> 
     </span>
     <span class='ocr_line' id='line_1_21' title="bbox 347 2946 1621 3026; baseline 0 -18"><span class='ocrx_word' id='word_1_176' title='bbox 347 2966 416 3009; x_wconf 91' lang='lat' dir='ltr'>non</span> <span class='ocrx_word' id='word_1_177' title='bbox 442 2947 476 3008; x_wconf 95' lang='lat' dir='ltr'>lo</span> <span class='ocrx_word' id='word_1_178' title='bbox 500 2948 630 3009; x_wconf 89' lang='lat' dir='ltr'>manda</span> <span class='ocrx_word' id='word_1_179' title='bbox 655 2948 700 3009; x_wconf 90' lang='lat' dir='ltr'>ad</span> <span class='ocrx_word' id='word_1_180' title='bbox 724 2947 948 3026; x_wconf 82' lang='lat' dir='ltr'>executione,</span> <span class='ocrx_word' id='word_1_181' title='bbox 973 2958 1009 3009; x_wconf 90' lang='lat' dir='ltr'>et</span> <span class='ocrx_word' id='word_1_182' title='bbox 1032 2967 1102 3009; x_wconf 90' lang='lat' dir='ltr'>non</span> <span class='ocrx_word' id='word_1_183' title='bbox 1128 2949 1163 3009; x_wconf 93' lang='lat' dir='ltr'>lo</span> <span class='ocrx_word' id='word_1_184' title='bbox 1187 2946 1340 3009; x_wconf 79' lang='lat' dir='ltr'>lacendo</span> <span class='ocrx_word' id='word_1_185' title='bbox 1363 2947 1400 3009; x_wconf 89' lang='lat' dir='ltr'>in</span> <span class='ocrx_word' id='word_1_186' title='bbox 1425 2948 1539 3010; x_wconf 72' lang='lat' dir='ltr'>veriti</span> <span class='ocrx_word' id='word_1_187' title='bbox 1558 2968 1621 3011; x_wconf 89' lang='lat' dir='ltr'>non</span> 
     </span>
     <span class='ocr_line' id='line_1_22' title="bbox 346 3046 1620 3136; baseline 0.001 -22"><span class='ocrx_word' id='word_1_188' title='bbox 346 3050 374 3114; x_wconf 92' lang='lat' dir='ltr'>si</span> <span class='ocrx_word' id='word_1_189' title='bbox 398 3046 470 3134; x_wconf 81' lang='lat' dir='ltr'>pud</span> <span class='ocrx_word' id='word_1_190' title='bbox 487 3073 670 3134; x_wconf 87' lang='lat' dir='ltr'>excusare,</span> <span class='ocrx_word' id='word_1_191' title='bbox 695 3052 738 3115; x_wconf 78' lang='lat' dir='ltr'>ne</span> <span class='ocrx_word' id='word_1_192' title='bbox 755 3062 889 3135; x_wconf 90' lang='lat' dir='ltr'>quanto</span> <span class='ocrx_word' id='word_1_193' title='bbox 906 3074 927 3115; x_wconf 95' lang='lat' dir='ltr'>a</span> <span class='ocrx_word' id='word_1_194' title='bbox 943 3053 1023 3132; x_wconf 88' lang='lat' dir='ltr'>Dio,</span> <span class='ocrx_word' id='word_1_195' title='bbox 1049 3054 1092 3116; x_wconf 80' lang='lat' dir='ltr'>ne</span> <span class='ocrx_word' id='word_1_196' title='bbox 1109 3066 1243 3135; x_wconf 89' lang='lat' dir='ltr'>quanto</span> <span class='ocrx_word' id='word_1_197' title='bbox 1259 3056 1295 3116; x_wconf 90' lang='lat' dir='ltr'>al</span> <span class='ocrx_word' id='word_1_198' title='bbox 1308 3056 1451 3136; x_wconf 94' lang='lat' dir='ltr'>mondo,</span> <span class='ocrx_word' id='word_1_199' title='bbox 1476 3056 1620 3119; x_wconf 91' lang='lat' dir='ltr'>essendo</span> 
     </span>
     <span class='ocr_line' id='line_1_23' title="bbox 346 3159 1620 3244; baseline 0.002 -24"><span class='ocrx_word' id='word_1_200' title='bbox 346 3160 465 3239; x_wconf 86' lang='lat' dir='ltr'>quella</span> <span class='ocrx_word' id='word_1_201' title='bbox 489 3179 554 3240; x_wconf 89' lang='lat' dir='ltr'>per</span> <span class='ocrx_word' id='word_1_202' title='bbox 576 3159 662 3222; x_wconf 88' lang='lat' dir='ltr'>tucti</span> <span class='ocrx_word' id='word_1_203' title='bbox 687 3160 716 3223; x_wconf 83' lang='lat' dir='ltr'>e&#39;</span> <span class='ocrx_word' id='word_1_204' title='bbox 734 3160 829 3223; x_wconf 91' lang='lat' dir='ltr'>conti</span> <span class='ocrx_word' id='word_1_205' title='bbox 854 3160 1013 3242; x_wconf 89' lang='lat' dir='ltr'>obligata</span> <span class='ocrx_word' id='word_1_206' title='bbox 1037 3160 1074 3222; x_wconf 90' lang='lat' dir='ltr'>di</span> <span class='ocrx_word' id='word_1_207' title='bbox 1096 3160 1187 3223; x_wconf 87' lang='lat' dir='ltr'>farlo</span> <span class='ocrx_word' id='word_1_208' title='bbox 1208 3169 1244 3224; x_wconf 90' lang='lat' dir='ltr'>et</span> <span class='ocrx_word' id='word_1_209' title='bbox 1257 3162 1424 3224; x_wconf 90' lang='lat' dir='ltr'>havendo</span> <span class='ocrx_word' id='word_1_210' title='bbox 1440 3162 1620 3244; x_wconf 82' lang='lat' dir='ltr'>maggiore</span> 
     </span>
     <span class='ocr_line' id='line_1_24' title="bbox 348 3265 1685 3350; baseline 0.002 -24"><span class='ocrx_word' id='word_1_211' title='bbox 348 3265 500 3347; x_wconf 86' lang='lat' dir='ltr'>Imperio</span> <span class='ocrx_word' id='word_1_212' title='bbox 526 3275 561 3329; x_wconf 88' lang='lat' dir='ltr'>et</span> <span class='ocrx_word' id='word_1_213' title='bbox 585 3266 757 3330; x_wconf 67' lang='lat' dir='ltr'>auctorite</span> <span class='ocrx_word' id='word_1_214' title='bbox 781 3268 846 3330; x_wconf 91' lang='lat' dir='ltr'>che</span> <span class='ocrx_word' id='word_1_215' title='bbox 871 3268 1029 3331; x_wconf 92' lang='lat' dir='ltr'>habbino</span> <span class='ocrx_word' id='word_1_216' title='bbox 1055 3268 1124 3329; x_wconf 91' lang='lat' dir='ltr'>mai</span> <span class='ocrx_word' id='word_1_217' title='bbox 1147 3269 1281 3331; x_wconf 88' lang='lat' dir='ltr'>havuta</span> <span class='ocrx_word' id='word_1_218' title='bbox 1305 3268 1392 3331; x_wconf 91' lang='lat' dir='ltr'>tucti</span> <span class='ocrx_word' id='word_1_219' title='bbox 1416 3270 1440 3331; x_wconf 90' lang='lat' dir='ltr'>li</span> <span class='ocrx_word' id='word_1_220' title='bbox 1456 3270 1535 3332; x_wconf 91' lang='lat' dir='ltr'>suoi</span> <span class='ocrx_word' id='word_1_221' title='bbox 1550 3288 1619 3350; x_wconf 89' lang='lat' dir='ltr'>pre·</span> <span class='ocrx_word' id='word_1_222' title='bbox 1684 3287 1685 3322; x_wconf 49' lang='lat' dir='ltr'>l</span> 
     </span>
     <span class='ocr_line' id='line_1_25' title="bbox 348 3372 1620 3451; baseline 0.002 -18"><span class='ocrx_word' id='word_1_223' title='bbox 348 3374 526 3436; x_wconf 88' lang='lat' dir='ltr'>decessori</span> <span class='ocrx_word' id='word_1_224' title='bbox 550 3374 586 3435; x_wconf 92' lang='lat' dir='ltr'>in</span> <span class='ocrx_word' id='word_1_225' title='bbox 601 3372 802 3451; x_wconf 87' lang='lat' dir='ltr'>Germania,</span> <span class='ocrx_word' id='word_1_226' title='bbox 828 3383 864 3438; x_wconf 90' lang='lat' dir='ltr'>et</span> <span class='ocrx_word' id='word_1_227' title='bbox 887 3372 1096 3437; x_wconf 88' lang='lat' dir='ltr'>trovandosi</span> <span class='ocrx_word' id='word_1_228' title='bbox 1113 3372 1186 3437; x_wconf 89' lang='lat' dir='ltr'>Sua</span> <span class='ocrx_word' id='word_1_229' title='bbox 1199 3374 1337 3437; x_wconf 77' lang='lat' dir='ltr'>Maesta</span> <span class='ocrx_word' id='word_1_230' title='bbox 1356 3375 1392 3437; x_wconf 91' lang='lat' dir='ltr'>in</span> <span class='ocrx_word' id='word_1_231' title='bbox 1408 3374 1505 3438; x_wconf 88' lang='lat' dir='ltr'>facto</span> <span class='ocrx_word' id='word_1_232' title='bbox 1522 3386 1559 3437; x_wconf 91' lang='lat' dir='ltr'>et</span> <span class='ocrx_word' id='word_1_233' title='bbox 1572 3374 1620 3436; x_wconf 92' lang='lat' dir='ltr'>ne&#39;</span> 
     </span>
     <span class='ocr_line' id='line_1_26' title="bbox 348 3479 1621 3564; baseline 0.001 -23"><span class='ocrx_word' id='word_1_234' title='bbox 348 3479 471 3561; x_wconf 88' lang='lat' dir='ltr'>luoghi</span> <span class='ocrx_word' id='word_1_235' title='bbox 494 3479 631 3562; x_wconf 88' lang='lat' dir='ltr'>proprii</span> <span class='ocrx_word' id='word_1_236' title='bbox 656 3480 747 3542; x_wconf 90' lang='lat' dir='ltr'>dove</span> <span class='ocrx_word' id='word_1_237' title='bbox 772 3482 790 3543; x_wconf 79' lang='grc' dir='ltr'>ὲ</span> <span class='ocrx_word' id='word_1_238' title='bbox 815 3492 900 3543; x_wconf 85' lang='lat' dir='ltr'>nata</span> <span class='ocrx_word' id='word_1_239' title='bbox 924 3484 959 3545; x_wconf 88' lang='lat' dir='ltr'>la</span> <span class='ocrx_word' id='word_1_240' title='bbox 982 3480 1091 3564; x_wconf 87' lang='lat' dir='ltr'>piaga</span> <span class='ocrx_word' id='word_1_241' title='bbox 1114 3481 1186 3543; x_wconf 90' lang='lat' dir='ltr'>alla</span> <span class='ocrx_word' id='word_1_242' title='bbox 1204 3484 1309 3562; x_wconf 85' lang='lat' dir='ltr'>quale</span> <span class='ocrx_word' id='word_1_243' title='bbox 1324 3482 1372 3544; x_wconf 93' lang='lat' dir='ltr'>lui</span> <span class='ocrx_word' id='word_1_244' title='bbox 1388 3484 1466 3545; x_wconf 90' lang='lat' dir='ltr'>solo</span> <span class='ocrx_word' id='word_1_245' title='bbox 1483 3482 1575 3544; x_wconf 89' lang='lat' dir='ltr'>deve</span> <span class='ocrx_word' id='word_1_246' title='bbox 1590 3491 1621 3543; x_wconf 89' lang='lat' dir='ltr'>et</span> 
     </span>
     <span class='ocr_line' id='line_1_27' title="bbox 345 3586 1620 3669; baseline -0.001 -20"><span class='ocrx_word' id='word_1_247' title='bbox 345 3588 416 3668; x_wconf 79' lang='lat' dir='ltr'>pud</span> <span class='ocrx_word' id='word_1_248' title='bbox 448 3588 666 3667; x_wconf 86' lang='lat' dir='ltr'>provedere,</span> <span class='ocrx_word' id='word_1_249' title='bbox 698 3587 795 3650; x_wconf 80' lang='lat' dir='ltr'>accio</span> <span class='ocrx_word' id='word_1_250' title='bbox 828 3588 900 3669; x_wconf 86' lang='lat' dir='ltr'>egli</span> <span class='ocrx_word' id='word_1_251' title='bbox 925 3607 994 3649; x_wconf 92' lang='lat' dir='ltr'>non</span> <span class='ocrx_word' id='word_1_252' title='bbox 1019 3587 1129 3650; x_wconf 91' lang='lat' dir='ltr'>habbi</span> <span class='ocrx_word' id='word_1_253' title='bbox 1160 3589 1205 3649; x_wconf 90' lang='lat' dir='ltr'>ad</span> <span class='ocrx_word' id='word_1_254' title='bbox 1238 3608 1403 3651; x_wconf 85' lang='lat' dir='ltr'>mancare</span> <span class='ocrx_word' id='word_1_255' title='bbox 1436 3590 1506 3651; x_wconf 87' lang='lat' dir='ltr'>alla</span> <span class='ocrx_word' id='word_1_256' title='bbox 1530 3586 1620 3651; x_wconf 88' lang='lat' dir='ltr'>Sede</span> 
     </span>
     <span class='ocr_line' id='line_1_28' title="bbox 345 3693 1619 3776; baseline -0.002 -20"><span class='ocrx_word' id='word_1_257' title='bbox 345 3694 557 3774; x_wconf 86' lang='lat' dir='ltr'>Apostolica</span> <span class='ocrx_word' id='word_1_258' title='bbox 593 3693 628 3755; x_wconf 93' lang='lat' dir='ltr'>di</span> <span class='ocrx_word' id='word_1_259' title='bbox 664 3696 746 3775; x_wconf 90' lang='lat' dir='ltr'>quel</span> <span class='ocrx_word' id='word_1_260' title='bbox 782 3694 906 3757; x_wconf 88' lang='lat' dir='ltr'>favore</span> <span class='ocrx_word' id='word_1_261' title='bbox 944 3705 979 3757; x_wconf 92' lang='lat' dir='ltr'>et</span> <span class='ocrx_word' id='word_1_262' title='bbox 1010 3694 1166 3776; x_wconf 92' lang='lat' dir='ltr'>presidio</span> <span class='ocrx_word' id='word_1_263' title='bbox 1200 3715 1266 3776; x_wconf 93' lang='lat' dir='ltr'>per</span> <span class='ocrx_word' id='word_1_264' title='bbox 1298 3695 1322 3757; x_wconf 94' lang='lat' dir='ltr'>il</span> <span class='ocrx_word' id='word_1_265' title='bbox 1354 3698 1460 3776; x_wconf 91' lang='lat' dir='ltr'>quale</span> <span class='ocrx_word' id='word_1_266' title='bbox 1491 3694 1516 3758; x_wconf 90' lang='lat' dir='ltr'>li</span> <span class='ocrx_word' id='word_1_267' title='bbox 1550 3693 1619 3758; x_wconf 90' lang='lat' dir='ltr'>suoi</span> 
     </span>
     <span class='ocr_line' id='line_1_29' title="bbox 345 3800 1619 3866; baseline 0.001 -4"><span class='ocrx_word' id='word_1_268' title='bbox 345 3800 562 3863; x_wconf 86' lang='lat' dir='ltr'>antecessori</span> <span class='ocrx_word' id='word_1_269' title='bbox 595 3820 683 3863; x_wconf 88' lang='lat' dir='ltr'>sono</span> <span class='ocrx_word' id='word_1_270' title='bbox 709 3802 790 3863; x_wconf 85' lang='lat' dir='ltr'>stati</span> <span class='ocrx_word' id='word_1_271' title='bbox 815 3812 915 3864; x_wconf 89' lang='lat' dir='ltr'>tanto</span> <span class='ocrx_word' id='word_1_272' title='bbox 939 3802 1102 3864; x_wconf 89' lang='lat' dir='ltr'>honorati</span> <span class='ocrx_word' id='word_1_273' title='bbox 1127 3812 1162 3865; x_wconf 88' lang='lat' dir='ltr'>et</span> <span class='ocrx_word' id='word_1_274' title='bbox 1186 3800 1316 3864; x_wconf 90' lang='lat' dir='ltr'>stimati</span> <span class='ocrx_word' id='word_1_275' title='bbox 1340 3803 1386 3865; x_wconf 87' lang='lat' dir='ltr'>da</span> <span class='ocrx_word' id='word_1_276' title='bbox 1411 3804 1509 3866; x_wconf 84' lang='lat' dir='ltr'>detta</span> <span class='ocrx_word' id='word_1_277' title='bbox 1530 3800 1619 3865; x_wconf 88' lang='lat' dir='ltr'>Sede</span> 
     </span>
     <span class='ocr_line' id='line_1_30' title="bbox 347 3907 1619 3991; baseline -0.001 -22"><span class='ocrx_word' id='word_1_278' title='bbox 347 3908 413 3969; x_wconf 90' lang='lat' dir='ltr'>che</span> <span class='ocrx_word' id='word_1_279' title='bbox 444 3908 478 3969; x_wconf 94' lang='lat' dir='ltr'>lo</span> <span class='ocrx_word' id='word_1_280' title='bbox 503 3908 656 3989; x_wconf 88' lang='lat' dir='ltr'>Imperio</span> <span class='ocrx_word' id='word_1_281' title='bbox 681 3908 848 3971; x_wconf 85' lang='lat' dir='ltr'>Romano</span> <span class='ocrx_word' id='word_1_282' title='bbox 872 3929 942 3972; x_wconf 88' lang='lat' dir='ltr'>non</span> <span class='ocrx_word' id='word_1_283' title='bbox 968 3930 1035 3991; x_wconf 89' lang='lat' dir='ltr'>pur</span> <span class='ocrx_word' id='word_1_284' title='bbox 1059 3930 1081 3971; x_wconf 90' lang='lat' dir='ltr'>a</span> <span class='ocrx_word' id='word_1_285' title='bbox 1104 3908 1212 3972; x_wconf 88' lang='lat' dir='ltr'>Greci</span> <span class='ocrx_word' id='word_1_286' title='bbox 1236 3918 1271 3971; x_wconf 91' lang='lat' dir='ltr'>et</span> <span class='ocrx_word' id='word_1_287' title='bbox 1295 3908 1463 3973; x_wconf 89' lang='lat' dir='ltr'>Franzesi</span> <span class='ocrx_word' id='word_1_288' title='bbox 1486 3930 1543 3972; x_wconf 88' lang='lat' dir='ltr'>ma</span> <span class='ocrx_word' id='word_1_289' title='bbox 1566 3907 1619 3971; x_wconf 89' lang='lat' dir='ltr'>alli</span> 
     </span>
     <span class='ocr_line' id='line_1_31' title="bbox 345 4012 1619 4098; baseline 0.001 -23"><span class='ocrx_word' id='word_1_290' title='bbox 345 4012 484 4076; x_wconf 86' lang='lat' dir='ltr'>ltaliani</span> <span class='ocrx_word' id='word_1_291' title='bbox 509 4024 544 4076; x_wconf 92' lang='lat' dir='ltr'>et</span> <span class='ocrx_word' id='word_1_292' title='bbox 556 4014 713 4077; x_wconf 90' lang='lat' dir='ltr'>Romani</span> <span class='ocrx_word' id='word_1_293' title='bbox 735 4015 883 4097; x_wconf 89' lang='lat' dir='ltr'>proprii,</span> <span class='ocrx_word' id='word_1_294' title='bbox 907 4016 962 4078; x_wconf 85' lang='lat' dir='ltr'>ne’</span> <span class='ocrx_word' id='word_1_295' title='bbox 976 4017 1073 4097; x_wconf 91' lang='lat' dir='ltr'>quali</span> <span class='ocrx_word' id='word_1_296' title='bbox 1097 4037 1158 4078; x_wconf 85' lang='lat' dir='ltr'>era</span> <span class='ocrx_word' id='word_1_297' title='bbox 1182 4036 1322 4098; x_wconf 92' lang='lat' dir='ltr'>sempre</span> <span class='ocrx_word' id='word_1_298' title='bbox 1346 4027 1451 4097; x_wconf 90' lang='lat' dir='ltr'>stato,</span> <span class='ocrx_word' id='word_1_299' title='bbox 1476 4019 1567 4079; x_wconf 89' lang='lat' dir='ltr'>tolse</span> <span class='ocrx_word' id='word_1_300' title='bbox 1589 4030 1619 4077; x_wconf 88' lang='lat' dir='ltr'>et</span> 
     </span>
     <span class='ocr_line' id='line_1_32' title="bbox 346 4118 1618 4203; baseline 0 -22"><span class='ocrx_word' id='word_1_301' title='bbox 346 4118 510 4183; x_wconf 80' lang='lat' dir='ltr'>transferi</span> <span class='ocrx_word' id='word_1_302' title='bbox 534 4120 569 4183; x_wconf 91' lang='lat' dir='ltr'>in</span> <span class='ocrx_word' id='word_1_303' title='bbox 595 4122 713 4202; x_wconf 88' lang='lat' dir='ltr'>quella</span> <span class='ocrx_word' id='word_1_304' title='bbox 737 4120 882 4185; x_wconf 89' lang='lat' dir='ltr'>natione</span> <span class='ocrx_word' id='word_1_305' title='bbox 905 4123 1126 4203; x_wconf 87' lang='lat' dir='ltr'>germanica,</span> <span class='ocrx_word' id='word_1_306' title='bbox 1161 4134 1196 4185; x_wconf 93' lang='lat' dir='ltr'>et</span> <span class='ocrx_word' id='word_1_307' title='bbox 1220 4144 1289 4187; x_wconf 91' lang='lat' dir='ltr'>non</span> <span class='ocrx_word' id='word_1_308' title='bbox 1315 4125 1391 4187; x_wconf 91' lang='lat' dir='ltr'>solo</span> <span class='ocrx_word' id='word_1_309' title='bbox 1416 4122 1618 4187; x_wconf 76' lang='lat' dir='ltr'>l&#39;auctorith</span> 
     </span>
     <span class='ocr_line' id='line_1_33' title="bbox 346 4227 1618 4310; baseline 0.002 -22"><span class='ocrx_word' id='word_1_310' title='bbox 346 4227 440 4289; x_wconf 91' lang='lat' dir='ltr'>dello</span> <span class='ocrx_word' id='word_1_311' title='bbox 465 4227 629 4310; x_wconf 91' lang='lat' dir='ltr'>Imperio,</span> <span class='ocrx_word' id='word_1_312' title='bbox 654 4248 710 4290; x_wconf 92' lang='lat' dir='ltr'>ma</span> <span class='ocrx_word' id='word_1_313' title='bbox 735 4228 848 4291; x_wconf 74' lang='lat' dir='ltr'>anche</span> <span class='ocrx_word' id='word_1_314' title='bbox 874 4230 968 4291; x_wconf 88' lang='lat' dir='ltr'>della</span> <span class='ocrx_word' id='word_1_315' title='bbox 988 4230 1162 4293; x_wconf 85' lang='lat' dir='ltr'>electione</span> <span class='ocrx_word' id='word_1_316' title='bbox 1178 4241 1213 4293; x_wconf 90' lang='lat' dir='ltr'>et</span> <span class='ocrx_word' id='word_1_317' title='bbox 1230 4230 1462 4294; x_wconf 86' lang='lat' dir='ltr'>fundamento</span> <span class='ocrx_word' id='word_1_318' title='bbox 1486 4230 1618 4299; x_wconf 79' lang='lat' dir='ltr'>desso,</span> 
     </span>
     <span class='ocr_line' id='line_1_34' title="bbox 345 4309 1683 4418; baseline -0.001 -21"><span class='ocrx_word' id='word_1_319' title='bbox 345 4336 390 4397; x_wconf 90' lang='lat' dir='ltr'>ad</span> <span class='ocrx_word' id='word_1_320' title='bbox 415 4334 470 4396; x_wconf 78' lang='lat' dir='ltr'>cio</span> <span class='ocrx_word' id='word_1_321' title='bbox 495 4334 529 4396; x_wconf 94' lang='lat' dir='ltr'>in</span> <span class='ocrx_word' id='word_1_322' title='bbox 555 4336 630 4397; x_wconf 91' lang='lat' dir='ltr'>loro</span> <span class='ocrx_word' id='word_1_323' title='bbox 654 4335 806 4397; x_wconf 89' lang='lat' dir='ltr'>havesse</span> <span class='ocrx_word' id='word_1_324' title='bbox 830 4338 875 4397; x_wconf 86' lang='lat' dir='ltr'>ad</span> <span class='ocrx_word' id='word_1_325' title='bbox 900 4347 1036 4399; x_wconf 87' lang='lat' dir='ltr'>restare</span> <span class='ocrx_word' id='word_1_326' title='bbox 1059 4336 1094 4398; x_wconf 90' lang='lat' dir='ltr'>in</span> <span class='ocrx_word' id='word_1_327' title='bbox 1116 4347 1310 4418; x_wconf 87' lang='lat' dir='ltr'>perpetuo:</span> <span class='ocrx_word' id='word_1_328' title='bbox 1335 4358 1373 4401; x_wconf 93' lang='lat' dir='ltr'>se</span> <span class='ocrx_word' id='word_1_329' title='bbox 1391 4338 1428 4401; x_wconf 94' lang='lat' dir='ltr'>di</span> <span class='ocrx_word' id='word_1_330' title='bbox 1444 4336 1492 4400; x_wconf 88' lang='lat' dir='ltr'>tal</span> <span class='ocrx_word' id='word_1_331' title='bbox 1508 4336 1618 4418; x_wconf 88' lang='lat' dir='ltr'>gratia</span> <span class='ocrx_word' id='word_1_332' title='bbox 1682 4309 1683 4330; x_wconf 13' lang='grc' dir='ltr'><strong>Χ</strong></span> 
     </span>
     <span class='ocr_line' id='line_1_35' title="bbox 346 4440 1618 4525; baseline 0 -22"><span class='ocrx_word' id='word_1_333' title='bbox 346 4450 380 4503; x_wconf 91' lang='lat' dir='ltr'>et</span> <span class='ocrx_word' id='word_1_334' title='bbox 412 4440 524 4503; x_wconf 89' lang='lat' dir='ltr'>meriti</span> <span class='ocrx_word' id='word_1_335' title='bbox 550 4443 644 4504; x_wconf 85' lang='lat' dir='ltr'>della</span> <span class='ocrx_word' id='word_1_336' title='bbox 669 4443 753 4505; x_wconf 91' lang='lat' dir='ltr'>sede</span> <span class='ocrx_word' id='word_1_337' title='bbox 778 4442 989 4523; x_wconf 87' lang='lat' dir='ltr'>Apostolica</span> <span class='ocrx_word' id='word_1_338' title='bbox 1017 4445 1136 4525; x_wconf 91' lang='lat' dir='ltr'>quella</span> <span class='ocrx_word' id='word_1_339' title='bbox 1159 4445 1284 4506; x_wconf 88' lang='lat' dir='ltr'>merita</span> <span class='ocrx_word' id='word_1_340' title='bbox 1307 4446 1354 4507; x_wconf 91' lang='lat' dir='ltr'>da</span> <span class='ocrx_word' id='word_1_341' title='bbox 1378 4442 1452 4507; x_wconf 89' lang='lat' dir='ltr'>Sua</span> <span class='ocrx_word' id='word_1_342' title='bbox 1475 4444 1618 4519; x_wconf 78' lang='lat' dir='ltr'>Maesti,</span> 
     </span>
     <span class='ocr_line' id='line_1_36' title="bbox 346 4547 1618 4633; baseline 0.002 -25"><span class='ocrx_word' id='word_1_343' title='bbox 346 4547 430 4610; x_wconf 90' lang='lat' dir='ltr'>dalli</span> <span class='ocrx_word' id='word_1_344' title='bbox 461 4547 617 4628; x_wconf 89' lang='lat' dir='ltr'>Principi</span> <span class='ocrx_word' id='word_1_345' title='bbox 652 4548 796 4611; x_wconf 89' lang='lat' dir='ltr'>electori</span> <span class='ocrx_word' id='word_1_346' title='bbox 829 4559 864 4611; x_wconf 90' lang='lat' dir='ltr'>et</span> <span class='ocrx_word' id='word_1_347' title='bbox 895 4552 942 4612; x_wconf 91' lang='lat' dir='ltr'>da</span> <span class='ocrx_word' id='word_1_348' title='bbox 971 4559 1069 4613; x_wconf 91' lang='lat' dir='ltr'>tucta</span> <span class='ocrx_word' id='word_1_349' title='bbox 1100 4552 1135 4612; x_wconf 90' lang='lat' dir='ltr'>la</span> <span class='ocrx_word' id='word_1_350' title='bbox 1167 4550 1320 4613; x_wconf 89' lang='lat' dir='ltr'>Natione</span> <span class='ocrx_word' id='word_1_351' title='bbox 1352 4552 1467 4633; x_wconf 86' lang='lat' dir='ltr'>questi</span> <span class='ocrx_word' id='word_1_352' title='bbox 1498 4550 1618 4633; x_wconf 86' lang='lat' dir='ltr'>premii</span> 
     </span>
     <span class='ocr_line' id='line_1_37' title="bbox 345 4654 1616 4739; baseline 0.001 -23"><span class='ocrx_word' id='word_1_353' title='bbox 345 4664 488 4735; x_wconf 88' lang='lat' dir='ltr'>possete</span> <span class='ocrx_word' id='word_1_354' title='bbox 518 4654 593 4716; x_wconf 94' lang='lat' dir='ltr'>dire</span> <span class='ocrx_word' id='word_1_355' title='bbox 618 4656 684 4717; x_wconf 91' lang='lat' dir='ltr'>che</span> <span class='ocrx_word' id='word_1_356' title='bbox 708 4658 741 4719; x_wconf 94' lang='lat' dir='ltr'>lo</span> <span class='ocrx_word' id='word_1_357' title='bbox 766 4655 1007 4735; x_wconf 88' lang='lat' dir='ltr'>considerino,</span> <span class='ocrx_word' id='word_1_358' title='bbox 1041 4667 1077 4721; x_wconf 93' lang='lat' dir='ltr'>et</span> <span class='ocrx_word' id='word_1_359' title='bbox 1102 4657 1281 4721; x_wconf 91' lang='lat' dir='ltr'>iudichino</span> <span class='ocrx_word' id='word_1_360' title='bbox 1306 4660 1401 4739; x_wconf 91' lang='lat' dir='ltr'>loro,</span> <span class='ocrx_word' id='word_1_361' title='bbox 1434 4660 1500 4721; x_wconf 91' lang='lat' dir='ltr'>che</span> <span class='ocrx_word' id='word_1_362' title='bbox 1524 4669 1616 4720; x_wconf 89' lang='lat' dir='ltr'>certo</span> 
     </span>
     <span class='ocr_line' id='line_1_38' title="bbox 345 4760 1616 4847; baseline 0.002 -24"><span class='ocrx_word' id='word_1_363' title='bbox 345 4781 415 4823; x_wconf 93' lang='lat' dir='ltr'>non</span> <span class='ocrx_word' id='word_1_364' title='bbox 450 4760 486 4822; x_wconf 83' lang='lat' dir='ltr'>su</span> <span class='ocrx_word' id='word_1_365' title='bbox 519 4761 586 4824; x_wconf 91' lang='lat' dir='ltr'>mai</span> <span class='ocrx_word' id='word_1_366' title='bbox 617 4762 662 4824; x_wconf 77' lang='lat' dir='ltr'>ne</span> <span class='ocrx_word' id='word_1_367' title='bbox 695 4762 792 4824; x_wconf 89' lang='lat' dir='ltr'>udita</span> <span class='ocrx_word' id='word_1_368' title='bbox 823 4764 868 4825; x_wconf 75' lang='lat' dir='ltr'>ne</span> <span class='ocrx_word' id='word_1_369' title='bbox 900 4763 1094 4846; x_wconf 86' lang='lat' dir='ltr'>imaginata</span> <span class='ocrx_word' id='word_1_370' title='bbox 1122 4767 1157 4827; x_wconf 89' lang='lat' dir='ltr'>la</span> <span class='ocrx_word' id='word_1_371' title='bbox 1180 4766 1365 4847; x_wconf 88' lang='lat' dir='ltr'>maggiore</span> <span class='ocrx_word' id='word_1_372' title='bbox 1389 4776 1426 4829; x_wconf 92' lang='lat' dir='ltr'>et</span> <span class='ocrx_word' id='word_1_373' title='bbox 1448 4766 1507 4847; x_wconf 77' lang='lat' dir='ltr'>piu</span> <span class='ocrx_word' id='word_1_374' title='bbox 1532 4766 1616 4828; x_wconf 90' lang='lat' dir='ltr'>inso-</span> 
     </span>
     <span class='ocr_line' id='line_1_39' title="bbox 346 4866 1615 4955; baseline 0.002 -24"><span class='ocrx_word' id='word_1_375' title='bbox 346 4870 440 4931; x_wconf 88' lang='lat' dir='ltr'>lente</span> <span class='ocrx_word' id='word_1_376' title='bbox 464 4866 728 4955; x_wconf 83' lang='lat' dir='ltr'>ingratitudine,</span> <span class='ocrx_word' id='word_1_377' title='bbox 753 4880 789 4932; x_wconf 88' lang='lat' dir='ltr'>et</span> <span class='ocrx_word' id='word_1_378' title='bbox 812 4871 864 4932; x_wconf 90' lang='lat' dir='ltr'>sel</span> <span class='ocrx_word' id='word_1_379' title='bbox 888 4881 1050 4951; x_wconf 88' lang='lat' dir='ltr'>respecto</span> <span class='ocrx_word' id='word_1_380' title='bbox 1077 4882 1111 4933; x_wconf 91' lang='lat' dir='ltr'>et</span> <span class='ocrx_word' id='word_1_381' title='bbox 1135 4872 1261 4935; x_wconf 90' lang='lat' dir='ltr'>timore</span> <span class='ocrx_word' id='word_1_382' title='bbox 1286 4872 1320 4934; x_wconf 92' lang='lat' dir='ltr'>di</span> <span class='ocrx_word' id='word_1_383' title='bbox 1336 4873 1405 4935; x_wconf 91' lang='lat' dir='ltr'>Dio</span> <span class='ocrx_word' id='word_1_384' title='bbox 1429 4884 1465 4936; x_wconf 89' lang='lat' dir='ltr'>et</span> <span class='ocrx_word' id='word_1_385' title='bbox 1488 4875 1522 4937; x_wconf 91' lang='lat' dir='ltr'>la</span> <span class='ocrx_word' id='word_1_386' title='bbox 1547 4874 1615 4935; x_wconf 91' lang='lat' dir='ltr'>loro</span> 
     </span>
    </p>
   </div>
   <div class='ocr_carea' id='block_1_6' title="bbox 0 0 1719 5700">
    <p class='ocr_par' dir='ltr' id='par_1_6' title="bbox 0 0 1719 5700">
     <span class='ocr_line' id='line_1_40' title="bbox 0 0 1719 5700; baseline 0 0"><span class='ocrx_word' id='word_1_387' title='bbox 0 0 1719 5700; x_wconf 95' lang='lat' dir='ltr'> </span> 
     </span>
    </p>
   </div>
  </div>
 </body>
</html>
