3425 5700
827 532 1056 593 ΗΜΛ-ὑ

302 700 340 746 se
365 683 482 747 tradat
506 681 542 745 in
566 680 769 764 opinionem
792 684 896 747 unius
918 683 1163 747 homuncionis
1188 694 1313 748 contra
1335 696 1445 749 totam
1461 682 1565 749 Eccle-

301 790 388 854 siam
413 811 504 872 quae
527 798 581 854 tot
605 809 777 852 annorum
801 791 984 854 curriculis
1007 793 1073 854 hos
1097 791 1185 855 ritus
1209 803 1332 855 secuta
1352 804 1420 855 est:
1451 793 1530 873 imo,
1550 814 1567 853 a

302 919 370 980 qua
394 898 477 980 quia
494 896 624 961 Graeci
648 906 684 960 et
700 896 848 960 Asiatici
873 898 997 981 populi
1022 898 1120 979 prius
1137 898 1327 961 Christiani
1347 910 1567 977 recesserunt,

301 1005 486 1090 imperium
519 1004 620 1067 simul
653 1014 689 1066 et
719 1003 950 1085 religionem,
982 1002 1159 1087 fidemque
1190 1015 1347 1069 nostram
1379 1006 1567 1069 amiserunt.

301 1115 351 1176 At
375 1113 672 1195 septentrionales
696 1122 731 1174 et
755 1111 996 1173 occidentales
1017 1112 1152 1193 populi,
1177 1124 1309 1194 quanto
1326 1113 1486 1195 proxime
1500 1134 1569 1175 cum

301 1221 462 1283 Ecclesia
486 1221 654 1282 Romana
676 1228 875 1297 senserunt,
899 1227 998 1280 tanto
1023 1217 1225 1282 felicissime
1250 1218 1453 1284 floruerunt.
1564 1227 1566 1231 '

390 1328 540 1390 Inducat
564 1325 823 1389 illustrissimus
846 1326 930 1387 Dux
960 1328 1019 1388 vel
1050 1325 1154 1389 etiam
1183 1339 1291 1407 cogat
1318 1328 1464 1390 fratrem
1488 1327 1569 1389 Mar·

302 1435 412 1501 tinum
429 1454 600 1497 revocare
616 1454 711 1496 nova
728 1433 917 1513 Dogmata,
943 1433 1085 1514 quaein
1111 1434 1183 1496 suis
1207 1434 1306 1497 libris
1330 1434 1469 1518 sparsit.
1500 1434 1570 1496 Hoc

300 1545 449 1607 honeste
472 1540 593 1603 facere
617 1540 760 1622 poterit,
784 1540 868 1620 quia
892 1540 927 1602 in
952 1540 1128 1623 principio
1153 1562 1295 1605 suorum
1320 1542 1489 1605 librorum
1509 1562 1572 1603 non

302 1651 410 1712 semel
436 1659 654 1730 protestatus
678 1657 732 1710 est
756 1668 793 1710 se
818 1657 992 1711 staturum
1012 1648 1145 1730 judicio
1171 1647 1275 1711 Sedis
1301 1650 1539 1731 Apostolicae.

391 1756 531 1818 Deinde
562 1755 717 1817 imitetur
749 1753 802 1816 sui
836 1754 969 1817 ordinis
1000 1767 1138 1837 patrem
1169 1756 1300 1819 Divum
1332 1756 1573 1839 Augustinum‚

302 1864 363 1946 qui
385 1866 589 1926 innumeros
613 1881 762 1941 erroreS,
788 1882 818 1938 e,
843 1860 915 1924 suis
939 1860 1038 1924 libris
1063 1864 1279 1925 retractavit.

390 1970 581 2032 Multorum
606 1968 712 2030 etiam
736 1978 939 2031 sanctorum
963 1980 1102 2050 patrum
1127 1970 1268 2050 aliquae
1293 1971 1576 2055 suntdamnatae

300 2077 504 2159 opiniones,
535 2096 683 2158 quorum
708 2075 845 2156 reliqua
869 2078 1002 2157 scripta
1031 2076 1066 2138 in
1094 2096 1158 2139 usu
1183 2077 1366 2139 Ecclesiae
1390 2080 1576 2143 habentur;

300 2185 358 2246 hic
383 2194 436 2246 est
459 2182 729 2246 honestissimus
753 2183 947 2245 revocandi
971 2184 1106 2246 modus

391 2290 495 2372 Quod
529 2289 558 2352 si
590 2291 665 2351 vult
698 2309 780 2352 suas
810 2290 1075 2352 lucubrationes
1105 2292 1150 2351 ad
1182 2300 1345 2371 posteros
1376 2292 1579 2372 perdurare,

301 2401 420 2460 deleat
444 2418 490 2459 ex
514 2396 583 2459 illis
608 2418 651 2459 ea
675 2416 766 2477 quae
791 2397 960 2459 damnata
983 2406 1075 2477 sunt,
1100 2406 1135 2459 et
1159 2399 1205 2459 ab
1229 2396 1375 2478 antiquo
1399 2396 1581 2485 Ecclesiae

302 2516 445 2568 nostrae
469 2504 538 2566 ritu
562 2505 750 2584 recedunt,
775 2514 810 2566 et
833 2515 917 2566 tunc
941 2504 1114 2585 reliquum
1138 2507 1233 2585 quod
1258 2504 1325 2566 erit
1349 2508 1395 2567 ab
1420 2506 1582 2567 omnibus

301 2616 442 2694 legetur
465 2612 572 2675 etiam
596 2611 808 2674 auctoritate
833 2610 1015 2674 Pontificis
1040 2614 1319 2693 comprobatum.

392 2720 431 2781 Id
455 2720 484 2782 si
507 2718 629 2781 faciet:
670 2717 838 2781 Pontifex
862 2718 911 2780 illi
937 2718 1190 2798 benignissime
1214 2720 1387 2800 ignoscet,
1413 2738 1578 2799 repurga-

301 2828 423 2909 bitque
454 2846 531 2889 eam
556 2825 739 2908 regionem
764 2846 785 2888 a
809 2826 986 2906 censuris,
1010 2825 1201 2889 Martinurn
1225 2827 1260 2888 in
1284 2826 1393 2890 filium
1418 2826 1583 2909 recipiet;

301 2947 336 2997 et
351 2946 426 2996 tota
443 2934 603 2996 Ecclesia
620 2934 792 3015 gaudebit
808 2944 881 2997 tarn
904 2933 939 2995 in
965 2935 1074 2996 coelis
1099 2955 1203 3016 quarn
1228 2934 1262 2996 in
1279 2944 1374 2998 terra
1390 2955 1501 3016 super
1518 2955 1585 2996 ore

301 3046 473 3105 redeunte
498 3063 589 3122 quae
613 3041 769 3121 perierat
792 3039 944 3103 filiorum
969 3042 1090 3104 Israel.

392 3149 535 3230 Alioqui
560 3159 642 3211 tunc
667 3147 926 3210 illustrissimus
943 3149 1026 3210 Dux
1050 3152 1097 3210 ob
1121 3150 1292 3210 honorem
1316 3149 1394 3229 Dei,
1419 3168 1587 3211 reveren·

301 3248 384 3320 tiam
410 3256 552 3319 Domini
577 3256 795 3337 Apostolici,
830 3266 864 3317 et
890 3255 1091 3336 Ecclesiae,
1123 3267 1158 3316 et
1182 3255 1217 3318 in
1243 3256 1392 3336 gratiam
1419 3255 1588 3318 Caesaris

301 3364 525 3447 prohibendo
557 3365 646 3426 haec
678 3364 788 3439 maia,
821 3384 866 3425 ne
898 3363 1045 3426 ulterius
1074 3374 1236 3446 serpant,
1269 3363 1303 3425 in
1329 3364 1499 3426 universa
1525 3383 1589 3426 sua

301 3472 434 3534 ditione
457 3471 569 3534 libros
592 3469 736 3532 Martini
761 3480 797 3532 et
825 3470 916 3542 alios
946 3469 1101 3533 famosas
1132 3471 1290 3551 libellos,
1316 3491 1336 3532 a
1364 3471 1441 3552 jure
1466 3469 1589 3552 prohi-

300 3580 394 3641 bitos
417 3589 490 3642 tam
514 3599 577 3640 eos
600 3597 749 3659 quorum
782 3597 922 3639 errores
952 3578 986 3638 in
1019 3579 1117 3639 bulla
1148 3588 1228 3639 sunt
1262 3577 1441 3659 expressi,
1478 3597 1591 3659 quam

298 3686 387 3749 alios
410 3707 498 3768 quos
521 3694 647 3766 postea
671 3684 793 3763 edidit,
818 3685 928 3746 multo
953 3685 1067 3766 magis
1091 3703 1264 3765 enormes
1290 3696 1325 3747 et
1349 3685 1590 3766 perniciosos,

298 3793 458 3858 comburi
475 3794 619 3855 mandet
643 3801 678 3854 et
701 3813 740 3853 re
764 3791 843 3873 ipsa
866 3791 985 3872 faciat,
1006 3792 1107 3873 juxta
1132 3791 1395 3854 conclusionem
1417 3790 1592 3854 Caesaris

299 3901 335 3962 in
359 3901 525 3982 consili0,
551 3900 704 3962 omnium
729 3919 870 3961 suarum
895 3899 1076 3961 nationum
1100 3897 1248 3961 factam:
1283 3901 1329 3960 ob
1354 3901 1449 3979 quod
1475 3897 1594 3980 potis·

298 4009 422 4071 simum
455 4008 523 4089 ipsi
556 4007 726 4071 Oratores
757 4007 952 4069 mittuntur.
1007 4005 1168 4068 Fratrem
1201 4025 1286 4068 vero
1319 4005 1517 4068 Martinum
1557 4007 1593 4068 in

298 4115 416 4197 aliqua
440 4135 523 4178 arce
548 4114 717 4195 detineat,
742 4133 808 4176 nec
833 4113 990 4194 patiatur
1005 4113 1119 4194 ipsum
1136 4113 1220 4175 talia
1236 4113 1403 4191 scribere,
1428 4133 1499 4175 nec
1519 4115 1596 4177 alio

297 4222 425 4304 fugere
449 4223 495 4283 ad
520 4220 790 4283 diffundendum
814 4242 915 4284 suum
939 4222 973 4283 in
999 4221 1077 4283 aliis
1102 4221 1269 4301 gentibus
1293 4240 1489 4302 venenum,
1527 4223 1596 4284 sed

297 4328 369 4391 illic
394 4328 604 4406 detineatur,
629 4330 743 4390 donec
768 4327 900 4391 Caesar
923 4329 958 4390 in
977 4328 1106 4390 Diaeta
1130 4348 1208 4391 cum
1232 4329 1336 4390 bonis
1359 4329 1598 4410 principibus
1688 4317 1689 4396 ff

298 4447 334 4498 et
357 4435 594 4516 prudentibus
623 4435 710 4496 viris
741 4435 997 4498 consultaverit
1020 4435 1104 4516 quid
1130 4437 1174 4498 de
1199 4455 1241 4496 eo
1267 4434 1311 4497 sit
1336 4435 1598 4499 ordinandum.
1688 4419 1689 4464 1

298 4542 521 4623 Quamquam
552 4541 580 4603 si
612 4541 688 4604 iure
721 4544 815 4604 bono
843 4543 1040 4623 procedere
1065 4543 1191 4622 vellet,
1224 4543 1372 4605 deberet
1396 4542 1519 4624 ipsum
1548 4545 1597 4604 ad

298 4649 465 4712 Cesaram
495 4648 652 4730 mittere,
685 4647 744 4729 qui
776 4669 847 4711 una
871 4669 950 4713 cunr
974 4648 1148 4712 Pontifice
1173 4651 1217 4710 de
1242 4649 1410 4711 ulteriore
1431 4649 1601 4731 juridica
1688 4649 1689 4672 ³

296 4755 547 4838 prosecutione
571 4765 752 4821 tractaret.
791 4757 795 4762 ’
1688 4737 1689 4750 ’

387 4863 513 4945 Neque
545 4862 641 4926 dicat
672 4863 932 4926 Illustrissimus
963 4867 1047 4929 Dux
1080 4887 1118 4928 se
1150 4863 1273 4925 timere
1300 4864 1494 4946 populum,
1533 4865 1602 4947 qui
