3425 5700
780 549 1029 617 coelom

264 702 369 773 etiam
400 702 634 791 intervenire,
670 703 761 769 sicut
793 703 828 768 in
863 706 959 768 bono
982 702 1102 767 tritico
1135 698 1269 767 zizania
1298 720 1446 767 necesse
1478 706 1543 766 est.

263 814 354 877 Illud
379 813 481 877 nobis
505 833 576 876 non
602 812 792 877 admodum
816 812 977 875 modeste
1006 809 1139 874 factum
1163 809 1277 874 visum
1301 820 1356 874 est
1379 811 1476 893 quod
1499 810 1545 871 de

263 920 421 985 Concilio
452 923 645 1002 loquuntur
674 921 835 1003 generali
867 941 939 983 non
964 939 1067 982 secus
1097 939 1140 982 ac
1168 918 1198 982 si
1222 918 1289 983 soli
1320 917 1453 982 domini
1476 937 1546 979 om-

263 1028 357 1091 nium
382 1048 498 1091 rerum
524 1038 652 1108 essent,
678 1037 713 1091 et
737 1026 985 1091 Christianitas
1008 1046 1079 1089 una
1102 1025 1149 1089 sit
1172 1024 1382 1099 Germania3
1406 1044 1486 1089 cum
1509 1039 1547 1086 et

265 1136 308 1197 ad
334 1155 438 1216 quem
461 1134 658 1217 pertineat,
691 1155 905 1216 aequorum
930 1136 975 1197 de
999 1153 1175 1197 consensu
1199 1153 1399 1196 convocare
1424 1130 1546 1195 Conci·

263 1242 344 1305 lium
370 1243 484 1307 omnia
511 1241 587 1305 iura
612 1241 866 1321 demonstrent,
891 1249 927 1303 et
947 1260 1040 1303 nunc
1058 1240 1109 1302 eis
1124 1240 1358 1304 incommodis
1372 1239 1549 1321 implicita

264 1350 308 1413 sit
333 1347 578 1413 Christianitas
608 1356 647 1413 ut
677 1350 787 1412 multa
817 1346 916 1429 prius
948 1346 1131 1429 explicare
1161 1368 1309 1411 necesse
1341 1347 1405 1428 sit,
1439 1366 1547 1429 quam

263 1456 331 1519 huc
364 1454 545 1519 devenire.
593 1444 727 1518 Verum
759 1456 848 1519 haec
882 1454 1163 1538 gubernabimus
1196 1474 1241 1517 ea
1267 1454 1408 1517 ratione
1440 1473 1548 1535 quam

263 1562 489 1644 inspiraverit
522 1562 625 1625 nobis
656 1563 772 1641 Deus,
807 1562 926 1625 animo
960 1560 1103 1643 quidem
1136 1561 1242 1624 etiam
1274 1561 1410 1625 maiore
1441 1580 1549 1641 quam

264 1678 441 1733 tantorum
465 1669 645 1732 turbinum
670 1688 862 1732 concursus
894 1668 953 1751 qui
977 1652 1014 1731 et
1038 1690 1057 1731 a
1081 1667 1276 1731 'furcarum
1298 1667 1407 1731 armis
1441 1678 1478 1730 et
1499 1670 1549 1731 ab

262 1776 437 1840 intestinis
462 1775 741 1839 Christianorum
772 1774 1005 1839 incommodis
1029 1795 1094 1838 nos
1118 1783 1323 1857 praemunt,
1358 1771 1550 1837 videantur

263 1885 454 1966 postulare.
503 1882 596 1964 Quid
620 1883 714 1946 enim
736 1885 795 1946 vel
820 1882 927 1946 animi
950 1884 1008 1945 vel
1032 1880 1170 1945 consilii
1191 1882 1317 1945 deesse
1337 1890 1459 1963 potest
1480 1880 1549 1943 rite

264 2000 299 2055 et
331 1990 478 2055 firmiter
510 1989 544 2054 in
570 1990 722 2055 Domino
747 1990 998 2071 sperantibus?
1045 1988 1206 2053 Habebis
1236 1989 1344 2053 etiam
1373 1998 1548 2071 protesta-

263 2098 397 2162 tionum
431 2099 633 2178 exemplum
667 2116 758 2178 quae
791 2117 857 2179 per
890 2098 1082 2159 liberarum
1114 2096 1296 2159 civitatum
1320 2095 1480 2158 Nuncios
1512 2094 1548 2156 in

264 2206 391 2269 eodem
414 2214 592 2267 conventu
616 2203 734 2267 factae
756 2212 846 2285 sunt,
873 2224 963 2287 quae
987 2224 1059 2286 quo
1079 2204 1201 2267 animo
1218 2203 1298 2284 siut,
1322 2201 1435 2266 infido
1465 2202 1553 2265 vide

263 2312 346 2375 licet
379 2319 414 2373 et
438 2321 626 2394 corrupto,
660 2311 805 2394 etquid
833 2311 936 2375 nobis
960 2312 995 2374 in
1020 2311 1201 2393 presentia
1232 2311 1396 2374 videatur
1426 2308 1551 2372 afferri

266 2417 414 2481 remedii
444 2437 561 2501 posse,
588 2418 631 2481 ad
657 2418 824 2483 dilectum
847 2417 957 2482 filium
985 2416 1217 2482 Melchiorem
1240 2417 1403 2500 Langum
1426 2416 1546 2481 Came·

263 2525 394 2591 rarium
418 2536 577 2591 nostrum
610 2546 689 2589 cum
714 2525 1032 2608 circumspectione
1055 2534 1117 2588 tua
1140 2525 1334 2607 praecipue
1357 2523 1550 2587 communi·

264 2632 415 2695 candum
440 2631 607 2695 mittimus
615 2680 623 2711 ,
657 2632 713 2695 cui
738 2642 775 2693 tu
798 2632 906 2696 fidem
929 2652 1070 2695 omnem
1094 2631 1255 2695 babebis.
1300 2630 1470 2693 Nostrum
1494 2640 1567 2701 est,

265 2759 357 2802 nunc
382 2739 516 2805 hortari
541 2739 576 2805 in
594 2738 747 2803 Domino
772 2738 1125 2822 circumspectionem
1147 2746 1245 2800 tuam
1268 2747 1307 2800 ut
1330 2737 1550 2818 singularem

265 2869 343 2911 eam
360 2846 584 2930 prudentiam
601 2867 671 2929 qua
687 2846 723 2909 in
741 2846 862 2929 primis
878 2848 990 2930 pollet
1011 2856 1047 2910 et
1064 2845 1311 2910 auctoritatem
1328 2866 1399 2928 qua
1412 2864 1550 2908 summe

265 2964 319 3018 est
342 2955 516 3037 praedita,
541 2953 704 3017 conferre
728 2974 868 3017 omnem
892 2956 938 3017 ad
963 2955 1149 3017 tutandum
1165 2953 1389 3016 Christianae
1403 2951 1488 3014 fidei
1513 2962 1551 3014 et

264 3061 368 3124 huius
392 3059 545 3124 Sanctae
566 3057 680 3139 Sedis,
706 3061 804 3124 cuius
828 3060 907 3143 ipsa
930 3060 1239 3124 honoratissimum
1261 3061 1459 3123 membrum
1484 3073 1550 3140 est,

266 3169 376 3232 decus
399 3188 467 3230 non
484 3177 688 3250 postponat,
713 3187 864 3250 eumque
879 3188 1036 3231 amorem
1051 3188 1122 3250 quo
1137 3167 1242 3232 nobis
1255 3167 1402 3250 proprie
1417 3166 1552 3230 affecta

265 3285 321 3339 est
345 3285 380 3339 et
404 3274 459 3338 cui
483 3295 547 3337 nos
571 3295 641 3336 non
667 3274 793 3337 minori
816 3273 1059 3338 benivolentia
1080 3274 1347 3356 respondemus,
1372 3273 1551 3336 inhaere

266 3392 378 3452 totum
409 3381 614 3456 ostendere3
652 3381 681 3445 si
705 3391 821 3445 tamen
854 3381 1022 3465 perennis
1053 3389 1089 3444 et
1112 3390 1288 3463 perpetua
1318 3379 1396 3443 laus
1418 3389 1482 3443 tua
1513 3389 1551 3442 et

265 3489 366 3553 istius
401 3488 524 3552 summi
559 3508 601 3551 ac
634 3489 738 3551 nobis
770 3487 1044 3552 coniunctissimi
1072 3487 1188 3569 Regis
1224 3487 1258 3549 in
1292 3488 1361 3550 hoc
1393 3487 1549 3569 negocio

267 3597 420 3662 maxime
444 3595 561 3676 posita
586 3605 640 3658 est
673 3603 711 3657 ut
734 3595 910 3678 possimus
934 3594 1126 3676 aliquando
1150 3594 1425 3675 Rempublicam
1450 3594 1549 3657 Chri-

265 3702 416 3766 stianam
440 3711 493 3765 tot
508 3701 739 3766 incommodis
756 3703 978 3764 laborantem
995 3701 1050 3763 his
1064 3700 1343 3783 perniciosarum
1359 3702 1550 3764 haeresum

266 3821 302 3876 et
334 3807 566 3892 gravissimae
590 3808 782 3892 impietatis
805 3808 924 3889 malis,
960 3809 1039 3870 Deo
1063 3816 1259 3888 annuente,
1294 3807 1459 3872 liberare.
1507 3809 1548 3870 In

265 3938 335 3999 quo
359 3925 398 3979 tu
422 3917 564 3998 quidem
589 3915 831 3997 dignissimam
862 3937 901 3978 ac
925 3915 1182 3978 sanctissimam
1205 3935 1353 3998 operam
1375 3918 1550 3996 praebes:

264 4023 422 4105 undique
446 4023 539 4086 enim
563 4022 793 4104 intelligimus
817 4043 857 4085 ac
883 4022 989 4085 etiam
1013 4042 1059 4084 ex
1084 4021 1242 4085 eiusdem
1265 4021 1472 4085 Melchioris
1495 4022 1549 4085 lit-

265 4131 350 4194 teris
374 4151 445 4212 qua
468 4103 658 4211 prudentia
689 4140 724 4191 et
748 4128 872 4210 vigilia
896 4128 1054 4210 serpenti
1076 4128 1157 4191 huic
1181 4128 1254 4190 labi
1278 4127 1551 4211 circumspectio

265 4249 326 4302 tua
356 4245 538 4315 occurrat,
573 4253 678 4316 quam
702 4233 880 4316 quomodo
905 4233 1033 4298 idonee
1058 4282 1168 4300 .....
1192 4236 1239 4297 ob
1269 4246 1342 4298 tam
1365 4236 1551 4317 singulare

265 4345 427 4408 meritum
446 4364 516 4407 non
533 4341 743 4424 repetimus:
770 4361 849 4404 nam
868 4362 984 4423 neque
999 4388 1110 4406 .....
1135 4341 1276 4405 litterae
1291 4342 1408 4405 animo
1425 4354 1550 4406 nostro

265 4452 351 4516 satis
376 4499 487 4519 .....
516 4449 551 4512 in
577 4449 677 4512 coelo
701 4456 877 4530 perpetua
900 4449 993 4512 inter
1017 4448 1176 4512 homines
1199 4448 1364 4530 profecto
1387 4449 1551 4531 singular

267 4607 374 4626 .....
399 4558 537 4621 litterar
560 4576 639 4619 cum
663 4573 798 4618 summo
824 4603 857 4620 ..
877 4602 884 4618 .
903 4602 911 4618 .
928 4555 978 4637 st).

354 4667 436 4730 Dat.
460 4665 601 4728 Romae
625 4671 692 4726 etc.
730 4661 798 4725 Die
823 4661 916 4724 XVI
939 4661 1025 4726 Maii
1053 4683 1135 4742 ¹5²4
1162 4663 1267 4726 Anno
1291 4674 1345 4745 p⁰.

266 4785 479 4792 ω*

297 4839 317 4904 ¹)
337 4835 380 4884 Ob
399 4833 529 4898 originale
547 4833 656 4882 omnino
676 4847 812 4882 corrosum
831 4833 913 4881 verba
931 4832 1079 4882 desiderate
1097 4833 1238 4897 perierunt.

807 4937 1012 4950 mm
