3425 5700
810 563 1040 620 Milli&

285 713 374 777 ciliis
409 715 655 797 generalibus,
691 713 749 775 vel
780 712 887 775 etiam
922 712 1197 795 particularibus
1231 710 1386 794 Synodis
1424 710 1561 774 fuerunt

285 823 484 901 damnatae,
512 821 547 883 in
572 820 700 902 quibus
724 829 889 882 auctores
914 840 1072 883 errorum
1097 839 1167 881 non
1193 820 1305 882 solum
1330 840 1399 881 non
1425 819 1562 882 fuerunt

285 929 406 1007 auditi,
430 928 494 991 sed
519 927 625 990 etiarn
650 947 719 989 non
745 924 992 989 interfuerunt.
1041 923 1153 988 Sicuti
1177 926 1421 991 Ebionitarum
1445 928 1561 989 haere-

285 1036 342 1115 sis,
369 1034 665 1114 Sabellianorum,
683 1032 969 1116 Pelagianorum,
986 1034 1237 1115 Montensium,
1262 1035 1307 1097 de
1332 1034 1458 1117 quibus
1479 1033 1562 1116 judi·

285 1143 408 1205 caudis
432 1142 685 1206 Constantinus
710 1139 908 1223 Imperator
930 1141 977 1204 ad
1003 1140 1212 1205 Pontificem
1237 1141 1439 1204 Romanum
1463 1140 1563 1220 misit,

285 1260 323 1312 ut
355 1250 597 1332 supradictum
631 1258 694 1312 est.
758 1248 892 1313 Omitto
935 1268 1027 1311 nunc
1065 1250 1158 1331 quod
1189 1248 1362 1311 Martinus
1398 1248 1514 1311 statim
1544 1268 1564 1307 a

285 1355 462 1438 principio
493 1340 635 1418 suarum
658 1354 889 1436 ineptiarum,
921 1375 942 1417 a
970 1354 1144 1417 Pontifice
1178 1354 1295 1418 fuerat
1327 1354 1483 1436 benigne
1507 1354 1562 1416 ad·

286 1463 437 1525 monitus
462 1473 499 1525 ut
524 1462 723 1541 desisteret,
747 1461 877 1524 deinde
895 1462 1001 1524 etiam
1016 1462 1170 1525 Romam
1185 1462 1314 1525 citatus
1330 1462 1452 1525 oblato
1467 1463 1563 1523 salvo

286 1571 440 1634 adeundi
472 1580 508 1631 et
538 1569 711 1633 redeundi
743 1570 941 1649 conductu,
975 1590 1066 1651 quae
1091 1568 1209 1632 omnia
1233 1589 1340 1650 quum
1371 1578 1564 1651 sperneret,

286 1698 431 1741 necesse
454 1677 578 1740 habuit
591 1675 770 1758 Pontifex,
796 1696 866 1739 non
884 1677 959 1739 sine
983 1684 1102 1739 tamen
1126 1686 1263 1739 matura
1279 1684 1315 1739 et
1329 1675 1564 1739 Cardinalium

286 1796 322 1847 et
345 1784 604 1866 Episcoporum
634 1793 670 1846 et
694 1785 882 1846 multorum
906 1784 1191 1847 doctissimorum
1215 1784 1371 1846 virorum
1396 1784 1562 1845 delibera·

285 1891 382 1954 tione
407 1901 443 1953 et
467 1890 722 1971 disputatione,
756 1899 791 1953 et
823 1911 963 1954 errores
987 1891 1098 1973 ipsius
1123 1892 1359 1954 condemnare
1384 1900 1419 1953 et
1444 1902 1565 1952 contra

289 1999 440 2060 eundem
464 1998 510 2061 ad
535 1997 703 2060 ulteriora
727 1999 936 2079 procedere.

375 2105 426 2167 At
449 2105 543 2167 dicet
566 2104 742 2166 Martinus
765 2105 874 2186 (quod
899 2114 934 2166 et
960 2106 1032 2167 dux
1055 2106 1133 2187 ipse
1158 2106 1260 2167 nobis
1285 2125 1349 2186 per
1373 2125 1455 2167 suos
1479 2102 1563 2167 refe·

286 2214 437 2276 rendum
462 2212 633 2275 Coloniae
657 2209 771 2294 iussit)
800 2232 943 2276 causam
968 2233 1065 2275 suam
1097 2214 1154 2277 vel
1185 2214 1294 2275 multo
1319 2224 1424 2275 antea
1448 2210 1565 2290 fuisse,

286 2342 307 2382 a
331 2320 469 2398 Legato
494 2317 531 2383 S.
562 2318 657 2381 Sixti
684 2319 1002 2383 Reverendissimo
1028 2321 1071 2382 D.
1099 2320 1311 2383 Treverensi
1336 2320 1566 2399 commissam,

286 2448 356 2507 qua
371 2426 530 2490 indecisa
545 2427 737 2508 pendente,
750 2446 821 2488 non
834 2424 1017 2489 debuisset
1029 2426 1168 2489 interim
1177 2425 1344 2490 Pontifex
1357 2428 1566 2509 procedere:

376 2534 531 2597 Primum
562 2533 851 2614 respondendum
883 2543 936 2597 est
962 2533 1072 2597 fuisse
1097 2535 1188 2597 hanc
1214 2554 1357 2597 causam
1380 2554 1451 2597 non
1476 2554 1565 2596 com·

287 2640 428 2704 missam
463 2642 526 2704 sed
564 2640 716 2704 fortasse
749 2641 1031 2705 commendatam
1070 2663 1092 2704 a
1122 2642 1278 2723 Legato,
1317 2640 1384 2723 ipsi
1415 2640 1567 2703 Domino

287 2748 513 2829 Treverensi,
548 2757 585 2810 ut
616 2747 707 2829 ipse,
739 2757 864 2830 utpote
887 2748 943 2811 vir
967 2748 1140 2829 eruditus,
1171 2768 1394 2831 magnaeque
1419 2748 1566 2811 auctori·

286 2855 369 2919 tatis
394 2865 429 2920 et
453 2855 687 2920 illustrissimo
704 2857 796 2920 Duci
820 2856 953 2920 amicus
977 2867 1141 2938 tentaret,
1167 2878 1236 2938 quo
1260 2867 1367 2941 pacto
1391 2855 1472 2919 finis
1487 2857 1568 2919 huic

287 2963 489 3045 pernicioso
513 2963 666 3044 negocio
690 2964 835 3027 tandem
859 2963 1111 3046 imponeretur.

376 3070 516 3133 Deinde
547 3070 576 3133 si
607 3071 793 3133 commissa
824 3081 935 3152 esset,
970 3082 1153 3154 oporteret
1181 3071 1321 3153 scriptis
1345 3074 1501 3153 probare
1526 3071 1569 3133 de

287 3176 457 3240 facultate
480 3177 610 3259 Legati
634 3186 670 3241 et
692 3179 929 3260 subdelegati.

377 3285 564 3348 Postremo
597 3285 740 3367 quando
771 3287 924 3348 maxime
956 3285 1141 3349 commissa
1172 3297 1284 3378 esset,
1315 3287 1485 3351 Pontifex
1512 3287 1570 3370 qui

288 3401 365 3456 erat
388 3413 573 3475 supremus
597 3393 830 3474 committens,
855 3393 971 3474 potuit
995 3403 1030 3456 et
1053 3393 1179 3456 merito
1204 3372 1327 3456 debuit
1347 3396 1392 3456 ad
1409 3415 1448 3486 se
1463 3399 1571 3458 talem

288 3501 570 3564 commissionem
601 3519 815 3582 causamque
846 3509 956 3563 totam
989 3500 1185 3582 advocare,
1222 3501 1431 3582 praesertim
1464 3522 1574 3583 quum

288 3607 463 3670 Martinus
493 3608 529 3672 in
558 3608 634 3672 dies
658 3608 773 3688 magis
797 3617 967 3689 pergeret
990 3607 1162 3687 insanire,
1197 3618 1327 3671 ettam
1352 3628 1441 3671 voce
1466 3629 1575 3690 quam

288 3714 430 3797 scriptis
454 3734 596 3797 semper
619 3715 764 3797 aliquod
788 3734 965 3781 venenum
989 3715 1025 3777 in
1047 3717 1218 3796 populum
1235 3713 1448 3778 diffundere:
1474 3718 1574 3780 unde

289 3821 458 3885 Pontifex
490 3821 616 3885 merito
651 3824 849 3904 cogebatur
886 3821 1074 3902 negocium
1110 3833 1304 3902 maturare,
1345 3843 1390 3886 ne
1422 3825 1579 3887 materia

287 3929 371 3992 fidei
396 3949 626 4011 processuum
641 3928 835 3992 involucris
860 3928 990 3992 diutius
1013 3929 1272 4011 precrastinata
1295 3949 1463 4011 magnum
1488 3930 1578 3995 fide-

289 4037 381 4100 libus
404 4035 654 4100 detrimentum
678 4035 832 4100 afferret.

378 4142 469 4206 Nam
492 4145 589 4226 quod
603 4143 778 4208 Martinus
802 4147 1079 4228 protestabatur,
1104 4165 1142 4208 se
1167 4147 1259 4209 velle
1283 4145 1398 4208 audiri
1422 4155 1457 4209 et
1482 4155 1524 4208 ut
1539 4147 1581 4210 id

285 4250 322 4314 in
346 4251 466 4314 diaeta
490 4250 591 4314 fieret
615 4252 766 4315 maxime
789 4255 1022 4333 procurabat,
1056 4273 1098 4316 eo
1124 4255 1296 4316 tendebat
1320 4264 1358 4314 ut
1383 4253 1581 4318 auctorita-

288 4368 360 4420 tem
375 4357 560 4421 Pontificis
576 4357 706 4421 iudicio
725 4359 894 4422 laicorum
911 4360 1114 4434 subiiceret;
1141 4360 1270 4424 deinde
1295 4360 1378 4442 quia
1402 4363 1583 4442 sperabat

289 4467 439 4528 tumultu
463 4476 500 4528 et
523 4465 655 4528 affectu
679 4487 811 4547 eorum,
836 4465 897 4548 qui
922 4467 1062 4530 suntin
1087 4467 1290 4531 Romanam
1315 4466 1455 4531 Curiam
1481 4475 1583 4534 male

289 4572 444 4655 animati,
469 4593 611 4636 causam
636 4595 734 4636 suam
759 4575 1073 4655 comprobandam,
1099 4585 1134 4637 et
1151 4574 1378 4640 Germaniam
1401 4585 1516 4640 totam
1543 4579 1584 4642 in

290 4701 388 4744 suam
414 4681 626 4744 sententiam
650 4703 689 4744 se
713 4680 820 4744 facile
843 4689 1049 4745 tracturum.

378 4785 534 4850 Suberat
557 4787 664 4851 etiam
688 4791 864 4870 quaedam
888 4789 1003 4853 latens
1027 4789 1167 4869 astutia,
1191 4811 1272 4854 nam
1295 4810 1401 4872 quum
1417 4791 1585 4873 suspica·

289 4903 397 4978 retur,
421 4895 491 4958 imo
515 4895 621 4959 etiam
636 4895 707 4958 iam
723 4898 769 4958 ab
794 4895 969 4978 aliquibus
993 4897 1220 4981 intelligeret,
1246 4897 1393 4960 nuncios
1417 4897 1586 4984 Aposto-
