3425 5700
838 508 1084 563 0<3310e⁴

232 724 236 732 Ι
324 670 417 713 novo
440 649 609 733 pontifice
634 651 716 715 mihi
741 672 846 735 quam
871 655 1020 717 molesta
1044 673 1124 716 esse
1148 652 1322 734 cepisset,
1347 672 1432 715 ecce
1455 651 1590 715 affertur

324 757 471 821 nuncius
502 778 571 840 quo
596 760 712 821 nullus
736 779 890 842 unquam
914 760 1043 823 allatus
1066 762 1125 823 vel
1149 759 1305 843 optatior
1336 760 1394 823 vel
1417 757 1591 821 iucundior

323 887 393 950 quo
418 865 681 929 Beatitudinem
712 875 866 929 vestram
890 866 1094 949 pontificem
1125 875 1284 930 creatum
1314 886 1355 929 ac
1384 867 1591 929 declaratum
1639 924 1645 946 ,

323 982 360 1035 et
388 980 527 1056 patrum
558 973 652 1036 omni
683 975 818 1036 calculo
850 971 979 1037 Christi
1010 971 1181 1036 vicariurn
1216 972 1441 1056 designatum
1472 970 1591 1055 signifi·

323 1088 440 1153 catur;
476 1082 571 1143 unde
602 1090 673 1143 tam
704 1079 905 1143 incredibili
937 1079 1069 1162 gaudio
1102 1078 1251 1142 affectus
1281 1099 1357 1143 sum
1387 1088 1427 1142 ut
1457 1099 1593 1161 prorsus

323 1186 511 1250 dubitarim
536 1186 591 1249 cui
615 1186 835 1269 potissimum
861 1187 1032 1270 gratulari
1056 1187 1218 1267 debeam,
1241 1184 1461 1251 Beatitudini
1477 1186 1522 1249 V.
1546 1184 1592 1248 cui

323 1301 441 1356 tantus
473 1291 700 1375 pontificatus
733 1296 785 1375 (ut
818 1294 925 1357 audio
958 1303 994 1357 et
1025 1294 1120 1375 quod
1145 1294 1328 1376 optabam)
1361 1313 1427 1357 nec
1458 1292 1593 1376 petendi

322 1421 389 1464 nec
414 1399 596 1482 cogitandi
621 1401 831 1485 contigerit,
865 1423 910 1465 an
934 1400 1156 1482 pontificatui
1179 1400 1248 1481 ipsi
1280 1422 1322 1465 ac
1347 1421 1482 1463 summo
1506 1398 1594 1462 orbis

324 1507 566 1571 ecclesiastico
595 1508 817 1591 magistratui
849 1508 909 1591 qui
933 1528 1027 1571 nunc
1050 1508 1195 1571 tandem
1225 1506 1446 1591 splendidior
1470 1506 1594 1589 magni·

322 1613 554 1696 ficentiorque
578 1614 767 1696 videbitur,
791 1625 980 1697 postquam
1004 1614 1067 1678 tali
1090 1614 1166 1678 viro
1192 1616 1331 1679 delatus
1355 1623 1423 1695 est,
1448 1613 1508 1695 qui
1532 1611 1595 1675 suis

323 1721 511 1785 virtutibus
536 1730 571 1784 et
596 1720 812 1784 ornamentis
836 1720 882 1784 sit
905 1721 1070 1803 dignitati
1098 1721 1165 1803 ipsi
1190 1743 1295 1804 quam
1319 1720 1476 1803 suscepit
1497 1719 1595 1803 pluri·

324 1849 417 1892 mum
441 1827 634 1891 maiestatis
662 1830 851 1909 allatum,
886 1850 932 1893 an
956 1828 1075 1910 potius
1100 1828 1291 1892 christiane
1314 1827 1512 1910 reipublice
1536 1847 1596 1908 que

323 1936 430 1999 talem
461 1934 506 1997 sit
529 1934 732 2017 pontificem
763 1934 929 1999 habitura
959 1934 1019 2017 qui
1049 1935 1151 1998 clavo
1174 1934 1378 1998 fluctuantis
1408 1932 1596 2017 apostolice

323 2043 450 2125 cymbe
481 2040 640 2105 assidens
672 2042 877 2123 nauclerus,
908 2045 954 2105 ab
979 2041 1259 2123 impingentibus
1282 2040 1318 2103 in
1343 2061 1420 2103 eam
1451 2039 1598 2103 motibus

323 2149 404 2213 hinc
428 2148 666 2231 sanguinariis
690 2149 909 2212 Thurcarum
940 2148 1064 2225 armis,
1098 2148 1193 2211 illinc
1218 2146 1497 2211 heresiarcarum
1521 2156 1597 2208 tem·

322 2256 521 2339 pestatibus
544 2276 586 2319 ac
610 2256 817 2337 impetuosis
841 2256 1020 2339 procellis,
1043 2256 1122 2319 Deo
1147 2256 1378 2335 concedente,
1401 2254 1542 2317 fortiter
1560 2271 1598 2315 ac

323 2372 466 2429 strenue
490 2364 604 2445 ipsam
629 2366 675 2427 ab
701 2363 794 2427 omni
814 2362 941 2427 iniuria
956 2363 1150 2445 vindicare,
1175 2365 1394 2445 eandemque
1410 2363 1599 2445 prudenter

323 2470 501 2535 moderari
530 2489 729 2552 regereque
753 2472 883 2535 valeat.
930 2470 1086 2534 Proinde
1116 2490 1137 2532 ο
1162 2469 1254 2533 diem
1278 2471 1388 2532 letum
1411 2467 1598 2532 christiano

324 2577 401 2641 orbi
426 2576 675 2641 candidissimo
700 2579 895 2641 notandum
923 2578 1080 2659 calculo,
1105 2577 1248 2641 etmihi
1271 2577 1441 2659 precipue
1465 2596 1531 2657 pro
1552 2574 1598 2636 in·

324 2684 486 2748 credibili
516 2704 596 2747 mea
619 2684 654 2746 in
680 2682 715 2747 S.
741 2684 784 2749 V.
817 2705 953 2747 summa
976 2705 1118 2768 semper
1141 2683 1372 2747 observantia
1403 2702 1468 2746 nec
1500 2682 1599 2746 unico

323 2790 516 2874 margarito
541 2790 763 2872 signandum.
809 2790 936 2874 Itaque
966 2790 1002 2855 in
1024 2791 1149 2874 primis
1173 2791 1213 2854 B.
1241 2790 1283 2854 V.
1314 2801 1353 2853 ut
1376 2789 1600 2873 pontificatus

324 2901 390 2964 iste
422 2898 491 2982 ipsi
525 2897 731 2980 sempiterni
763 2899 860 2962 laudi
893 2899 938 2962 sit
961 2897 1157 2982 reipublice
1192 2907 1365 2980 perpetuo
1398 2897 1534 2960 faustus
1565 2903 1599 2958 et

324 3006 412 3071 felix
444 3015 594 3088 exopt0‚
630 3007 851 3088 eandemque
876 3007 916 3070 B.
942 3005 986 3069 V.
1018 3005 1069 3069 uti
1100 3025 1223 3069 verum
1248 3003 1378 3068 Christi
1402 3001 1600 3068 Servatoris

324 3113 435 3178 nostri
470 3113 506 3174 in
542 3111 645 3176 terris
669 3111 851 3176 Vicarium
886 3132 928 3174 ac
964 3111 1201 3176 indubitatum
1229 3112 1328 3175 Petri
1363 3131 1599 3175 successorem

324 3221 560 3301 Romanaque
591 3227 627 3283 et
650 3220 861 3284 universalis
886 3219 1035 3284 ecclesie
1059 3229 1239 3302 pastorem
1267 3229 1374 3302 atque
1398 3217 1600 3303 pontificem

323 3335 530 3392 reverenter
559 3328 674 3390 saluto
705 3336 812 3410 atque
836 3329 965 3408 adoro,
1001 3347 1139 3410 proque
1171 3327 1293 3391 debita
1324 3347 1365 3390 ac
1396 3325 1494 3391 filiali
1520 3328 1599 3389 obe-

324 3434 459 3498 dientia
482 3454 578 3516 mea,
603 3444 773 3516 quantum
797 3455 862 3518 per
886 3433 1083 3498 absentiam
1106 3433 1191 3497 licet
1213 3431 1291 3497 Sm⁰⁸
1314 3435 1427 3516 pedes
1450 3432 1599 3497 devotis-

323 3541 409 3605 sime
435 3542 634 3622 exosculor,
660 3561 794 3623 oroque
815 3551 854 3604 ut
868 3562 924 3604 me
944 3540 1027 3604 olim
1046 3540 1248 3604 clientulum
1263 3527 1363 3604 suum
1387 3550 1424 3604 et
1439 3538 1600 3604 addictis-

323 3649 447 3712 simum
472 3649 650 3711 servulum
675 3658 711 3712 et
734 3668 827 3711 nunc
845 3645 881 3711 S.
897 3648 941 3712 V.
967 3646 1294 3711 obedientissimum
1309 3647 1418 3710 filium
1434 3647 1601 3710 ecclesias

323 3775 420 3818 meas
445 3775 578 3834 omnes,
602 3776 642 3817 ac
668 3754 821 3837 denique
846 3753 1048 3818 universam
1071 3774 1185 3817 meam
1209 3752 1378 3817 familiam
1402 3755 1468 3818 sub
1491 3753 1601 3835 ipsius

322 3864 483 3925 umbram
508 3870 630 3944 utpote
655 3862 894 3944 pientissimus
918 3872 954 3926 et
978 3861 1269 3925 clementissimus
1284 3861 1393 3925 Pater
1411 3863 1600 3925 clementer

323 3977 545 4052 paterneque
568 3969 761 4033 fovendum
785 3969 1026 4051 tuendumque
1050 3968 1230 4050 suscipere
1254 3968 1509 4051 complectique
1525 3967 1599 4049 dig-

324 4085 436 4139 netur.
484 4075 529 4138 Et
551 4078 642 4139 bene
676 4086 711 4138 et
734 4075 887 4139 feliciter
910 4076 1030 4138 valeat
1053 4074 1094 4138 Β.
1119 4074 1164 4136 V.
1195 4094 1300 4156 quam
1324 4075 1423 4138 Deus
1447 4072 1598 4156 omnipo-

324 4191 402 4245 tens
434 4184 479 4246 ad
510 4182 607 4246 orbis
638 4182 929 4264 tranquillitatem
960 4192 995 4245 et
1023 4180 1107 4244 fidei
1134 4201 1196 4243 sue
1229 4181 1483 4246 exaltationem
1512 4179 1598 4244 cbri-

324 4290 437 4353 stiane
461 4289 658 4371 reipublice
681 4289 831 4370 gloriam
855 4299 1067 4371 perpetuum
1091 4298 1209 4384 servet
1232 4288 1453 4353 incolumem.

415 4415 544 4478 Datum
566 4413 682 4476 Hallis
707 4413 765 4478 die
789 4414 845 4477 IX
871 4412 1080 4478 Decembris
1104 4411 1321 4475 MDXXIII.

858 4655 1062 4670 WUWWWM
