3425 5700
907 863 980 929 151.

325 968 513 1058 Capitulum
546 976 794 1059 mutinensem
827 996 912 1063 quae
935 996 994 1064 por
1018 978 1173 1045 Senatum
1197 980 1333 1064 Imperii
1361 980 1397 1046 in
1420 980 1560 1048 materia

322 1097 483 1148 novarum
507 1083 735 1150 Doctrinarum
761 1088 839 1153 sunt
863 1087 1028 1166 conclusa,
1051 1089 1090 1152 ut
1113 1086 1209 1153 utin
1231 1104 1365 1154 recessu
1380 1088 1560 1155 vernacula

324 1186 438 1272 lingua
462 1192 512 1256 est
532 1190 753 1273 inserendum,
778 1194 942 1276 quatenus
957 1192 1086 1259 ratione
1101 1192 1301 1260 universalis
1317 1193 1464 1276 Gonoilii,
1488 1197 1560 1263 ouni

325 1282 532 1364 sanctissimi
565 1296 691 1363 Domini
722 1284 896 1366 Clementis
919 1299 987 1365 Vll.
1017 1298 1125 1384 Papae
1154 1300 1275 1385 legato
1305 1300 1340 1368 in
1369 1302 1457 1370 hano
1487 1319 1559 1369 sen·

696 1407 833 1475 tentiam
860 1409 1056 1475 conventum
1080 1407 1192 1476 fuerit.

645 1537 746 1609 (Acta
769 1536 1050 1597 wormatiensis
1076 1536 1137 1597 ici.
1162 1537 1241 1609 aia)

773 1655 880 1724 (Mense
898 1658 1003 1724 Aprilis
1025 1658 1113 1720 1524.)
1187 1722 1191 1729 Ι

393 1835 423 1851 ..
440 1838 447 1851 .
464 1836 471 1851 .
489 1789 602 1870 Quam
619 1790 765 1873 insuper
778 1790 920 1874 prefata
935 1800 1058 1856 nostra
1071 1792 1257 1855 instructio
1273 1792 1403 1871 Joanni
1419 1792 1581 1856 Hannart

304 1893 448 1958 Oratori
471 1906 591 1961 nostro
616 1900 662 1961 ad
685 1901 775 1962 hanc
800 1899 1026 1982 Imperialem
1042 1898 1206 1963 Diaetam
1231 1899 1315 1962 data
1337 1899 1432 1961 inter
1455 1899 1527 1964 alia
1547 1900 1580 1962 in

303 2022 341 2064 se
366 2003 624 2085 complectitur:
650 2004 725 2068 Nos
748 2024 812 2086 spe
836 2008 933 2069 bona
958 2005 1085 2069 ductos
1108 2006 1169 2087 qui
1186 2002 1287 2068 Sacri
1303 2006 1449 2088 Imperii
1473 2017 1581 2070 status

304 2118 482 2190 tamquam
506 2121 652 2175 sanctae
675 2111 760 2175 fidei
784 2112 1007 2193 defensores,
1030 2121 1067 2174 et
1089 2109 1312 2196 protectores
1335 2115 1507 2177 mandato
1527 2135 1580 2177 no·

303 2223 377 2278 stro
393 2216 437 2278 de
453 2236 627 2281 consensu
642 2218 855 2298 Electorum,
882 2219 1094 2301 Principum,
1119 2219 1374 2302 Praelatorum,
1399 2220 1581 2301 Comitum,

304 2330 340 2383 et
363 2322 511 2386 aliorum
534 2334 688 2389 statuum
703 2326 924 2390 Wormatiae
949 2335 1113 2391 emanato
1138 2329 1349 2391 obedienter
1372 2329 1581 2411 paruissent,

304 2438 341 2493 et
364 2429 627 2512 satisfecissent,
653 2454 694 2497 ac
718 2434 806 2497 illud
829 2434 923 2497 idem
943 2436 1256 2517 manutenuissent,
1280 2435 1327 2500 Et
1350 2455 1400 2525 ex⁴
1420 2456 1466 2499 eo
1491 2435 1583 2519 quod

303 2537 478 2627 promissa
508 2538 703 2621 adimplere
736 2527 994 2622 neglexerunt,
1029 2562 1101 2605 non
1132 2542 1307 2605 modicam
1337 2542 1478 2610 ratione
1501 2542 1578 2607 Rei·

303 2644 468 2729 publicae
493 2645 713 2710 Christianae
738 2658 773 2712 et
797 2648 905 2711 totius
929 2648 1164 2714 Germanicae
1178 2629 1352 2713 Nationis
1375 2650 1583 2729 molestiam,
1678 2676 1679 2683 ¹

303 2760 340 2814 et
364 2752 621 2835 displicentiam
647 2755 873 2838 concepisse;
899 2766 1113 2837 eapropter
1138 2756 1361 2837 desiderium,
1387 2767 1422 2819 et
1447 2755 1583 2839 petitio-

303 2881 384 2923 nem
419 2869 575 2925 nostram
608 2863 735 2926 iterum
771 2884 813 2927 eo
847 2863 1116 2944 collocavimus,
1151 2873 1190 2926 ut
1222 2863 1337 2946 quivis
1369 2864 1585 2944 Electorum,

303 2966 524 3051 Principum,
549 2970 811 3050 Praelatorum,
836 2969 1028 3052 Comitum,
1052 2980 1088 3034 et
1112 2968 1290 3052 Statuam,
1315 2990 1445 3052 perse
1470 2970 1584 3055 ipsum

304 3083 341 3138 et
373 3078 468 3157 apud
501 3076 663 3140 subditos
685 3097 768 3140 suos
792 3088 950 3158 curaret,
987 3086 1023 3140 et
1046 3077 1223 3157 efficeret,
1259 3078 1355 3159 quod
1386 3076 1585 3160 hujusmodi

303 3193 424 3247 nostro
459 3185 627 3248 mandato
651 3183 907 3248 Wormatiensi
936 3183 1108 3266 deinceps
1141 3186 1256 3247 adhuc
1281 3184 1492 3249 obedienter
1524 3187 1586 3248 ob

303 3300 577 3374 temperaretur,
602 3291 701 3354 cuius
725 3290 948 3354 occasionem
973 3292 1018 3354 ad
1041 3290 1241 3373 hujusmodi
1265 3300 1422 3355 nostram
1445 3289 1586 3374 petitio·

304 3419 394 3480 nem,
420 3408 455 3462 et
479 3398 707 3479 desiderium,
732 3398 842 3461 nostri
867 3406 903 3461 et
926 3399 1016 3461 sacri
1040 3398 1197 3461 Romani
1221 3397 1366 3479 imperii
1389 3398 1588 3479 Electores,

304 3506 500 3590 Principes,
525 3506 693 3586 Praelati,
718 3505 884 3587 Comites,
909 3514 945 3568 et
969 3526 1172 3570 communes
1195 3512 1308 3568 status
1331 3505 1425 3569 inter
1447 3526 1487 3570 se
1503 3524 1587 3568 con·

303 3615 505 3695 cordarunt,
530 3623 566 3677 et
589 3613 839 3676 concluserunt
863 3633 902 3676 se
926 3613 1018 3677 velle
1042 3612 1137 3675 dicto
1162 3623 1284 3675 nostro
1309 3612 1476 3674 mandato
1500 3613 1589 3674 obe·

305 3721 443 3785 dienter
478 3703 786 3805 (quemadmodum
820 3729 855 3783 et
885 3719 932 3781 ad
955 3719 992 3782 id
1025 3740 1063 3782 se
1087 3719 1266 3801 obligatos
1299 3739 1378 3782 esse
1411 3737 1589 3801 recogno·

303 3831 420 3912 scunt)
444 3849 509 3911 pro
533 3828 625 3891 virili
649 3848 730 3907 sua,
767 3837 801 3890 et
825 3828 861 3889 in
885 3836 1055 3909 quantum
1077 3825 1250 3907 possibile
1273 3825 1332 3906 sit,
1367 3844 1514 3906 parere,
1554 3833 1591 3887 et

301 3937 388 3999 illud
414 3936 609 4018 adimplere
635 3945 670 3998 et
694 3938 898 3998 observare.
948 3933 1004 3995 Ac
1028 3952 1098 4014 quo
1122 3933 1281 4014 quelibet
1303 3941 1464 4014 potestas
1487 3929 1592 4014 apud

302 4044 584 4126 Typographos,
609 4062 672 4106 seu
695 4041 947 4123 impressorum
970 4038 1127 4121 institas,
1152 4047 1188 4102 et
1211 4040 1299 4102 alias
1322 4038 1480 4120 undique
1505 4058 1591 4120 pro·

302 4150 430 4233 spiciat
454 4149 667 4230 necessario,
692 4159 727 4212 et
750 4147 951 4230 provideat,
975 4155 1014 4210 ut
1037 4146 1207 4228 deinceps
1230 4146 1358 4210 famosi
1374 4145 1498 4225 libelli,
1526 4164 1593 4208 seu

302 4258 495 4321 iniuriosae
526 4257 742 4339 scripturae,
779 4264 814 4318 et
844 4253 1005 4336 picturae
1035 4253 1071 4317 in
1094 4253 1250 4317 futurum
1280 4254 1316 4316 in
1346 4261 1460 4315 totum
1490 4271 1592 4315 amo-

303 4374 464 4445 veantur,
493 4374 530 4428 et
552 4363 700 4426 ulterius
724 4382 795 4425 non
819 4361 1058 4444 divulgentur,
1082 4360 1157 4424 sive
1183 4361 1389 4441 dilatentur,
1417 4359 1594 4442 quodque

303 4473 339 4534 in
374 4481 556 4553 posterum
591 4469 728 4532 ratione
764 4468 1060 4531 bibliothecarum
1101 4467 1202 4529 iuxta
1234 4475 1396 4530 tenorem
1431 4467 1594 4548 predicti

303 4579 461 4643 mandati
496 4577 607 4642 nostri
643 4580 864 4641 observetur.
911 4575 1046 4638 Verum
1081 4574 1110 4636 si
1144 4575 1306 4655 cuiquam
1341 4572 1460 4654 aliqua
1491 4574 1595 4638 circa

303 4685 499 4770 praemissa
529 4685 740 4768 gravamina
772 4683 830 4746 vel
853 4681 1107 4763 impedimenta
1131 4681 1360 4761 accederent,
1395 4679 1454 4742 vel
1477 4677 1593 4744 infer·

302 4804 435 4876 rentur,
459 4793 489 4857 is
513 4814 556 4857 ea
580 4801 702 4856 nostro
719 4788 990 4855 Locumtenenti
1013 4796 1049 4851 et
1071 4785 1235 4869 regimini
1259 4785 1460 4869 significare
1486 4797 1596 4868 pote·

302 4901 366 4984 rit,
390 4900 450 4986 qui
473 4921 495 4963 a
518 4899 632 4963 Nobis
657 4897 938 4963 commissionem
962 4897 1111 4976 habent,
1136 4914 1202 4977 pro
1226 4901 1266 4956 ut
1288 4900 1325 4956 et
1347 4891 1434 4975 ipsis
1457 4901 1596 4960 tenore
