3425 5700
590 554 887 612 ,ΗΒἏΙΗῊ

144 702 216 764 simo
239 703 309 764 aila
333 701 542 764 defensione
567 722 675 783 sopra
699 701 779 764 tutti
805 710 840 762 et
865 709 1070 763 veramente
1086 700 1252 768 mandato
1278 698 1324 760 da
1337 697 1406 759 Dio

143 807 330 871 abenefitio
348 807 549 872 universale
572 809 626 871 de'
642 808 833 870 christiani.
884 807 962 869 Non
987 806 1023 867 vi
1046 815 1268 886 potreslsemo
1293 805 1407 885 expri—

143 936 224 978 mere
246 915 270 978 il
296 925 464 978 contento
489 917 555 978 che
580 914 621 978 N.
656 913 691 977 S.
725 917 772 977 ha
805 914 956 996 pigliato
992 911 1138 974 insieme
1168 912 1222 974 col
1254 911 1407 991 collegio

144 1031 172 1084 et
191 1023 221 1084 le
244 1023 360 1105 gratie
385 1032 420 1086 et
444 1022 672 1085 beneditione
698 1023 763 1084 che
788 1021 817 1084 si
841 1023 961 1084 hanno
993 1030 1028 1081 et
1059 1018 1277 1080 referiscono
1311 1041 1332 1080 a
1367 1038 1406 1080 su

143 1129 208 1194 Ces.
230 1129 379 1192 Maesti.
427 1130 545 1192 Furno
575 1127 634 1210 poi
658 1131 744 1190 lette
776 1131 809 1190 le
841 1130 968 1190 lettere
1002 1126 1142 1190 comuni
1172 1127 1229 1189 dei
1259 1126 1405 1187 Protho-

143 1237 265 1300 notario
292 1248 328 1299 et
351 1247 471 1299 vostre
498 1239 541 1298 de
566 1235 663 1298 XIX
699 1245 734 1298 et
766 1235 917 1297 XXVII
950 1235 1008 1297 del
1041 1244 1186 1317 passato
1219 1254 1285 1295 con
1317 1255 1406 1314 gran

144 1344 435 1406 commendatione
460 1345 504 1406 de
529 1343 637 1405 l'uno
663 1351 698 1404 et
721 1342 743 1405 l’
760 1345 850 1404 altro
877 1352 911 1403 et
936 1343 1049 1403 anche
1080 1363 1101 1403 a
1133 1341 1192 1402 voi
1222 1341 1257 1402 in
1283 1351 1407 1422 questa

143 1471 215 1512 cosa
237 1451 263 1512 si
289 1452 407 1513 hanno
432 1471 502 1514 non
527 1451 655 1532 volgar
680 1449 898 1532 gratitudine
923 1457 959 1510 et
981 1447 1017 1510 vi
1041 1449 1070 1510 si
1086 1447 1228 1529 impone
1253 1448 1287 1508 di
1313 1469 1406 1510 novo

144 1559 320 1638 regratiate
345 1558 574 1621 humilmente
599 1577 638 1620 su
663 1557 801 1619 Maesti
819 1567 855 1617 et
872 1555 978 1637 quelli
996 1554 1130 1635 signori
1156 1576 1255 1616 corne
1279 1555 1408 1636 pareri

143 1665 202 1726 alia
217 1666 402 1745 prudentia
420 1674 540 1727 vostro
555 1663 728 1744 meritino,
753 1663 776 1725 li
791 1662 837 1724 Sri
861 1662 1001 1724 elettori
1017 1661 1170 1723 maxime
1186 1661 1407 1742 Mogontino,

144 1771 273 1834 Treveri
311 1784 345 1833 et
371 1771 674 1853 Brandenburgh‚
712 1772 743 1833 ei
772 1768 1068 1841 reverendissimo
1103 1779 1137 1830 et
1171 1770 1407 1831 observantis-

143 1878 218 1938 simo
242 1879 277 1940 di
301 1888 426 1959 questa
457 1876 569 1940 Senta
593 1875 688 1940 Sede
713 1877 941 1956 Sedunense‚
973 1877 1006 1937 el
1036 1875 1229 1939 Confessor
1262 1884 1298 1937 et
1328 1875 1408 1938 altri

142 1986 283 2047 secondo
308 1987 384 2048 loro
410 1985 512 2066 gradi
538 1995 572 2047 et
596 1985 711 2047 meriti
743 1985 927 2047 offerendo
958 2004 980 2044 a
1011 1984 1091 2044 tutti
1125 1985 1190 2044 che
1222 1983 1256 2043 in
1289 1985 1406 2063 quello

143 2090 166 2150 si
187 2091 284 2172 potri
313 2112 466 2154 saranno
499 2112 639 2174 sempre
672 2090 899 2154 riconosciuti
933 2091 979 2151 da
1012 2098 1136 2169 questa
1169 2088 1279 2153 Santa
1311 2089 1407 2152 Sede

143 2209 171 2258 et
192 2200 282 2261 dalla
306 2197 490 2280 benignitir
516 2208 552 2260 et
576 2199 763 2261 clementia
788 2198 823 2259 di
847 2198 890 2259 N.
916 2196 978 2259 Sft.

220 2307 269 2368 La
293 2308 450 2368 seconde
473 2306 570 2369 bolla
604 2318 728 2370 contra
759 2305 913 2367 Martino
949 2305 1025 2366 solo
1058 2303 1094 2364 vi
1126 2303 1155 2364 si
1186 2305 1315 2365 mando
1348 2304 1406 2385 gia

143 2411 191 2490 piu
215 2414 344 2495 giorni,
370 2423 405 2476 et
436 2416 562 2476 alcone
596 2415 711 2494 gratie
746 2433 845 2474 corne
882 2433 927 2473 un
960 2415 1071 2475 breve
1105 2432 1169 2492 per
1197 2413 1279 2491 quel
1313 2412 1406 2472 frate

142 2520 354 2598 predicatore
388 2522 463 2583 ord.
489 2520 526 2584 S.
552 2520 728 2583 Dominici
758 2521 823 2582 che
848 2519 994 2600 predico
1024 2519 1059 2580 in
1083 2519 1282 2598 Magontia;
1318 2518 1354 2579 vi
1378 2518 1407 2579 si

142 2625 232 2707 ipoi
256 2629 423 2691 mandato
447 2649 517 2690 una
542 2627 576 2688 di
602 2627 740 2689 cambio
775 2627 808 2689 di
835 2626 928 2688 mille
953 2626 1071 2688 ducati
1102 2647 1166 2708 per
1199 2627 1283 2687 dare
1312 2625 1406 2687 mille

141 2731 242 2796 fiorini
266 2737 321 2799 all'
339 2734 511 2806 officiale;
537 2757 575 2796 se
600 2756 621 2796 a
645 2735 725 2796 tutti
750 2736 820 2796 duo
845 2734 904 2796 voi
929 2753 1116 2815 paressero
1144 2743 1274 2813 troppo
1283 2781 1291 2810 ‚
1325 2733 1406 2792 date

141 2840 181 2903 lui
203 2855 331 2924 quanto
358 2843 392 2904 vi
417 2864 514 2925 pare,
540 2842 562 2905 ii
581 2854 677 2905 resto
696 2840 896 2905 distribuite
921 2862 942 2903 a
960 2840 1208 2921 qualcheduno
1225 2839 1309 2901 delli
1326 2837 1406 2902 altri

141 2950 346 3029 benemeriti,
372 2952 589 3014 reservando
614 2971 679 3031 per
706 2950 772 3028 voi,
799 2970 901 3011 mess,
927 2948 1147 3028 Hieronymo
1170 2947 1193 3007 li
1210 2945 1406 3024 3oofiorini

141 3075 229 3118 come
252 3078 316 3139 per
341 3058 360 3118 l’
376 3059 466 3119 altra
494 3057 531 3119 fu
557 3058 688 3120 scritto
738 3056 778 3119 Li
804 3060 846 3117 oo
871 3054 989 3117 ducati
1014 3057 1080 3117 che
1105 3055 1323 3116 rimanevate
1348 3056 1405 3113 de·

142 3164 244 3226 bitore
267 3187 288 3227 a
312 3166 499 3228 Bernardo
524 3165 608 3227 Brai
633 3164 749 3226 subito
774 3164 797 3225 li
824 3164 974 3225 havemo
1006 3162 1085 3223 fatti
1109 3182 1245 3244 pagare
1270 3182 1291 3222 a
1308 3162 1406 3222 detto

143 3270 313 3336 Bernardo
340 3282 375 3335 et
399 3272 434 3334 vi
459 3293 497 3334 se
522 3292 566 3334 ne
592 3272 627 3333 fa
653 3294 698 3333 un
724 3279 907 3351 presente3
933 3270 966 3331 el
990 3267 1120 3329 salario
1156 3278 1276 3330 vostro
1313 3269 1407 3329 della

143 3375 274 3442 libraria
303 3380 338 3441 vi
370 3380 511 3441 correrii
543 3400 608 3460 per
644 3378 764 3439 avanti
798 3396 900 3439 corne
934 3375 1063 3458 prima,
1099 3384 1135 3435 et
1170 3383 1296 3455 questa
1329 3374 1407 3436 ela

42 3486 43 3489 ’
144 3486 313 3549 millesima
338 3496 440 3567 parte
466 3486 524 3546 del
549 3488 640 3547 bene
672 3486 713 3547 N.
738 3483 789 3546 8¹⁶
825 3493 860 3546 et
891 3483 949 3545 noi
973 3484 1122 3544 havemo
1153 3482 1188 3543 in
1222 3481 1338 3543 animo
1372 3482 1407 3542 di

142 3592 231 3657 sarvi.
278 3594 490 3655 Continuate
515 3593 536 3655 l'
554 3592 672 3654 officio
690 3601 811 3654 vostro
830 3612 896 3653 con
922 3589 1095 3653 modestia
1120 3599 1156 3650 et
1180 3610 1244 3649 con
1270 3588 1406 3668 dignit‘a

145 3700 227 3763 della
251 3700 345 3763 Sede
371 3699 598 3781 Apostolica;
633 3702 666 3760 le
697 3702 786 3761 altre
817 3719 901 3760 cose
933 3699 998 3759 che
1023 3695 1185 3757 chiedete
1215 3716 1280 3776 per
1304 3696 1406 3758 amici

144 3824 175 3865 se
198 3809 465 3869 concederanno
490 3816 624 3887 quanto
649 3806 750 3887 putri
785 3814 989 3885 comportat
1013 3804 1033 3864 l'
1057 3801 1223 3880 honesti,
1254 3803 1406 3864 maxime

144 3931 199 3991 per
220 3915 304 3996 Mgf.
335 3925 457 3977 nostro
488 3913 688 3975 Leodiense
721 3934 741 3974 a
772 3912 827 3974 eui
856 3912 1102 3973 desiderhamo
1136 3909 1338 3990 gratificare
1372 3922 1406 3970 et

42 4022 44 4107 J
144 4021 265 4083 servire
290 4022 323 4083 in
350 4021 513 4101 maggior
530 4041 622 4099 cose,
648 4040 717 4081 non
735 4028 834 4081 tanto
851 4020 886 4080 in
905 4028 1031 4099 questa
1048 4018 1141 4077 della
1158 4016 1408 4078 arrendatione

143 4126 226 4191 della
255 4131 359 4211 quale
391 4128 423 4190 ci
460 4126 612 4189 scrivere
649 4129 693 4187 ad
730 4135 969 4207 partemper
1001 4125 1022 4186 l’
1050 4124 1170 4185 ultima
1206 4133 1326 4185 vostra
1363 4124 1407 4184 de

144 4231 283 4308 XXIX;
308 4245 343 4297 et
366 4234 541 4316 piacciavi
566 4231 855 4295 raccomandarci
880 4253 901 4293 a
926 4251 965 4291 su
983 4230 1082 4292 [llma
1100 4227 1275 4310 Signoria.
1312 4230 1406 4293 Rac-

144 4343 373 4405 comandiamo
408 4364 429 4404 a
456 4342 522 4405 ·voi
559 4341 834 4404 Prothonotario
868 4340 902 4401 le
938 4360 1021 4400 cose
1057 4339 1093 4399 di
1128 4360 1227 4401 mese.
1263 4338 1407 4417 Agnolo

144 4444 270 4529 Nepote
298 4449 332 4512 fu
361 4448 396 4510 di
421 4448 457 4511 S.
482 4449 597 4511 Maria
622 4448 656 4509 in
682 4448 825 4509 Portico
849 4446 885 4507 in
920 4448 1037 4526 quello
1070 4456 1212 4526 possete
1246 4445 1406 4507 honesta-

146 4566 250 4617 mente
274 4567 308 4619 et
332 4577 398 4619 con
423 4556 541 4637 gratia
565 4554 599 4616 di
625 4554 756 4617 Cesare
782 4564 817 4616 et
841 4564 1041 4615 restamone
1065 4552 1099 4614 in
1132 4555 1241 4614 molta
1273 4552 1408 4634 obliga·

42 4652 44 4755 ἑ
146 4658 228 4725 tione
252 4684 314 4745 per
338 4664 359 4724 l'
386 4662 488 4725 offitii
515 4663 581 4725 che
606 4682 671 4743 per
695 4661 754 4723 noi
779 4661 814 4722 di
839 4660 1007 4722 continuo
1031 4659 1104 4722 fate
1129 4660 1187 4741 piri
1214 4661 1408 4723 amorevoli

146 4776 174 4825 et
196 4769 411 4833 desideramo
435 4770 470 4832 in
496 4771 582 4851 ogni
606 4767 811 4831 occurentia
835 4779 957 4830 vostra
981 4768 1203 4829 rendervene
1235 4767 1258 4828 il
1283 4767 1408 4829 merito

42 4866 44 4959 ξ
146 4878 413 4940 cumulatissimo.
463 4878 506 4939 Et
531 4879 623 4939 bene
647 4878 774 4939 valete.
823 4874 1026 4937 Florentiae
1045 4874 1117 4935 XII
1139 4874 1209 4935 Mai
1225 4875 1407 4937 mnxxi.
