3425 5700
649 591 879 646 ⁰-¹.385t2>⁴³

139 739 324 819 inhoneste,
356 758 423 821 pur
454 759 520 821 per
543 739 707 802 satisfare
731 760 752 802 a
769 738 900 802 Cesare
925 746 961 800 et
985 758 1005 799 a
1030 736 1087 798 voi
1114 734 1194 798 altri
1215 734 1405 797 voluntieri

139 855 215 909 tutto
237 846 265 909 si
289 847 308 908 ὲ
332 846 434 909 fatto.

213 954 309 1016 Bene
334 952 474 1016 Valete.

213 1060 414 1124 Florentiae
437 1060 543 1123 tertia
567 1060 687 1123 Martii
711 1058 897 1123 MDXXI.

1126 1145 1345 1215 tastonam.

1094 1237 1161 1286 Vice
1181 1236 1370 1287 cancellarius.

215 1310 345 1393 (Tertia
369 1309 488 1373 Martii
519 1331 529 1371 ι
536 1330 610 1390 521.
641 1310 720 1392 XI.)

734 1738 788 1804 34.

468 1857 601 1937 llotula
628 1855 806 1935 mittenda
835 1855 881 1934 ad
908 1854 1068 1935 Nuntios.

577 2003 662 2073 (Acts
679 2001 815 2061 wormat.
832 2001 879 2061 fol
898 2002 950 2071 76.)

218 2134 254 2195 ln
277 2132 400 2214 primis
423 2132 681 2195 advertendum
705 2130 847 2193 videtur
871 2131 966 2212 quod
991 2130 1084 2193 circa
1105 2131 1298 2194 adventum
1314 2131 1410 2193 Mar-

141 2237 194 2300 tini
215 2240 471 2321 respondeatur
490 2237 689 2300 Caesareae
703 2236 884 2300 Maiestati
908 2240 1004 2320 quod
1028 2226 1072 2299 de
1096 2237 1171 2301 iure
1197 2248 1329 2301 certum
1356 2248 1409 2301 est

142 2347 222 2426 quod
243 2367 312 2409 non
336 2348 486 2409 deberet
509 2345 623 2407 audiri
647 2366 711 2407 nec
736 2345 855 2407 dicere
881 2366 1022 2409 causam
1046 2344 1113 2408 nisi
1136 2345 1172 2407 in
1197 2344 1408 2432 carceribus,

142 2452 310 2534 presertim
335 2454 591 2515 condemnatus
614 2473 635 2513 a
651 2449 747 2515 Sede
763 2454 975 2536 Apostolica
999 2463 1034 2516 et
1058 2473 1159 2516 sacro
1177 2450 1310 2516 Senatu
1328 2452 1408 2516 Car·

141 2560 294 2623 dinalium
318 2570 355 2623 et
378 2558 551 2621 universis
575 2560 744 2640 praelatis
760 2580 899 2623 necnon
916 2560 1092 2643 religiosis
1108 2580 1408 2642 quorumcumque

141 2667 286 2730 ordinum
311 2665 421 2729 Urbis
445 2666 596 2729 Rornae.
637 2663 742 2747 Quo‘d
766 2667 795 2729 si
819 2677 1050 2731 revocaretur
1071 2668 1107 2730 in
1132 2668 1277 2730 dubium
1293 2677 1408 2729 utrum

142 2774 301 2837 sententia
316 2772 422 2837 Sedis
438 2772 670 2856 Apostolicae
694 2776 787 2838 bene
810 2776 869 2837 vel
892 2777 984 2839 male
1007 2776 1290 2854 condemnasset,
1315 2784 1409 2838 esset

142 2881 248 2944 venire
271 2891 396 2945 contra
419 2881 676 2963 Hieronymum
699 2881 736 2944 in
760 2881 932 2964 Epistolis
957 2884 1002 2945 ad
1023 2883 1215 2945 Damasum
1240 2882 1300 2945 ubi
1324 2883 1409 2944 dicit

142 3009 174 3051 se
187 3009 319 3072 semper
335 2989 516 3051 remittere
538 2988 585 3051 ad
608 2987 775 3052 iudicium
790 2989 895 3052 Sedis
912 2989 1158 3073 Apostolicae;
1185 2998 1279 3053 esset
1302 2990 1408 3054 etiam

142 3097 249 3160 venire
271 3105 396 3160 contra
419 3094 580 3176 concilia,
609 3097 818 3179 praesertim
843 3106 968 3161 contra
984 3096 1167 3177 Nicenum,
1193 3097 1290 3160 cuius
1315 3097 1407 3181 capi-

142 3204 204 3265 tula
225 3202 411 3287 originalia
433 3203 541 3265 missa
564 3212 645 3265 sunt
668 3203 822 3267 Romam
847 3202 1033 3284 Silvestro,
1057 3213 1096 3267 ut
1119 3204 1230 3267 refert
1250 3204 1404 3266 Athana·

142 3308 203 3372 sius
222 3311 256 3373 in
280 3311 433 3392 epistola
455 3310 502 3371 ad
516 3309 677 3372 Marcum
697 3311 847 3392 Papam;
873 3321 909 3374 et
932 3311 1117 3374 concilium
1142 3311 1408 3374 Calcedonense

143 3411 270 3480 rettulit'
292 3438 331 3481 se
363 3417 408 3480 ad
441 3416 654 3480 sententiam
677 3417 821 3498 Leonis,
856 3421 974 3499 quoad
1007 3439 1050 3482 ea
1080 3439 1172 3500 quae
1204 3427 1286 3481 sunt
1313 3417 1407 3482 fidei.

142 3522 240 3587 Multa
261 3534 342 3588 sunt
372 3524 499 3586 similia
532 3543 623 3605 quae
652 3535 801 3607 possunt
826 3525 969 3600 adduci;
1002 3525 1090 3589 alias
1113 3525 1245 3588 frustra
1276 3525 1407 3588 dictum

142 3627 250 3693 fuisset
261 3631 370 3694 Petro
395 3640 434 3693 ut
456 3638 621 3712 pasceret
645 3651 743 3711 oveS,
767 3630 901 3695 frustra
925 3633 1033 3696 etiam
1056 3633 1236 3695 diceretur
1250 3632 1409 3696 Ecclesia

144 3733 226 3799 Petri
249 3737 423 3816 navicula,
448 3737 477 3799 si
494 3737 620 3800 Petrus
644 3737 692 3800 ibi
718 3738 803 3801 nihil
828 3741 978 3802 haberet
1001 3739 1096 3820 iuris,
1121 3739 1252 3802 frustra
1275 3747 1310 3802 et
1326 3759 1409 3802 arca

143 3840 222 3924 lloe,
253 3845 319 3908 nisi
343 3843 422 3907 Noe
453 3854 548 3907 esset
572 3845 743 3908 dominus.
792 3845 924 3909 Videat
949 3866 1037 3929 ergo
1062 3847 1215 3910 Cesarea
1238 3845 1409 3910 Maiestas

144 3952 198 4012 sub
218 3953 313 4014 cuius
337 3951 454 4033 clipeo
479 3962 550 4014 tam
568 3950 729 4015 Christus
753 3972 857 4032 quam
884 3952 958 4016 eius
982 3953 1142 4017 Ecclesia
1158 3974 1198 4017 se
1214 3953 1409 4017 defendunt

144 4053 172 4117 iu
198 4078 263 4140 quo
293 4061 373 4123 loco
404 4068 516 4141 ponat
539 4059 734 4122 Ecclesiam
766 4069 925 4123 sanctam
949 4061 1017 4124 Dei
1043 4069 1078 4124 et
1102 4062 1196 4142 quod
1221 4081 1347 4124 nornen
1373 4061 1409 4122 in

145 4165 300 4248 principio
325 4165 486 4229 culminis
510 4165 703 4247 imperialis
727 4166 844 4228 sortiri
868 4166 965 4230 velit.
1017 4167 1062 4229 Et
1086 4188 1163 4229 cum
1187 4167 1239 4230 rei
1253 4175 1325 4229 tam
1340 4167 1407 4231 cla·

145 4289 195 4333 rae
215 4283 249 4335 et
270 4273 433 4337 notoriae
457 4272 644 4336 differatur
660 4273 834 4355 executio,
860 4273 994 4356 liquido
1012 4283 1162 4358 apparet
1179 4275 1215 4336 in
1231 4278 1408 4337 conventu

146 4375 384 4444 Germanorum
409 4382 540 4443 nullam
557 4401 634 4443 esse
652 4380 821 4444 intereos
838 4382 1074 4445 concordiam.
1111 4382 1287 4444 Advertat
1302 4381 1411 4464 igitur

146 4481 238 4548 Cesar
253 4489 366 4570 qualis
389 4488 422 4551 ei
447 4497 626 4570 prestetur
650 4488 854 4551 obedientia
879 4498 914 4552 et
937 4493 1001 4552 sub
1017 4510 1087 4570 quo
1104 4487 1205 4552 freno
1223 4497 1320 4551 tenet
1335 4489 1407 4552 Ro-

147 4607 265 4656 manum
281 4596 482 4678 Imperium,
507 4615 584 4657 cum
601 4595 782 4657 Maiestati
806 4616 891 4658 suae
915 4595 950 4658 in
977 4594 1151 4659 communi
1164 4595 1349 4673 ¹Ecclesiae
1374 4607 1410 4658 et

147 4691 264 4778 imperii
293 4724 333 4765 ac
363 4702 518 4765 omnium
551 4701 822 4765 christianorum
853 4723 960 4767 causa
983 4713 1054 4766 tam
1079 4703 1303 4784 impudenter
1326 4702 1409 4766 resi-

148 4803 242 4870 stitur.
286 4808 325 4872 Si
349 4830 435 4873 vero
460 4830 507 4872 ex
531 4809 744 4872 Lutheranis
768 4808 877 4890 aliqui
902 4813 966 4873 sub
991 4817 1159 4891 pretextu
1183 4809 1409 4872 vitandorum

148 4915 373 4978 scandalorum
396 4916 548 4978 suadere
572 4918 694 4978 volent
709 4915 852 4978 Caesari
878 4917 1110 4979 differendam
1134 4938 1211 4981 esse
1231 4915 1409 4981 executio·
