3425 5700
694 526 941 584 ΗΒῠὸὃὶΗ

177 675 247 739 iam
271 696 337 738 nos
360 674 462 757 regie
484 674 654 737 Maiestas
684 674 719 737 in
751 674 869 737 animo
899 692 1092 757 suspensos
1124 683 1246 738 tenere
1276 685 1314 740 et
1340 675 1459 741 immo·

177 781 249 845 rari
282 802 325 845 ea
360 803 399 845 re
424 782 601 863 dignetur,
627 782 690 844 sed
727 801 832 863 quam
865 779 939 844 Sua
968 780 1139 845 Maiestas
1170 801 1276 863 quam
1307 782 1458 864 primum

177 888 254 953 lieri
274 898 396 971 potest
412 888 577 969 dignetur
600 887 730 950 dietam
754 886 850 951 illam
874 907 946 950 non
971 886 1055 950 alibi
1079 888 1142 951 sed
1166 886 1261 951 circa
1285 908 1386 951 suum
1400 889 1458 952 tri-

177 999 287 1059 bunal
303 996 339 1059 in
356 996 453 1059 Arce
470 994 644 1075 Pragensi
659 994 828 1073 indicere,
842 1004 881 1057 ut
898 995 933 1057 in
951 1014 1020 1077 quo
1036 996 1115 1058 loco
1132 995 1177 1057 de
1192 993 1264 1059 fide
1279 995 1459 1079 inceptum

179 1112 231 1166 est
254 1091 365 1185 age're
388 1102 424 1164 in
449 1101 575 1165 eodem
598 1121 739 1183 quoque
764 1103 843 1164 loco
869 1102 914 1164 de
939 1121 982 1165 ea
1005 1101 1236 1165 concludatur
1256 1114 1292 1167 et
1306 1102 1457 1169 finiatur.

178 1209 231 1272 Ibi
256 1210 349 1272 enim
373 1209 434 1271 illo
458 1217 619 1290 tempore
643 1227 701 1270 res
725 1209 832 1289 longe
857 1208 961 1272 aliter
983 1209 1131 1272 habebit
1154 1230 1261 1291 quam
1293 1212 1339 1274 ad
1367 1211 1457 1275 Emi-

178 1316 333 1380 nentiam
356 1326 513 1379 vestram
536 1315 581 1378 de
597 1314 700 1377 nobis
724 1326 779 1377 est
802 1316 968 1399 delatum,
993 1335 1035 1377 ac
1050 1324 1124 1379 tum
1138 1315 1289 1398 primum
1312 1317 1456 1401 ibidem,

179 1424 215 1486 id
239 1425 335 1505 quod
361 1425 405 1486 de
429 1423 662 1504 compactatis
678 1421 881 1486 faciendum
904 1423 1156 1505 promissimus,
1181 1445 1316 1487 summo
1340 1426 1456 1489 studio

178 1528 351 1613 perficere
376 1530 470 1611 quod
495 1529 530 1591 in
554 1529 658 1592 nobis
683 1538 737 1592 est
760 1539 796 1592 et
830 1529 898 1592 erit
921 1530 1138 1595 conabimur.
1176 1530 1361 1595 Postremo
1389 1533 1455 1596 hec

178 1637 222 1701 sit
266 1636 501 1700 Sublimitatis
542 1646 661 1700 vestre
698 1638 794 1720 apud
830 1633 867 1700 S.
891 1637 938 1699 R.
963 1637 1011 1700 M.
1036 1637 1080 1701 D.
1104 1636 1147 1700 N.
1171 1635 1215 1701 G.
1248 1637 1456 1702 intercessio

178 1753 283 1827 atque
307 1747 379 1808 tale
403 1743 587 1807 consilium
611 1743 717 1807 etiam
740 1763 938 1826 precamur,
966 1764 1045 1806 cum
1068 1753 1216 1826 propter
1239 1748 1349 1809 multa
1382 1757 1456 1809 tum

177 1853 234 1914 vel
265 1852 418 1915 maxime
448 1853 494 1913 ob
526 1851 669 1932 publice
700 1850 889 1914 concordie
917 1850 1099 1914 charitatis
1130 1861 1167 1914 et
1196 1851 1326 1915 amoris
1349 1850 1455 1915 dilec-

176 1958 310 2022 tionem
334 1959 430 2039 quod
453 1956 609 2039 pertinet
643 1959 690 2020 ad
719 1968 857 2041 partem
880 1957 1142 2021 incredulorum
1167 1966 1203 2021 et
1225 1978 1455 2023 erroneorum

176 2065 355 2129 hominum
372 2064 432 2147 qui
448 2064 517 2127 sibi
540 2064 611 2128 iam
632 2066 765 2128 nullum
785 2075 947 2147 prestare
965 2075 1114 2147 possunt
1129 2065 1315 2129 consilium
1338 2086 1454 2148 neque

179 2192 347 2255 quorsum
363 2172 491 2235 diverti
505 2172 661 2235 debeant
677 2172 802 2253 sciunt,
828 2187 868 2235 ut
888 2170 963 2236 Sua
977 2170 1089 2235 Sacra
1104 2171 1225 2254 Regia
1237 2171 1406 2235 Maiestas
1417 2172 1454 2235 in

175 2280 359 2363 proposito
383 2280 478 2361 quod
502 2277 632 2343 nostris
649 2278 861 2343 Oratoribus
877 2279 1017 2362 aperire
1041 2278 1163 2359 voluit,
1180 2277 1324 2343 immota
1340 2278 1452 2342 veluti

175 2408 250 2468 nos,
266 2386 471 2469 persistere,
486 2386 545 2467 qui
569 2388 615 2448 ab
631 2384 704 2449 Sua
720 2386 910 2451 Maiestate
926 2386 1130 2449 mandatum
1144 2386 1345 2467 accepimus
1366 2385 1453 2450 velit

176 2506 212 2558 et
228 2493 405 2576 dignetur.
439 2492 514 2556 Nos
530 2513 615 2557 vero
634 2494 729 2557 omni
743 2493 861 2557 studio
876 2492 1129 2556 benevolentia
1144 2503 1181 2556 et
1197 2493 1368 2575 obsequio
1383 2514 1452 2557 om·

176 2601 278 2665 nibus
296 2599 516 2682 temporibus
529 2600 693 2663 secundis
717 2610 754 2663 et
774 2599 934 2664 adversis
959 2598 1174 2663 Sublimitati
1195 2600 1324 2663 Vestre
1347 2601 1454 2684 grati·

176 2706 306 2772 tudinis
335 2727 510 2771 memores
541 2709 760 2789 respondere
796 2707 925 2772 erimus
953 2706 1177 2790 paratissimi,
1216 2707 1453 2771 Eminentiam

176 2816 340 2881 Vestram
356 2814 489 2898 optime
513 2813 786 2900 felicissimeque
809 2816 932 2880 valere
956 2815 1115 2898 cupimus
1139 2825 1175 2878 et
1198 2814 1449 2882 desideramus.

262 2943 383 3024 Prage
425 2939 612 3004 Dominico
647 2949 730 3022 post
777 2938 931 3003 Simonis
982 2949 1017 3003 et
1061 2940 1153 3019 Jude
1194 2941 1452 3022 Apostolorum

177 3051 281 3113 Anno
304 3046 449 3112 Domini
472 3046 661 3112 Millesimo
685 3046 968 3128 quingentesimo
992 3046 1175 3129 Vigesimo
1199 3046 1334 3129 quinte.

936 3205 1195 3278 mitteremur
1214 3205 1241 3268 rt
1259 3205 1380 3269 temtus

1000 3293 1130 3356 tinum
1147 3294 1309 3368 Pmoun.

774 3777 848 3842 264.

426 3904 621 4005 Episcopus
649 3901 881 3982 Tridentinus
909 3901 1081 3982 Clementi
1108 3901 1187 3984 vu

634 4057 721 4132 Epist.
740 4057 830 4117 Prtno.
847 4057 900 4116 111.
919 4057 979 4118 ³82.

688 4187 742 4254 (10.
761 4189 830 4241 Nov.
853 4187 940 4253 1525.)

260 4333 384 4415 Nuper
416 4332 544 4395 litteris
566 4331 653 4395 meis
685 4343 833 4394 conatus
865 4350 941 4393 sum
984 4330 1167 4393 declarare
1198 4329 1315 4392 multis
1347 4349 1447 4412 argu·

175 4439 300 4503 mentis
323 4448 441 4502 vestre
464 4438 676 4502 beatitudini
701 4439 796 4520 quod
832 4437 965 4519 optime
1001 4437 1216 4498 conduceret
1247 4436 1447 4518 quempiam

175 4547 328 4627 legatum
352 4545 523 4608 destinari
546 4546 591 4608 ad
617 4544 748 4608 dietam
771 4544 990 4626 imperialem
1006 4543 1170 4624 Auguste
1200 4542 1370 4617 futuram
1401 4545 1447 4607 de

176 4652 265 4716 illius
289 4652 339 4716 rei
365 4652 623 4715 deliberatione
647 4672 752 4734 quum
777 4659 903 4733 postea
927 4649 1012 4713 nihil
1036 4649 1119 4712 mihi
1142 4649 1249 4712 video
1277 4648 1448 4732 nunciari,

176 4759 372 4822 subveritus
396 4780 472 4823 sum
496 4781 540 4823 ne
565 4779 634 4842 ego
657 4759 694 4822 in
715 4768 834 4822 mente
860 4778 938 4821 mea
968 4777 1074 4820 unum
1102 4755 1326 4838 conceperim
1349 4757 1447 4821 cuius

176 4865 385 4930 contrarium
409 4866 487 4949 ipsa
512 4868 701 4930 verborum
724 4865 967 4948 pronuntiatio
989 4865 1138 4928 innuere
1160 4863 1239 4926 visa
1262 4861 1317 4945 sit,
1341 4863 1445 4945 siqui·
