3425 5700
637 547 695 603 Η]
733 543 885 603 aaut*

138 714 197 759 rem
218 714 353 762 mecum
378 702 543 773 tractare,
568 692 726 756 delectis.
739 692 787 756 ad
809 692 846 755 id
871 693 1006 775 aliquot
1029 691 1115 757 viris
1139 691 1296 775 eruditis,
1319 707 1399 777 pro'-

138 800 189 878 bis,
211 800 445 882 ethonestis,
470 820 538 882 ego
562 820 618 863 me
642 799 755 863 offero
779 800 937 882 benigne
962 800 1161 863 auditurum
1184 801 1312 864 omnia.
1344 803 1400 865 Ac

138 908 311 975 secundum
333 907 490 995 justitiae
511 906 720 989 honestatis,
745 916 781 970 et
803 907 994 989 aequitatis
1017 908 1191 988 regulam,
1214 927 1399 989 quaecum-

137 1036 194 1096 que
214 1014 344 1085 luerint
368 1013 601 1097 corrigenda,
624 1016 804 1095 mutanda,
829 1014 1029 1094 minuenda,
1055 1015 1239 1096 cassanda,
1264 1024 1324 1077 aut
1348 1035 1399 1078 re·

137 1121 325 1199 formanda,
355 1129 611 1201 correcturum,
642 1130 874 1202 mutaturum,
904 1121 1137 1203 minutarum,
1170 1132 1401 1204 cassaturum,

137 1238 186 1293 aut
207 1228 488 1293 reformaturum.
513 1264 556 1275 —·

504 1370 721 1453 Ejusdem
745 1370 1013 1452 replicatio.

218 1494 304 1559 Viso
334 1496 492 1580 capitulo
530 1504 768 1560 concernente
797 1495 980 1559 materiam
1016 1518 1188 1561 novarum
1216 1500 1402 1563 haeresum

136 1600 235 1665 Nobis
258 1624 322 1685 per
346 1601 448 1667 Sacri
471 1601 627 1666 Romani
651 1602 794 1684 Imperii
819 1603 1009 1684 deputatos
1038 1604 1160 1667 ultimo
1193 1606 1272 1668 loco
1306 1607 1401 1670 exhi-

136 1708 201 1772 bito
222 1732 271 1791 ac,
285 1720 323 1773 ut
331 1719 569 1791 asseruerunt,
582 1730 648 1792 per
665 1730 726 1773 eos
742 1712 920 1791 concluse,
934 1710 1082 1773 dicimus
1096 1721 1132 1774 et
1145 1713 1403 1794 respondemus

134 1826 267 1880 nostrae
294 1816 502 1880 intentionis
531 1838 609 1882 esse
643 1818 739 1879 nullo
766 1826 874 1898 pacto
893 1798 1000 1879 ¹circa
1034 1817 1183 1881 Concilii
1216 1817 1403 1883 Generalis

135 1925 441 2005 congregationem
481 1934 517 1987 et
557 1944 777 1987 communem
813 1924 1130 2006 congregationem
1168 1924 1404 1989 Germanicae

132 2028 291 2107 >lationis
309 2034 355 2093 ad
380 2032 473 2123 diem
497 2031 580 2095 Divi
603 2030 748 2094 Martini
771 2031 935 2113 proxime
959 2029 1069 2094 futuri
1096 2032 1132 2095 in
1157 2032 1302 2096 civitate
1326 2031 1403 2117 Spi-

134 2137 221 2199 rensi
252 2136 422 2218 fiendam,
460 2139 647 2221 quicquam
684 2137 861 2220 polliceri,
894 2137 1086 2218 assentire,
1118 2140 1175 2202 vel
1204 2140 1405 2204 consentire

133 2245 220 2307 ultra
248 2256 282 2307 et
314 2254 453 2327 praeter
488 2252 649 2308 tenorem
681 2264 817 2324 eorum,
851 2264 943 2325 quae
971 2265 1037 2326 per
1064 2244 1139 2341 Nos
1169 2244 1273 2309 dictis
1304 2244 1405 2310 Sacri

132 2348 279 2443 Romani
305 2351 450 2433 Imperii
474 2352 654 2434 deputatis
677 2350 713 2414 in
737 2350 880 2433 scriptis
903 2351 997 2431 data,
1022 2349 1058 2414 et
1081 2351 1243 2416 exhibita
1265 2362 1355 2417 sunt.

664 2583 789 2595 ἉΛΜΑΛννν
792 2582 869 2594 Λῆ-ΜΜ

367 2957 409 3064 ’ᾗ
479 2967 605 3062 Breuis
632 2966 831 3046 mittendus
859 2965 980 3047 ilarolo
1008 2965 1048 3050 V.

496 3205 499 3208 -
608 3115 691 3187 (Aeta
708 3111 844 3174 Wormao.
861 3113 930 3183 m)

581 3229 648 3301 (Sub
668 3233 718 3283 tine
737 3233 841 3298 Aprilis
863 3230 952 3299 1524.)
1063 3313 1068 3318 ⁷

212 3367 297 3434 Non
332 3368 534 3432 dubitamus
569 3377 635 3450 pe'r
665 3368 786 3451 plures
820 3367 890 3430 ianr
920 3366 1079 3430 Nuncios
1108 3368 1155 3431 ad
1184 3368 1409 3450 Majestatem

124 3473 237 3539 Tuam
264 3497 342 3540 esse
365 3478 554 3558 perlatum,
578 3482 710 3556 quanta
734 3493 850 3536 rerum
868 3474 1023 3537 omnium
1038 3473 1247 3538 confusione
1269 3476 1305 3539 in
1331 3476 1408 3540 dies

121 3585 239 3664 magis
264 3583 411 3648 fluctuet
435 3580 626 3648 Germania
648 3583 696 3645 ob
719 3581 958 3644 Lutheranam
983 3591 1126 3663 sectam,
1150 3583 1242 3646 adeo
1273 3592 1312 3645 ut
1342 3583 1410 3646 nisi

123 3707 230 3770 quam
258 3689 425 3756 citissime
448 3688 529 3753 huic
560 3689 654 3772 pesti
689 3688 831 3751 obviarn
867 3692 984 3770 eatur,
1021 3709 1090 3751 non
1126 3690 1172 3752 de
1204 3689 1411 3754 obedientia

122 3798 230 3863 modo
258 3796 438 3879 Majestati
461 3796 560 3860 Tuae
584 3795 723 3876 debita,
749 3794 813 3858 sed
837 3794 883 3857 de
906 3794 1081 3877 religione
1104 3795 1187 3878 ipsa
1208 3795 1410 3860 Christiana

119 3900 152 3966 in
179 3923 227 3968 ea
254 3903 442 3986 provincia
462 3912 582 3968 'actum
616 3922 695 3966 esse
724 3901 842 3966 videri
869 3901 993 3983 possit.
1042 3901 1226 3966 Nollemus
1257 3903 1410 3986 quidem,

120 4011 183 4074 sed
209 4021 335 4075 tamen
360 4011 445 4093 quia
467 4031 525 4074 res
549 4010 601 4073 sic
624 4009 798 4091 postulat,
831 4008 966 4072 referre
997 4009 1173 4091 cogimur,
1205 4030 1251 4073 -eo
1280 4010 1409 4092 passim

118 4115 154 4180 in
177 4116 382 4184 Germania
407 4119 598 4181 deventum
628 4115 822 4197 impietatis
854 4123 891 4178 et
920 4115 1097 4198 insaniae,
1131 4125 1168 4179 ut
1198 4137 1302 4180 nemo
1334 4117 1415 4180 fere-

119 4223 190 4288 illic
231 4225 311 4306 sit,
335 4225 396 4307 qui
426 4245 498 4288 non
530 4226 596 4288 sub
621 4221 862 4304 Evangelicae
890 4223 1066 4286 libertatis
1090 4223 1248 4304 nomine,
1284 4225 1411 4288 sedre

118 4353 208 4397 vera
234 4332 441 4396 diabolicae
466 4330 631 4396 licentiae
658 4329 806 4410 insidiis,
835 4350 899 4392 suo
922 4351 1029 4393 sensu
1046 4330 1161 4405 vivat;
1186 4331 1291 4394 Adeo
1316 4333 1412 4395 nulla

116 4439 247 4503 habita
284 4439 502 4518 divinarum,
535 4439 825 4501 humanarumve.
839 4437 960 4518 legum
990 4435 1143 4518 ratione,
1179 4438 1277 4501 nulla
1296 4429 1420 4501 'huius'

119 4544 290 4610 Sanctae
312 4543 418 4609 Sedis
441 4544 663 4628 reverentia,
694 4544 800 4626 (unde
829 4542 1039 4626 religionem
1064 4542 1298 4607 Christianam
1323 4547 1418 4608 haec·

117 4653 218 4718 natio
246 4653 390 4732 habuit)
415 4652 511 4716 nullo
536 4661 628 4720 tuae
642 4649 839 4732 Maiestatis
864 4658 903 4729 et
926 4650 1123 4732 Imperialis
1156 4650 1272 4715 Edicti
1306 4644 1415 4733 metu,

117 4759 367 4826 Sacramenta
381 4757 633 4824 Ecclesiastica
658 4766 899 4839 contemnunt,
924 4757 1079 4820 divinum
1104 4760 1234 4822 cultum
1258 4768 1330 4822 tam
1353 4760 1413 4841 pie

115 4869 305 4936 hactenus
341 4869 569 4932 observatum
603 4867 798 4948 abrogant,
841 4873 1043 4930 sanctorum
1077 4865 1270 4950 imagines,
1305 4876 1421 4949 atque»
