3425 5700
913 878 966 944 39.

774 995 841 1074 Leo
861 994 903 1075 X
924 993 1045 1075 Garolo
1060 993 1099 1075 V.

720 1124 821 1188 (Auta
843 1123 1002 1184 wormac.
1020 1123 1075 1183 iri
1101 1121 1155 1195 80.)

389 1231 603 1295 Charissimo
632 1235 667 1297 in
693 1235 832 1299 Christo
861 1234 934 1299 filio
963 1246 1084 1299 nostro
1110 1234 1238 1299 Carolo
1264 1235 1512 1297 Romanorum
1536 1253 1571 1294 ac

301 1337 553 1418 Hispaniarum
577 1341 676 1422 Regi
701 1342 875 1405 catholico
899 1342 935 1405 in
961 1343 1216 1424 Imperatorem
1242 1342 1356 1404 electo
1367 1340 1400 1421 ¹).

390 1445 604 1511 Charissime
627 1449 663 1511 in
681 1448 821 1513 Christo
846 1448 896 1513 fili
920 1460 1042 1512 noster
1066 1450 1229 1518 salutem:
1254 1449 1370 1511 Tanta
1394 1457 1449 1511 est
1473 1456 1572 1529 atque

300 1553 390 1614 adeo
426 1554 581 1635 notoria,
618 1565 653 1618 et
690 1557 858 1620 universo
895 1558 973 1619 orbi
1001 1566 1174 1620 terrarum
1199 1554 1400 1636 manifesta,
1434 1553 1572 1616 Martini

301 1657 446 1720 Lutheri
462 1659 722 1744 heresiarchae,
747 1684 818 1726 non
835 1664 949 1727 solum
966 1663 1000 1725 in
1028 1683 1091 1725 nos
1116 1672 1151 1725 et
1165 1663 1257 1725 hanc
1271 1672 1429 1725 sanctam
1447 1662 1572 1739 sedem,

300 1764 363 1826 sed
388 1775 513 1828 contra
541 1767 646 1830 etiarn
674 1769 785 1850 ipsius
811 1769 896 1833 fidei
920 1770 1117 1845 veritatem,
1142 1790 1184 1832 ac
1209 1780 1412 1832 sanctorum
1437 1777 1572 1851 patrum

300 1872 444 1935 decreta
458 1874 625 1954 pertinax
650 1886 686 1938 et
709 1876 923 1940 detestanda
943 1877 1135 1957 temeritaS,
1159 1897 1264 1958 quam
1289 1876 1401 1939 fetido
1428 1896 1489 1938 ore
1514 1895 1572 1936 suo

298 1980 415 2058 palam
433 1980 619 2060 predicare
636 2004 677 2045 ac
702 1984 903 2049 celsitudini
928 1986 1032 2047 etiam
1059 1994 1141 2047 tuae
1164 2005 1230 2066 per
1254 1985 1425 2066 epistoias
1450 1993 1486 2045 et
1510 1982 1575 2045 alia

298 2085 430 2167 scripta
447 2107 510 2151 sua
526 2087 663 2152 nefaria
686 2089 887 2173 significare
913 2113 982 2155 non
1008 2101 1161 2171 veretur,
1186 2091 1341 2172 quinimo
1358 2089 1519 2153 inaudito
1543 2096 1575 2150 et

298 2192 471 2257 effrenato
488 2197 641 2276 quodam
659 2196 781 2261 furore
797 2200 939 2282 satagit,
965 2209 1003 2261 ut
1019 2219 1134 2281 neque
1149 2208 1271 2261 nostro
1287 2207 1322 2261 et
1336 2197 1440 2260 huius
1456 2204 1574 2259 sancte

299 2300 393 2362 sedis
418 2302 539 2365 decori
564 2304 754 2368 conveniat
775 2327 852 2368 eam
878 2307 990 2387 magis
1007 2326 1169 2387 arguere,
1195 2305 1327 2387 quippe
1352 2324 1445 2385 quae
1469 2324 1491 2365 a
1514 2322 1574 2365 suo

298 2406 409 2487 ipsius
424 2419 570 2473 auctore
588 2412 673 2474 satis
697 2413 812 2476 indies
836 2434 907 2476 non
925 2416 1039 2477 solum
1063 2412 1308 2494 impurissimis
1332 2421 1369 2475 et
1392 2410 1575 2491 sacrilegis

298 2515 436 2596 verbis,
469 2518 533 2579 sed
568 2518 684 2601 impiis
718 2520 825 2583 etiam
853 2521 1023 2604 operibus
1047 2520 1226 2603 detegitur
1250 2540 1291 2582 ac
1316 2517 1574 2581 manifestatur:

298 2620 399 2701 Quae
433 2643 512 2687 cum
545 2624 655 2706 ipsius
688 2627 794 2690 etiam
818 2628 1015 2709 Majestatis
1043 2628 1141 2691 Tuae
1175 2636 1304 2690 statum
1338 2635 1374 2689 et
1406 2629 1576 2688 honorem

298 2728 519 2809 apertissime
544 2741 704 2816 tangant,
730 2734 942 2817 minimeque
967 2735 1199 2798 dubitandum
1224 2734 1278 2815 sit,
1303 2734 1386 2814 quin
1403 2732 1576 2798 celsitudo

298 2843 358 2899 tua
389 2838 546 2920 noverit,
580 2861 672 2921 quae
701 2863 787 2905 suae
816 2842 887 2905 sint
917 2853 1056 2925 partes,
1085 2853 1124 2904 ut
1147 2841 1258 2925 pestis
1282 2840 1351 2904 ista
1374 2840 1408 2902 in
1434 2838 1576 2922 Imperii

297 2941 350 3003 sui
373 2943 502 3008 finibus
519 2957 654 3030 exorta,
676 2949 883 3031 priusquam
902 2951 1036 3013 maiora
1057 2950 1227 3031 suscipiat
1250 2949 1479 3028 incrementa,
1503 2948 1576 3028 plu-

297 3070 425 3131 resque
442 3051 570 3116 Christi
585 3054 710 3118 fideles
731 3057 926 3139 pernitiosa
942 3057 1016 3121 eius
1032 3060 1115 3122 tabe
1139 3057 1350 3135 inficiantur,
1374 3065 1577 3136 opportune

298 3160 462 3239 tollatur,
493 3182 534 3223 ac
566 3164 709 3243 penitus
734 3164 980 3245 extinguatur:
1029 3165 1120 3246 Quia
1149 3184 1262 3245 nuper
1292 3175 1409 3226 tamen
1441 3162 1487 3224 ad
1513 3182 1578 3224 nos

297 3266 461 3347 pervenit
485 3269 637 3351 epistola
660 3273 837 3353 quaedam
861 3271 894 3334 in
910 3272 1091 3353 publicum
1116 3272 1212 3335 edita
1237 3281 1272 3334 et
1295 3271 1481 3351 impressa,
1507 3287 1578 3350 qua

298 3373 412 3437 dictus
436 3375 609 3439 Martinus
634 3381 699 3440 sub
724 3388 910 3442 mansueta
933 3400 1001 3442 ove
1025 3381 1145 3460 lupum
1163 3378 1429 3461 rapacissimum
1453 3396 1578 3458 agens,

297 3492 333 3542 et
346 3480 500 3546 Luciferi
524 3486 727 3566 superbiam
752 3487 916 3550 simulata
931 3489 1120 3549 verborum
1135 3487 1331 3549 humilitate
1349 3486 1577 3560 adumbrans,

296 3588 475 3670 Majestati
490 3592 588 3654 Tuae
612 3595 761 3655 subdole
786 3615 825 3657 se
848 3594 1028 3657 insinuare
1045 3605 1208 3666 conatur;
1234 3613 1274 3654 ac
1294 3593 1325 3654 ei
1345 3592 1578 3672 persuadere,

296 3698 390 3776 quod
416 3696 545 3760 invitus
570 3697 604 3761 in
629 3700 811 3781 publicum
834 3701 942 3780 venit,
975 3722 1015 3765 ac
1041 3703 1190 3764 aliorum
1213 3700 1249 3760 vi
1274 3710 1309 3763 et
1332 3698 1469 3762 insidiis
1497 3717 1577 3780 pro-

296 3803 389 3865 ditus
414 3803 564 3887 scripsit,
590 3807 757 3888 quicquid
783 3808 935 3891 scripsit,
960 3810 1149 3871 etdemum
1165 3816 1313 3888 propter
1330 3805 1578 3888 evangelicam

295 3911 497 3991 veritatem,
531 3934 636 3995 quam
675 3916 847 3978 adversus
879 3915 1143 3998 superstitiosas
1172 3916 1346 3978 humanae
1374 3911 1581 3976 traditionis

296 4017 481 4098 opiniones
506 4022 678 4102 evulgare
702 4043 740 4084 se
763 4021 890 4102 iactat,
924 4023 1011 4105 iras,
1048 4021 1297 4099 contumeliaS,
1330 4020 1508 4102 pericula,
1544 4031 1581 4082 et

296 4124 465 4206 quicquid
488 4128 571 4190 mali
596 4129 794 4212 excogitari
817 4140 956 4211 potest,
986 4131 1062 4193 sine
1092 4129 1162 4192 fine
1192 4128 1341 4210 patitur,
1370 4149 1411 4190 ac
1443 4128 1583 4192 frustra

296 4230 434 4294 veniam
459 4234 560 4315 petit,
584 4235 715 4299 frustra
733 4237 911 4300 silentium
937 4237 1052 4316 offert,
1077 4236 1208 4298 frustra
1228 4234 1327 4319 pacis
1352 4232 1582 4298 conditiones

297 4341 481 4421 proponit,
505 4341 637 4405 frustra
661 4344 793 4406 erudiri
817 4345 965 4407 meiiora
988 4344 1161 4426 postulat,
1187 4353 1222 4406 et
1247 4363 1324 4405 cum
1349 4341 1481 4403 frustra
1506 4363 1582 4405 om-

295 4445 354 4506 nia
378 4448 539 4526 tentarit,
573 4450 608 4512 in
643 4470 721 4513 eum
755 4467 873 4514 tamen
906 4451 942 4513 id
975 4460 1136 4533 paratur,
1170 4459 1209 4512 ut
1241 4450 1472 4531 extinguatur
1497 4468 1583 4512 cum

296 4553 460 4616 universo
485 4556 693 4637 Evangelio,
718 4579 759 4620 ac
783 4569 987 4639 propterea,
1012 4569 1050 4620 ut
1075 4578 1113 4620 se
1129 4559 1242 4620 Beato
1260 4555 1457 4620 Athanasio
1483 4577 1569 4620 com

295 4670 415 4741 paret,
446 4662 672 4743 imperialem
700 4665 923 4745 Maiestatem
952 4665 1112 4728 invocat:
1166 4663 1257 4745 Quia
1285 4667 1375 4728 haec
1399 4673 1435 4727 et
1459 4664 1584 4726 huius-

316 4833 340 4897 Ι)
369 4840 442 4887 Haec
468 4842 581 4904 epistola
606 4859 658 4892 non
685 4844 734 4892 suit
759 4845 821 4892 data
839 4846 946 4894 Caesari
971 4845 1017 4893 sed
1044 4851 1144 4893 tantum
1164 4843 1243 4892 missa
1264 4843 1368 4892 Nuntio
1388 4843 1532 4892 Aleaudro
1555 4854 1586 4892 ut

365 4922 463 4970 emitur
482 4937 514 4969 ex
532 4925 607 4988 epist.
629 4925 807 4974 vicecancell.
827 4927 862 4974 ad
882 4925 1046 4975 Alcandmm
1066 4927 1109 4974 die
1129 4934 1223 4973 ‹rctava
1244 4925 1332 4973 Martii
1352 4926 1464 4974 Ducum.
1484 4925 1531 4983 38.
