3425 5700
891 790 935 855 20

494 896 687 978 Cuiusdam
715 898 869 999 epistola
896 899 938 978 de
965 898 1084 979 liebus
1113 896 1343 978 Germanicis.

711 1028 807 1099 ,idm
825 1027 863 1086 11.
881 1028 957 1102 dape
975 1027 997 1086 1.
1015 1027 1049 1086 lt.
1068 1028 1118 1099 82)

770 1133 803 1192 (7¹
825 1131 963 1179 Februarii
984 1133 1069 1192 1521.)

389 1226 704 1290 Reverendissimo
721 1227 931 1310 Monsignor
945 1228 1015 1290 mio
1031 1227 1366 1292 observandissime
1403 1226 1527 1308 Hoggi
1544 1229 1562 1288 ὸ

280 1333 410 1396 intrato
442 1333 466 1396 il
491 1334 678 1397 Marchese
702 1335 1029 1416 Brandeburgense
1060 1338 1169 1398 molto
1203 1338 1296 1397 bene
1326 1357 1346 1397 a
1370 1335 1495 1397 ordine
1528 1347 1562 1396 et

280 1460 359 1502 cum
384 1459 454 1503 una
477 1441 572 1503 bella
596 1441 825 1524 compagnia;
854 1443 943 1506 hora
967 1462 1008 1505 ce
1033 1462 1146 1505 sonno
1170 1441 1251 1505 tutti
1275 1441 1300 1504 li
1323 1441 1481 1522 electori,
1505 1461 1564 1503 ma

279 1548 394 1628 prima
425 1549 491 1610 che
526 1548 572 1610 lui
597 1548 695 1611 fusse
719 1557 870 1628 venut0,
903 1548 963 1629 gia
987 1557 1041 1611 tre
1065 1551 1164 1612 volte
1188 1551 1222 1611 la
1245 1549 1383 1612 Maesta
1408 1547 1564 1610 Cesarea

280 1675 359 1717 cum
375 1655 400 1716 li
416 1655 496 1717 altri
514 1656 660 1718 electori
684 1665 720 1718 et
744 1655 873 1738 grandi
897 1677 936 1719 se
960 1677 1069 1720 erano
1093 1656 1240 1718 adunati
1262 1656 1409 1719 insieme
1435 1666 1470 1718 et
1498 1676 1565 1737 per

280 1763 436 1824 anchora
460 1782 530 1826 non
555 1763 617 1825 s'd
643 1771 768 1845 potuto
791 1762 978 1826 intendere
1000 1783 1084 1826 cosa
1100 1773 1199 1827 certa
1216 1763 1252 1824 di
1268 1766 1387 1844 quello
1404 1764 1564 1827 habbino

280 1879 462 1950 propost0.
510 1869 643 1933 Tamen
668 1891 706 1933 se
731 1871 810 1932 dice
835 1881 932 1933 certe
956 1891 1040 1934 cose
1064 1873 1245 1951 generale,
1271 1870 1346 1932 ciod
1371 1873 1438 1932 che
1461 1867 1498 1933 S.
1513 1869 1563 1933 M.

278 1975 303 2038 li
335 1977 381 2037 ha
413 1975 597 2058 regratiati
629 1977 674 2038 de
705 1978 740 2038 la
773 1978 926 2040 electiori
957 1980 1034 2040 loro
1062 1977 1158 2039 facta
1182 1978 1218 2040 in
1242 1996 1398 2058 persona
1422 1996 1501 2054 sua,
1528 1986 1565 2038 et

280 2084 346 2146 che
377 2103 442 2164 per
474 2103 545 2146 non
573 2085 685 2146 haver
708 2085 841 2147 havuto
866 2095 986 2165 tempo
1010 2084 1059 2147 lui
1083 2087 1128 2146 de
1152 2085 1298 2146 visitare
1322 2083 1346 2145 li
1369 2082 1494 2165 populi
1518 2084 1566 2144 de

280 2189 429 2272 Spagna
451 2190 626 2253 facevano
651 2210 739 2272 gran
765 2191 886 2254 novitia
912 2202 947 2253 et
971 2192 1037 2253 che
1059 2212 1124 2273 per
1140 2202 1265 2272 questo
1281 2199 1447 2270 respecto
1464 2189 1487 2250 l’
1500 2209 1567 2252 era

278 2297 428 2360 forciato
459 2307 643 2360 retornare
666 2318 732 2379 per
754 2297 994 2378 remediargli,
1019 2307 1055 2360 et
1078 2300 1144 2360 che
1169 2298 1192 2359 'l
1215 2297 1240 2360 li
1263 2316 1425 2378 pregava
1448 2297 1564 2358 voles-

279 2424 359 2467 sero
390 2402 470 2467 finir
497 2415 622 2485 questa
647 2405 743 2468 dieta
767 2415 802 2468 et
825 2405 903 2468 fare
927 2404 1102 2467 electione
1127 2405 1172 2466 de
1197 2423 1350 2486 persone
1374 2403 1503 2465 idonee
1529 2411 1567 2464 et

279 2510 369 2572 iuste
401 2529 468 2591 per
499 2531 699 2593 governare
731 2511 767 2574 in
799 2511 962 2575 absentia
995 2513 1117 2574 suala
1142 2509 1335 2573 Germania
1358 2519 1394 2572 et
1417 2509 1565 2571 admini-

279 2617 421 2697 strargli
452 2617 601 2699 iustitia,
637 2627 671 2680 et
704 2619 770 2681 che
801 2618 1018 2681 concordato
1047 2618 1113 2679 che
1138 2617 1159 2679 l'
1175 2618 1328 2679 havesse
1353 2617 1385 2678 le
1409 2635 1492 2678 cose
1518 2617 1567 2677 de

280 2721 445 2805 Spagna,
479 2724 576 2805 dipoi
606 2724 705 2786 daria
737 2725 912 2808 principio
944 2726 1015 2787 alla
1039 2725 1270 2806 expeditione
1295 2725 1340 2786 de
1366 2723 1481 2794 [talia;
1518 2724 1566 2785 de

279 2842 374 2894 sorte
406 2833 472 2895 che
504 2831 562 2914 qui
587 2853 625 2896 se
649 2841 709 2896 ten
734 2853 800 2914 per
823 2833 937 2896 fermo
961 2833 1028 2895 che
1051 2831 1107 2894 fra
1131 2831 1191 2893 dui
1214 2830 1302 2894 mesi
1326 2828 1400 2893 Sua
1424 2829 1567 2893 Maesta

279 2938 414 3001 andard
437 2939 472 3000 in
491 2940 645 3002 Fiandra
669 2950 704 3002 et
728 2942 762 3003 al
786 2943 856 3003 bon
883 2950 1003 3021 tempo
1025 2960 1064 3002 se
1080 2938 1303 3002 imbarcharia
1319 2958 1386 3019 per
1402 2936 1567 3019 Spagna,

280 3055 314 3107 et
338 3048 418 3108 chel
441 3046 494 3109 sia
517 3066 603 3109 vero
628 3048 735 3109 credo
761 3049 826 3109 che
851 3046 873 3109 l’
889 3048 1022 3109 andata
1046 3048 1103 3109 del
1122 3066 1212 3126 gran
1230 3044 1390 3108 Scudero
1408 3045 1443 3106 in
1459 3045 1561 3107 Fian-

279 3154 343 3215 dra
374 3172 444 3215 non
475 3152 573 3215 fosse
604 3173 670 3233 per
693 3154 802 3233 altro,
836 3174 875 3216 se
899 3174 967 3215 non
992 3172 1058 3233 per
1081 3153 1158 3215 iare
1183 3154 1250 3214 che
1274 3151 1390 3233 questi
1415 3153 1567 3214 electori

278 3261 540 3322 accelerassero
572 3263 607 3323 la
639 3260 735 3323 dieta
767 3271 802 3321 et
826 3280 892 3342 per
916 3261 1161 3323 demonstrare
1185 3281 1207 3322 a
1232 3258 1407 3341 Spagnoli
1432 3261 1499 3321 che
1526 3259 1566 3322 S.

277 3366 415 3429 Maesti
439 3368 554 3429 havea
578 3367 797 3430 comenciato
822 3390 843 3429 a
867 3368 954 3430 dare
978 3367 1153 3449 principio
1170 3387 1191 3429 a
1212 3366 1234 3429 l'
1252 3377 1389 3429 armata
1412 3386 1479 3447 per
1503 3387 1567 3428 vo-

278 3475 352 3535 lere
384 3475 536 3554 andare,
571 3474 648 3536 acid
674 3495 743 3537 non
767 3475 955 3538 facesseno
980 3477 1070 3537 altre
1094 3473 1231 3545 novitia
1266 3474 1406 3536 alchuni
1432 3473 1566 3536 dicono

279 3582 344 3643 che
370 3580 405 3643 S.
430 3580 568 3644 Maesta
593 3582 736 3644 menard
763 3582 800 3644 X
825 3582 861 3644 in
885 3582 959 3645 XIl
988 3582 1072 3644 mila
1097 3583 1352 3661 lancechenec,
1385 3581 1418 3643 el
1450 3583 1518 3642 che
1544 3583 1567 3644 ὲ

279 3687 459 3767 credibile,
483 3688 614 3769 perche
639 3688 661 3751 l'
678 3690 768 3751 altro
789 3689 928 3771 giorno,
953 3690 1104 3752 essendo
1119 3688 1153 3751 io
1169 3689 1227 3751 dal
1245 3707 1335 3769 gran
1351 3686 1566 3750 Cancellero

279 3800 367 3857 senti
393 3797 459 3857 che
484 3816 553 3858 uno
579 3796 673 3859 della
698 3796 797 3859 Cova
819 3798 988 3860 mandato
1013 3798 1071 3860 dal
1097 3797 1340 3860 Contestabile
1365 3796 1477 3874 alre,
1511 3797 1567 3875 gli

279 3900 372 3963 disse
405 3903 537 3966 havere
569 3902 665 3965 iacto
697 3902 882 3966 intendere
915 3906 985 3966 alla
1012 3904 1151 3966 Maesta
1177 3902 1331 3965 Cesarea
1361 3921 1426 3982 per
1457 3914 1567 3982 parte

278 4008 373 4069 dicto
399 4008 626 4073 Conestabile
650 4011 716 4072 che
740 4011 774 4071 la
808 4030 878 4072 non
911 4010 1063 4073 andasse
1088 4031 1194 4072 senza
1217 4020 1343 4090 gente,
1367 4018 1402 4070 et
1426 4028 1464 4071 se
1489 4029 1565 4071 non

278 4116 428 4178 bastava
456 4135 599 4179 menare
624 4116 797 4197 todeschi,
823 4138 984 4180 menasse
1008 4117 1133 4180 turchi.
1171 4115 1265 4179 Altri
1288 4115 1458 4197 vogliono
1482 4115 1567 4179 dire

277 4224 343 4284 che
368 4223 391 4284 li
417 4222 563 4286 electori
588 4234 623 4285 et
646 4223 727 4286 altri
752 4222 920 4286 Germani
944 4225 1005 4304 gii
1029 4226 1149 4287 hanno
1174 4224 1430 4286 commenciato
1445 4243 1563 4304 apar-

278 4330 352 4391 lare
377 4330 421 4392 de
446 4332 480 4392 la
505 4329 735 4412 expeditione
760 4332 804 4393 de
822 4331 944 4411 Italia,
978 4352 1063 4394 cosa
1086 4333 1151 4394 che
1175 4330 1315 4412 poteria
1339 4350 1478 4410 essere,
1504 4351 1567 4393 ma

277 4457 348 4499 non
373 4438 408 4499 la
432 4458 539 4517 posso
564 4439 722 4516 credere,
750 4457 815 4517 per
839 4458 910 4501 non
935 4438 1066 4503 esserci
1091 4436 1215 4499 dinari.
1263 4436 1395 4499 Tamen
1420 4438 1567 4517 poteria

278 4564 396 4605 essere
421 4546 502 4624 che,
528 4545 735 4607 trovandosi
760 4545 784 4606 li
808 4544 938 4626 grandi
962 4547 1031 4607 ben
1057 4544 1207 4625 disposti
1232 4552 1268 4606 et
1289 4544 1325 4630 le
1348 4556 1443 4605 terre
1467 4542 1565 4606 fran-

277 4651 342 4712 che
367 4671 446 4713 cum
471 4663 578 4733 gente
603 4661 639 4713 et
662 4651 786 4731 (linari,
812 4653 857 4714 de
882 4651 906 4714 li
930 4652 1025 4733 quali
1049 4652 1157 4713 credo
1181 4671 1226 4713 ne
1247 4650 1404 4713 habbino
1421 4652 1565 4731 grande

278 4758 448 4838 carestia,
483 4754 557 4820 Sua
581 4757 719 4821 Maesti
754 4757 845 4820 iaria
877 4757 972 4820 dicta
1003 4758 1175 4839 impresa,
1209 4777 1275 4837 per
1306 4757 1361 4819 far
1384 4776 1485 4819 come
1509 4758 1564 4837 gli

278 4864 371 4927 disse
396 4870 428 4928 el
453 4866 591 4928 duccha
615 4866 647 4925 d'
664 4867 769 4945 Alba,
794 4868 860 4928 che
884 4865 1040 4927 volendo
1064 4884 1264 4946 governare
1288 4862 1325 4925 S.
1346 4863 1393 4925 M.
1410 4862 1565 4946 Spagna
