3425 5700
645 592 893 657 walde-⁶

223 740 290 809 Mio
316 740 458 811 fratello
483 744 529 811 mi
554 748 670 812 scrive
695 748 740 811 da
764 747 867 810 Paris
892 746 926 809 di
952 740 1066 809 XXV
1091 741 1148 810 del
1173 750 1318 829 passato
1344 738 1410 809 che

149 854 169 915 li
186 854 350 935 Theologi
376 854 521 936 parisini
544 857 708 919 haveano
733 856 958 917 condennato
984 863 1088 917 cento
1112 854 1249 918 articoli
1265 854 1299 915 di
1317 854 1408 916 Mar·
1439 845 1443 852 ’

151 960 212 1023 tino
241 971 273 1023 et
309 964 374 1025 che
411 965 445 1025 el
477 962 568 1025 libro
607 984 645 1026 se
670 962 870 1045 imprimea,
899 961 1080 1045 prohibito
1105 961 1193 1045 perd
1219 964 1283 1023 dar
1306 961 1410 1023 fuora

148 1068 244 1149 prima
266 1070 332 1131 che
357 1090 401 1132 ne
426 1069 597 1132 lrabbiino
616 1071 785 1133 mandato
809 1090 880 1132 uno
906 1070 951 1131 ad
969 1068 1088 1149 Cesar,
1112 1089 1181 1131 uno
1199 1070 1232 1130 al
1249 1090 1287 1131 re
1304 1067 1408 1129 Gallo

149 1186 178 1236 et
208 1196 272 1239 uno
309 1179 344 1239 al
367 1177 470 1239 Duca
494 1176 651 1240 Saxone.
699 1177 806 1240 Certo
845 1198 890 1239 ne
922 1177 968 1239 ho
1004 1180 1347 1258 gran'contentezza
1371 1196 1408 1237 se

148 1302 214 1343 sara
234 1285 304 1345 cosl
329 1284 463 1365 perche
486 1284 602 1365 questi
619 1282 789 1347 Germani
814 1293 940 1346 stanno
957 1282 992 1345 in
1008 1284 1145 1365 grande
1163 1283 1409 1363 expettatione

148 1389 227 1451 della
256 1390 432 1454 sententia
467 1391 512 1453 de
537 1391 638 1453 Paris
675 1400 709 1453 et
733 1390 794 1472 gia
816 1391 877 1471 pib
904 1390 938 1451 di
963 1391 1031 1453 due
1057 1390 1142 1453 mesi
1167 1390 1190 1451 li
1215 1390 1408 1452 Lutherani

148 1494 278 1558 laceano
314 1518 466 1579 sparger
496 1496 556 1579 qui
584 1519 651 1561 con
684 1499 821 1579 grande
849 1500 928 1560 loro
959 1498 1177 1579 avantaggio
1210 1498 1275 1559 che
1308 1496 1409 1559 Paris

148 1602 245 1664 havea
267 1606 468 1686 approbata
491 1605 527 1667 la
550 1605 706 1667 dottrina
731 1606 766 1667 di
791 1606 936 1684 Luther,
962 1614 1105 1666 excetto
1130 1603 1246 1665 alcuni
1273 1602 1407 1684 pochis-

148 1708 209 1771 sinii
231 1711 377 1790 articuli,
400 1712 426 1773 li
450 1712 545 1793 quali
568 1712 717 1774 diceano
743 1733 862 1775 essere
887 1711 1103 1794 disputabili.
1154 1711 1180 1771 ll
1204 1712 1269 1772 che
1293 1709 1327 1772 io
1352 1731 1408 1773 an-

148 1818 259 1880 corche
284 1838 353 1881 non
378 1820 555 1898 credesse,
580 1820 770 1882 tuttavolta
794 1840 859 1901 per
883 1819 943 1901 piu
968 1818 1107 1881 securta
1124 1816 1319 1879 dubitando
1344 1818 1408 1878 che

147 1921 219 1985 farsi
240 1946 310 1988 non
334 1928 528 1989 havessero
553 1922 681 1989 havuti'
700 1926 724 1989 li
748 1926 830 1989 libri
853 1927 913 2007 piu
939 1924 1073 1988 enormi
1098 1924 1132 1985 di
1150 1926 1248 1986 detto
1266 1924 1409 2003 Luther,

147 2028 166 2089 li
186 2032 317 2094 mandai
334 2042 369 2094 et
385 2031 504 2094 scrissi
528 2033 599 2095 alla
615 2032 820 2096 Universiti
844 2033 963 2113 quello
989 2033 1053 2094 che
1079 2032 1138 2111 qui
1164 2030 1192 2093 si
1217 2030 1410 2112 divulgava

149 2146 177 2197 et
195 2156 348 2221 pregava
372 2139 396 2201 li
422 2140 555 2211 dottori
579 2150 614 2202 et
639 2142 836 2202 exhortava
861 2159 881 2200 a
906 2141 1007 2201 voler
1031 2159 1098 2200 con
1122 2139 1157 2199 la
1183 2157 1246 2199 sua
1271 2147 1407 2201 senten-

148 2242 188 2304 tia
207 2246 363 2325 prohibir
393 2246 417 2308 li
441 2247 591 2327 periculi
616 2248 709 2309 delle
733 2246 849 2309 anime
875 2247 919 2308 de
944 2244 1070 2307 infiniti
1095 2246 1160 2306 che
1187 2244 1245 2325 qui
1270 2264 1308 2307 se
1332 2266 1408 2326 per·

43 2331 44 2372 ³
150 2350 227 2413 dano
262 2373 327 2434 per
362 2364 489 2433 questa
527 2353 619 2415 falsa
654 2354 749 2416 fama
786 2374 807 2415 o
832 2372 963 2415 ancora
993 2372 1059 2433 per
1091 2354 1125 2413 la
1158 2354 1234 2413 loro
1269 2351 1407 2414 tardita.

148 2454 238 2519 Certo
261 2460 327 2520 che
351 2460 398 2521 mi
424 2459 560 2521 dubitai
585 2462 728 2541 quando
752 2461 801 2521 tal
825 2459 921 2521 fama
953 2461 982 2521 si
1011 2478 1184 2539 spargea,
1221 2460 1287 2521 che
1322 2458 1409 2521 forsi

148 2563 210 2625 loro
238 2567 430 2629 havessero
468 2569 600 2629 veduto
638 2567 703 2630 soli
742 2566 765 2628 li
795 2566 933 2629 articuli
958 2565 1053 2627 della
1077 2564 1181 2626 Bulla
1205 2566 1289 2627 nelli
1314 2566 1409 2647 quali

148 2670 184 2731 de
205 2682 377 2752 potestate
402 2674 525 2754 Papae
549 2695 649 2736 corne
675 2695 713 2736 sa
739 2674 781 2735 V.
808 2671 843 2736 S.
870 2673 946 2735 R¹¹¹⁸
970 2672 993 2734 li
1014 2672 1166 2734 Parisini
1190 2692 1277 2735 sono
1302 2672 1335 2734 in
1362 2673 1407 2735 al-

147 2795 223 2839 cuna
253 2799 337 2842 cosa
372 2779 541 2843 discordii
579 2782 626 2843 da
661 2780 730 2843 noi.
778 2780 871 2842 Pero
896 2780 1037 2841 mandai
1063 2780 1138 2841 loro
1170 2779 1194 2841 li
1219 2780 1300 2841 altri
1325 2780 1406 2843 mali

147 2881 229 2964 libri,
251 2897 285 2949 et
308 2907 398 2950 sono
422 2891 533 2950 molto
558 2891 694 2970 allegro
719 2890 785 2950 che
810 2891 844 2951 la
869 2908 952 2950 cosa
977 2887 1072 2970 passi
1097 2907 1197 2949 corne
1221 2887 1267 2950 mi
1291 2888 1406 2951 scrive

146 2991 203 3050 mio
225 2992 375 3073 frate110‚
399 3004 436 3056 et
458 2995 549 3077 sapii
576 2995 619 3058 V.
637 2993 673 3056 S.
691 2996 767 3057 R¹¹¹²
791 2997 856 3056 elie
881 3015 902 3056 a
926 3002 1046 3074 tempo
1071 2995 1189 3075 quello
1214 2995 1406 3057 medesimo

147 3095 175 3155 di
195 3099 253 3160 che
275 3102 447 3163 recevetti
471 3102 569 3163 dette
594 3103 720 3163 lettere
745 3122 783 3163 se
806 3101 1000 3182 divulgava
1023 3101 1058 3162 in
1075 3103 1218 3181 palazzo
1242 3122 1307 3184 per
1323 3123 1407 3164 cosa

148 3218 228 3267 certa
251 3210 314 3270 che
339 3230 361 3270 a
386 3209 487 3270 Paris
512 3209 675 3270 haveano
700 3209 901 3289 approbato
926 3206 949 3268 li
974 3208 1111 3269 articuli
1137 3207 1170 3268 di
1191 3207 1323 3270 Luther
1347 3229 1405 3270 ex·

148 3321 227 3374 cetto
250 3315 324 3395 doi,
354 3315 477 3396 liquali
509 3336 619 3377 ancor
642 3315 791 3376 diceano
817 3334 915 3376 esser
939 3313 1155 3394 disputabili.
1204 3315 1232 3376 Il
1256 3316 1322 3377 che
1347 3335 1405 3396 ap·

149 3435 255 3494 presso
278 3421 385 3503 quelli
410 3424 475 3483 che
501 3443 569 3484 non
595 3442 725 3502 sanno,
758 3441 941 3502 generano
978 3421 1052 3504 (sic)
1083 3423 1221 3503 grande
1245 3425 1404 3504 tumult0‚

148 3522 249 3588 donde
271 3529 485 3591 venendomi
511 3531 542 3591 el
560 3528 752 3591 confessor
776 3550 798 3591 a
821 3528 876 3590 dir
901 3529 949 3590 tal
967 3549 1061 3591 nova
1085 3529 1236 3609 (benche
1262 3529 1310 3591 lui
1335 3551 1404 3592 non

147 3630 175 3690 la
193 3644 328 3712 potesse
353 3637 493 3716 creder)
516 3635 551 3697 io
575 3635 601 3698 li
625 3636 769 3699 mostrai
792 3637 827 3698 la
850 3638 979 3698 lettera
1003 3646 1038 3697 et
1055 3634 1197 3697 subbito
1212 3647 1267 3698 nie
1283 3636 1405 3699 fecero

149 3736 284 3804 chiamar
306 3763 328 3804 a
351 3744 497 3823 palazzo
522 3751 558 3805 et
581 3744 709 3825 legger
733 3744 832 3804 detta
855 3744 999 3823 lettera,
1026 3744 1143 3804 donde
1167 3741 1271 3806 forno
1295 3743 1404 3806 molto

148 3843 243 3926 alegri
266 3859 299 3910 et
323 3851 346 3911 li
370 3849 566 3912 adversarii
591 3850 672 3912 tutti
697 3850 878 3911 rebattuti.
925 3849 970 3910 Et
992 3870 1014 3910 a
1038 3849 1081 3911 V.
1107 3846 1142 3911 S.
1169 3869 1223 3911 me
1248 3870 1338 3913 racc.

740 4242 792 4304 81.

373 4358 520 4439 fluuius
547 4357 586 4438 V.
615 4356 827 4438 electoribus
856 4359 891 4436 ab
918 4355 1150 4457 principibu.

570 4488 653 4558 (bota
670 4486 805 4545 Wormao.
827 4485 873 4544 tol
891 4485 960 4555 140.)

600 4589 689 4655 (Circa
708 4591 732 4643 8.
753 4590 818 4637 Maii
841 4587 927 4656 1521.)

223 4701 362 4768 Carolus
385 4714 453 4768 etc.
501 4704 687 4768 Universis
712 4715 747 4767 et
771 4704 921 4785 singulis
938 4704 1160 4766 Electoribus
1178 4704 1404 4787 Principibus

152 4810 209 4866 lam
229 4807 479 4876 Ecclesiastieis
504 4833 609 4893 quam
633 4813 874 4875 saecularibus
899 4811 1082 4890 Praelati8‚
1108 4812 1312 4888 ComitibuS,
1338 4813 1402 4874 Ba-

152 4913 289 4999 tonibus,
310 4920 481 4982 Militibus
497 4930 533 4982 et
549 4920 747 4984 Clientibus
763 4918 966 5001 Capitaneis
992 4919 1192 5000 presidibus
1222 4930 1257 4980 et
1281 4919 1403 5000 judici-
