3425 5700
814 588 1061 648 04350ἳῶ

295 742 409 804 banus
432 739 468 803 in
493 738 676 821 Leiphaim
702 738 892 801 suscitator
915 737 1018 801 huius
1042 738 1125 801 mali
1142 737 1300 817 Joannes
1314 736 1472 817 Jacobus
1495 756 1576 819 cap-

296 860 351 911 tus
376 869 454 911 cum
478 857 614 928 septem
631 846 709 910 aliis
724 846 818 908 intra
833 844 1018 927 Leipheim
1035 854 1071 907 et
1085 844 1286 927 Gintzburg
1301 846 1497 908 decollatus
1513 855 1578 909 est.

385 956 604 1018 Duodecima
629 953 764 1035 Aprilis
790 952 880 1034 Liga
902 952 1028 1014 volens
1051 952 1222 1014 invadere
1246 951 1398 1015 rusticos
1420 952 1455 1014 in
1480 952 1577 1015 Balt-

293 1060 407 1143 zinglf
413 1082 475 1123 eos
487 1061 522 1123 in
534 1060 656 1142 fugam
667 1058 852 1137 convertit,
866 1078 955 1140 quos
968 1078 1081 1140 prope
1091 1058 1285 1121 Wurtzach
1296 1063 1579 1140 comprehensos

300 1188 404 1247 15000
439 1166 570 1229 occidit
601 1177 635 1228 et
660 1165 807 1228 totidem
847 1165 882 1227 in
915 1164 1049 1246 oppido
1080 1166 1127 1226 ad
1165 1164 1318 1247 gratiam
1354 1174 1390 1227 et
1424 1184 1580 1247 poenam

295 1274 450 1357 suscepit
474 1273 645 1354 captivos.
699 1292 736 1350 14
760 1270 906 1353 Aprilis

383 1379 655 1461 Decimaquinta
681 1378 814 1459 Aprilis
846 1397 1058 1459 progressus
1089 1377 1268 1441 exercitus
1292 1378 1338 1439 ad
1362 1375 1578 1458 Wingarten

295 1490 440 1550 volebat
464 1494 645 1567 potentem
670 1484 766 1547 illum
791 1504 941 1547 cuneum
965 1483 1150 1565 invadere,
1176 1483 1236 1546 ubi
1261 1494 1363 1546 erant
1392 1503 1507 1563 13‚ooo
1523 1504 1579 1544 ru-

293 1593 458 1656 sticorum
469 1590 718 1655 selectissimos
731 1588 807 1675 (sic)
826 1601 862 1653 et
882 1591 952 1653 iarn
965 1592 1011 1653 ad
1024 1610 1254 1672 congressum
1266 1590 1431 1672 utrinque
1445 1590 1575 1672 parati.

299 1702 336 1761 16
370 1700 508 1781 Aprilis
539 1698 741 1761 interventu
769 1705 887 1760 autem
918 1708 1063 1761 senatus
1090 1698 1353 1779 uberlingensis
1377 1704 1413 1758 et
1436 1716 1580 1758 ravens-

294 1805 484 1889 purgensis
511 1825 551 1867 ac
576 1805 715 1867 comitis
739 1804 904 1886 Hugonis
928 1804 974 1866 de
1002 1804 1178 1867 Montfort
1208 1824 1266 1868 res
1295 1814 1350 1866 est
1380 1802 1580 1883 composita

293 1922 365 1976 tam
387 1914 480 1975 inter
505 1912 655 1994 Algoios
671 1932 776 1994 quam
794 1911 928 1974 vicinos
946 1912 1048 1991 lacui,
1066 1911 1190 1974 literae
1204 1908 1418 1974 concordiae
1435 1919 1580 1972 erectae

293 2030 329 2082 et
353 2020 528 2101 sigillatae
555 2039 593 2081 22
619 2017 770 2099 Aprilis

382 2126 521 2191 Octava
553 2125 686 2207 Aprilis
717 2126 936 2187 rebellarunt
969 2124 1091 2187 rustici
1121 2123 1155 2186 in
1190 2126 1283 2186 valle
1313 2122 1510 2205 Winsperg
1542 2134 1581 2187 et

293 2234 420 2297 comite
436 2234 617 2296 Ludovico
631 2232 863 2296 Hellenricho
880 2233 925 2295 de
940 2232 1166 2295 Helfenstein
1189 2232 1262 2295 illic
1279 2279 1331 2295 ...
1348 2230 1469 2294 rustici
1495 2251 1578 2293 eum

292 2360 359 2421 per
382 2340 502 2402 dolum
526 2340 733 2402 occiderunt
756 2359 835 2401 cum
861 2337 993 2401 XXIII
1017 2338 1197 2401 nobilibus
1227 2341 1264 2399 16
1281 2337 1426 2418 Aprilis.
1474 2338 1576 2399 Tunc

295 2448 427 2528 ubique
442 2446 662 2509 rebellarunt
677 2445 818 2508 Rustici
833 2445 1122 2527 Wirtembergae
1135 2466 1201 2527 per
1215 2444 1416 2528 vigintiduo
1433 2444 1578 2525 oppida.

381 2554 625 2616 Decimanona
667 2552 812 2633 Aprilis.
887 2552 1089 2614 Ludovicus
1137 2552 1220 2614 Dux
1265 2550 1441 2613 Bavariae
1476 2551 1581 2612 cuius

293 2659 448 2722 consiliis
481 2660 652 2722 nolebant
690 2658 834 2740 Algoici
869 2658 1049 2722 Collimitii
1080 2657 1286 2740 acquiscere
1315 2666 1354 2719 ut
1390 2657 1583 2720 obedirent

293 2766 472 2849 Episcopo
497 2766 715 2847 Augustensi
742 2776 776 2829 et
801 2766 981 2828 nobilibus
1005 2766 1154 2828 Domuis
1184 2785 1304 2827 eorum
1336 2765 1431 2827 unde
1465 2764 1582 2827 exivit

297 2874 403 2957 Algei
428 2895 506 2937 cum
530 2874 746 2956 octingentis
778 2875 954 2956 equitibus
991 2883 1027 2936 et
1058 2894 1145 2952 4000
1173 2873 1356 2954 peditibus
1386 2885 1422 2935 et
1454 2873 1582 2954 abegit

295 3002 426 3063 pecora
450 2983 570 3062 multa,
595 2981 724 3063 quibus
748 2981 962 3043 minantibus
987 2981 1219 3061 Irruptionem
1242 2979 1279 3041 in
1302 2978 1493 3043 Bavariam
1518 2979 1581 3040 tri-

296 3089 431 3171 gesima
450 3088 584 3170 Aprilis
613 3088 739 3151 iterum
765 3088 890 3151 exiens
914 3087 1072 3150 incendit
1095 3089 1280 3150 castellum
1303 3086 1463 3149 Bucheln
1499 3104 1583 3148 cum

297 3205 414 3258 castro
440 3205 475 3258 et
500 3195 652 3278 quinque
677 3196 755 3256 aliis
772 3195 865 3257 villis
881 3195 1030 3276 magnis.
1077 3194 1182 3257 Nona
1202 3193 1290 3258 Maii
1318 3197 1377 3254 116
1402 3192 1585 3256 interfecit

297 3323 342 3364 ex
366 3301 506 3364 rusticis
531 3312 567 3364 et
590 3303 710 3382 plures
735 3300 861 3382 coepit.
911 3322 948 3379 23
975 3301 1062 3363 Maii
1086 3301 1204 3364 factae
1228 3309 1309 3363 sunt
1331 3300 1505 3364 induciae.

387 3407 729 3488 Vigesimasecunda
756 3408 976 3470 rebellarunt
1006 3408 1128 3470 rustici
1161 3407 1340 3489 Episcopo
1373 3405 1583 3469 Eistettensi

298 3513 334 3576 in
359 3513 590 3594 Obermessig
614 3523 649 3575 et
673 3523 940 3595 occupaverunt
964 3513 1134 3596 oppidum
1157 3512 1321 3595 Greding
1350 3531 1429 3574 cum
1461 3523 1585 3574 castro

299 3621 461 3702 Messing
484 3629 520 3683 et
543 3630 788 3684 convenerunt
804 3623 849 3683 ad
867 3641 970 3700 50003
995 3620 1228 3683 sollicitarunt
1253 3617 1384 3700 passim
1408 3619 1496 3681 alios
1519 3639 1585 3700 pa·

300 3749 367 3811 gos
391 3728 554 3791 nolentes
578 3727 744 3791 seditioni
769 3729 983 3801 consentire;
1009 3729 1218 3809 supervenit
1248 3726 1362 3808 prima
1390 3724 1476 3788 Maii
1506 3725 1584 3787 Fri-

301 3835 441 3898 dericus
466 3834 592 3898 Comes
617 3835 800 3897 Palatinus
832 3855 910 3897 cum
944 3835 1147 3916 quingentis
1172 3833 1350 3916 equitibus
1373 3841 1409 3894 et
1434 3852 1455 3893 a
1477 3832 1586 3894 Duce

299 3942 493 4005 Wilhelmo
526 3942 685 4004 Baccaro
716 3941 946 4004 mittebantur
979 3941 1039 4005 180
1078 3940 1214 4022 equites
1254 3950 1290 4002 et
1330 3959 1396 4017 300
1431 3939 1587 4002 Bohemi

301 4047 553 4111 bombardarii.
600 4047 742 4110 Rustici
764 4048 891 4110 timore
916 4048 1075 4129 percussi
1100 4047 1228 4128 dilapsi
1245 4056 1337 4108 sunt.
1384 4045 1477 4108 XIII
1491 4066 1587 4128 ergo

303 4155 488 4218 decollatis
512 4165 547 4217 et
571 4155 705 4236 aliquot
729 4155 852 4236 captis,
878 4156 963 4236 pagi
987 4174 1109 4217 omnes
1144 4173 1182 4216 se
1207 4154 1324 4215 denuo
1348 4152 1588 4215 subdiderunt

303 4263 482 4344 episcopo,
508 4261 620 4324 tribus
645 4283 691 4325 ex
714 4261 784 4324 illis
808 4263 923 4344 captis
947 4273 1073 4343 postea
1097 4259 1307 4342 Ingolstadii
1330 4259 1497 4322 decollati
1523 4262 1588 4342 qui

303 4371 439 4433 litteras
462 4370 676 4432 hortatorias
705 4369 889 4431 seditionis
925 4389 946 4432 a
969 4368 1129 4432 Rusticis
1154 4369 1189 4430 in
1213 4369 1318 4430 villas
1341 4367 1441 4430 ducis
1464 4375 1587 4447 porta-

304 4487 431 4540 verant
454 4479 584 4540 mulcta
606 4485 791 4538 reservata
814 4475 1005 4558 Episcopo.

395 4583 705 4666 Vigesimaquarta
716 4583 834 4645 Martii
849 4582 991 4646 Rustici
1001 4583 1035 4644 in
1050 4582 1185 4644 Rhetia
1202 4578 1514 4661 circaNorlingam
1531 4599 1589 4641 re·

304 4693 482 4753 bellarunt
499 4689 693 4752 Comitibus
709 4700 744 4752 et
760 4689 936 4752 Praelatis
950 4709 992 4752 ac
1008 4689 1208 4769 Nobilibus,
1223 4688 1286 4750 sed
1307 4685 1419 4750 caesis
1443 4685 1590 4748 rusticis

305 4818 421 4880 prope
438 4797 578 4860 Ulmam
599 4816 678 4859 cum
694 4795 744 4859 eis
760 4796 987 4859 nunciaretur
1001 4798 1177 4859 adventus
1190 4795 1286 4875 ligae
1301 4794 1347 4856 ad
1369 4792 1516 4875 propria
1531 4813 1591 4856 re·

307 4906 458 4986 dierunt,
483 4905 610 4987 quibus
635 4903 778 4967 nimium
802 4903 926 4967 confisi
950 4916 1031 4966 sunt
1057 4901 1334 4965 dominicorum
1365 4899 1591 4965 dimittentes
