3425 5700
678 581 924 636 0-<35418>·0

158 726 263 789 tensis
277 726 493 789 Clementiae
508 735 543 789 et
556 725 762 790 Sanctitatis
774 727 928 790 Vestrae
944 748 1049 791 aures
1069 729 1222 810 pulsare.
1256 729 1347 794 Nam
1360 751 1438 794 cum

158 834 186 897 is
197 836 360 917 pluribus
369 834 438 897 iarn
454 834 556 897 annis
568 834 708 897 fortiter
719 844 844 916 egeret
858 850 982 899 contra
994 837 1115 898 hostes
1131 835 1215 899 fidei
1226 838 1440 912 catholicae;

158 942 261 1004 nullis
278 962 419 1023 quoque
432 941 634 1022 pepercerit
645 941 838 1022 laboribus,
857 953 909 1005 tot
931 963 969 1005 se
992 944 1200 1025 exposuerit
1223 964 1289 1025 pro
1302 947 1439 1009 honore

159 1048 261 1111 Sedis
285 1048 518 1130 Apostolicae
543 1050 691 1111 tutando
716 1070 832 1111 rerum
857 1059 893 1111 et
907 1050 1003 1112 vitae
1019 1069 1103 1112 suae
1120 1050 1298 1132 periculiS,
1323 1072 1438 1135 neque

156 1156 191 1218 in
214 1157 309 1217 hunc
334 1154 428 1218 diem
453 1163 568 1217 cesset
592 1175 658 1236 pro
683 1164 807 1217 sancta
831 1155 992 1218 Ecclesia
1009 1157 1076 1218 Dei
1093 1158 1256 1238 militare,
1270 1157 1438 1241 indignis-

159 1264 284 1325 simum
310 1273 364 1325 est
381 1260 483 1325 Sedis
507 1262 740 1343 Apostolicae
765 1270 803 1323 ut
827 1282 848 1324 a
873 1283 1047 1344 quoquam
1072 1263 1258 1327 immodice
1287 1265 1322 1328 in
1347 1274 1439 1329 tran·

158 1371 334 1451 quillitate
359 1369 556 1431 studiorum
581 1388 723 1432 suorum
747 1372 991 1451 perturbetur,
1024 1369 1054 1432 si
1083 1372 1188 1433 modo
1219 1373 1292 1435 ulla
1319 1384 1440 1453 potest

159 1498 234 1540 esse
260 1476 514 1558 tranquillitaS,
546 1476 606 1538 ubi
640 1485 815 1558 perpetua
847 1496 969 1558 pugna
1000 1496 1079 1539 cum
1103 1479 1272 1541 hereticis
1297 1491 1332 1542 et
1355 1479 1440 1544 fidei

159 1596 301 1647 nostrae
336 1584 498 1645 hostibus
534 1580 808 1645 conflictandum
844 1595 909 1647 est.
970 1583 1192 1666 Conquestus
1229 1598 1347 1650 autem
1385 1598 1440 1651 est

158 1692 271 1771 nobis,
297 1693 473 1773 quomodo
510 1701 592 1771 post
626 1690 851 1771 impetratum
886 1690 1037 1753 iudicem
1069 1712 1090 1753 a
1121 1691 1157 1754 S.
1192 1693 1236 1755 V.
1267 1694 1302 1757 in
1333 1717 1440 1759 causa

158 1798 342 1880 pensionis
379 1797 561 1859 Ecclesiae
599 1797 832 1879 parrochialis
870 1796 1175 1880 Guntpurgensis,
1212 1803 1439 1865 adversarius

159 1926 241 1967 suus
267 1926 346 1967 eum
371 1906 554 1967 absentem
579 1906 660 1985 (quo
686 1905 717 1967 ei
743 1906 884 1967 sublata
915 1916 1010 1967 esset
1033 1904 1194 1968 defensio
1226 1917 1262 1969 et
1296 1908 1347 1970 sic
1380 1911 1438 1971 do-

158 2015 234 2075 lose
270 2011 480 2073 sententiam
505 2012 659 2091 aliquam
682 2011 716 2073 in
741 2010 860 2073 fictam
897 2013 1152 2075 contumaciam
1186 2018 1439 2098 extorqueret)

159 2120 260 2183 citari
285 2119 436 2185 iudicem
461 2120 580 2180 datum
606 2118 681 2180 sine
706 2138 814 2180 causa
837 2119 1008 2199 revocari,
1034 2129 1069 2181 et
1093 2140 1234 2183 causam
1255 2124 1302 2183 ad
1325 2132 1437 2185 rotam

160 2228 239 2291 Cur.
266 2228 372 2289 Rom.
398 2224 565 2288 committi
599 2225 786 2287 curaverit.
839 2224 919 2287 Non
953 2226 1154 2289 dubitamus
1184 2240 1303 2291 autem
1332 2228 1368 2293 S.
1395 2232 1438 2293 V.

158 2333 379 2398 intellexisse
404 2342 574 2413 quantum
599 2332 716 2394 damni
741 2332 909 2394 universa
932 2332 1098 2395 nobilitas
1130 2345 1165 2396 et
1196 2346 1292 2398 totus
1316 2336 1440 2401 Clerus

160 2464 203 2505 ex
229 2441 347 2505 heresi
369 2441 573 2503 Lutherana
597 2460 618 2501 a
642 2439 835 2501 rebellibus
860 2449 896 2501 et
919 2440 1102 2503 sediciosis
1126 2445 1318 2523 acceperit:
1344 2447 1439 2525 quod

158 2550 266 2611 iudex
293 2558 426 2629 quanto
451 2546 621 2625 vicinior,
645 2566 688 2609 eo
713 2548 845 2609 certius
869 2567 1065 2629 agnoscere
1089 2550 1230 2629 poterit,
1256 2563 1292 2612 et
1315 2552 1439 2613 iustius

160 2656 376 2738 expendere.
425 2654 529 2716 Unde
555 2653 590 2717 S.
616 2653 660 2715 V.
684 2673 750 2734 pro
776 2655 900 2715 eodem
925 2664 1047 2716 nostro
1079 2654 1176 2717 fideli
1200 2658 1439 2738 supplicamus

160 2774 333 2844 quatenus
358 2761 526 2843 dignetur
556 2760 774 2822 committere
804 2772 841 2821 ut
872 2760 980 2821 iudex
1010 2761 1108 2841 prius
1141 2782 1163 2823 a
1198 2761 1233 2827 S.
1264 2764 1303 2825 V.
1336 2768 1439 2828 datus

161 2873 276 2954 (quem
302 2870 379 2932 sine
405 2869 498 2930 omni
514 2867 712 2930 renovabili
728 2888 835 2929 causa
856 2868 1082 2930 adversarius
1104 2871 1246 2950 repulit)
1269 2871 1303 2934 in
1319 2875 1437 2953 cogni-

161 2978 255 3040 tione
273 2997 402 3038 causae
419 2977 600 3056 procedat,
617 2985 676 3036 aut
692 2973 728 3035 S.
748 2974 790 3036 V.
816 2974 921 3036 alicui
945 2977 1083 3055 prelato
1102 2977 1339 3058 Augustensis
1364 2981 1434 3041 dio·

162 3085 250 3147 cesis
286 3104 428 3145 causam
461 3085 506 3146 de
537 3103 630 3144 novo
662 3083 874 3159 committat,
901 3102 971 3162 quo
1004 3082 1165 3145 iusticiae
1189 3094 1225 3145 et
1248 3086 1437 3166 aequitatis

164 3201 311 3272 utraque
326 3211 411 3272 pars
435 3190 606 3270 suscipiat
622 3191 929 3272 complementum.
956 3189 1186 3251 Clementiam
1203 3200 1320 3253 tamen
1337 3193 1374 3255 S.
1393 3195 1436 3256 V.

163 3300 303 3361 deceret
337 3308 373 3360 et
403 3298 574 3358 honorem
598 3293 703 3356 Sedis
729 3295 961 3376 Apostolicae
985 3307 1151 3376 augeret,
1185 3298 1214 3358 si
1249 3299 1347 3362 litem
1377 3322 1436 3363 ex·

162 3405 354 3486 tinguendo
380 3402 580 3486 praefatum
605 3402 753 3464 Eckium
790 3401 825 3464 S.
853 3401 896 3464 V.
932 3413 968 3465 et
1000 3403 1084 3467 Sed.
1121 3404 1190 3485 Ap.
1227 3406 1436 3470 servitorem

161 3511 453 3575 officiosissimum
469 3512 515 3572 ab
531 3509 729 3571 huiusmodi
745 3510 914 3571 molestiis
931 3509 1110 3574 liberaret.
1144 3511 1436 3576 Commendamus

162 3640 223 3681 nos
247 3627 283 3682 et
307 3618 463 3680 dominia
493 3626 614 3679 nostra
647 3613 752 3678 S.-V.
782 3636 886 3696 quam
919 3617 1017 3678 Deus
1045 3636 1173 3698 regere
1204 3639 1244 3680 ac
1281 3620 1436 3701 dirigere

161 3727 325 3808 dignetur
349 3726 395 3787 ad
421 3723 575 3786 Sanctae
599 3723 782 3784 Ecclesiae
807 3721 901 3785 Suae
925 3723 1210 3804 prosperitatem.

247 3834 328 3894 Dat.
360 3832 394 3893 in
428 3829 562 3910 oppido
599 3840 719 3890 nostro
755 3828 947 3890 Monachio
978 3829 1274 3911 vicesimaquarta
1305 3833 1436 3895 mensis

161 3937 379 4021 Septembris
404 3939 511 3999 Anno
537 3935 669 3996 Salutis
694 3934 915 3997 Christianae
939 3935 1127 3998 Millesimo
1152 3937 1436 4018 quingentesimo

162 4046 324 4109 vicesimo
349 4045 483 4127 quinto.

246 4154 283 4218 E.
311 4151 517 4214 Sanctitatis
541 4150 693 4212 Vestrae
718 4158 753 4212 et
777 4147 879 4212 Sedis
904 4150 1134 4231 Apostolicae

866 4267 1057 4314 Devotissirnus
1074 4255 1264 4326 wlhelm,

704 4355 799 4403 Comes
818 4356 950 4418 palatinus
972 4356 1061 4403 Rheni
1080 4358 1228 4420 Superioris
1246 4365 1272 4404 et
1292 4359 1435 4417 Inferioris,

925 4445 1051 4493 Bavariae
1070 4448 1130 4494 Dux
1149 4453 1200 4498 etc.
