3425 5700
854 554 913 620 ⁶43
951 559 1003 619 294
1041 557 1100 619 a*

339 709 421 774 insti
445 730 540 795 appo
565 710 599 772 la
623 708 778 774 Cesarea
800 709 940 773 Maesta
964 712 1030 772 che
1054 708 1138 772 doni
1163 708 1287 772 ordine
1311 729 1333 771 a
1356 711 1405 772 tal
1429 729 1530 772 error
1556 710 1606 790 pil

338 828 462 901 presto
491 818 520 880 si
547 826 633 899 pote
665 828 700 881 et
727 838 815 899 pare
847 817 912 880 che
945 817 968 879 ’l
998 815 1199 897 Argentino
1232 817 1399 899 predetto
1429 816 1528 879 habii
1556 816 1607 898 pii

340 946 452 1009 paura
481 927 526 988 de
557 925 578 987 l'
606 925 818 1008 apparentia
851 927 896 987 de
929 933 1054 1005 questo
1084 924 1176 987 libro
1209 925 1276 987 che
1309 925 1355 987 de
1386 925 1483 987 nullo
1516 926 1608 1002 altro,

340 1053 449 1097 ancor
474 1034 539 1096 che
556 1033 655 1095 detto
672 1032 853 1114 Episcopo
871 1050 1011 1112 sempre
1028 1031 1063 1092 111
1080 1032 1115 1094 la
1130 1030 1259 1094 Diaeta
1275 1030 1317 1093 sii
1341 1040 1434 1094 stato
1459 1031 1608 1093 animoso

341 1151 377 1203 et
399 1143 494 1203 bono
519 1161 584 1222 per
607 1141 642 1202 la
659 1137 771 1202 Santa
791 1139 930 1202 Chiesa.
977 1135 1026 1200 Se
1047 1138 1114 1201 Dio
1138 1159 1194 1201 me
1218 1140 1369 1201 havesse
1388 1138 1477 1201 satta
1501 1139 1608 1221 gratia

341 1249 386 1311 de
409 1249 591 1329 hybernar
616 1257 740 1328 questo
766 1267 859 1310 anno
883 1245 919 1308 in
942 1248 978 1308 la
1001 1245 1219 1308 bibliotheca
1242 1245 1401 1327 palatina
1425 1267 1447 1308 a
1463 1267 1521 1308 me
1538 1265 1608 1308 con-

341 1375 459 1434 cessa,
494 1363 591 1416 certo
625 1353 812 1416 volentieri
853 1351 972 1414 harrei
1005 1351 1127 1415 scritto
1161 1358 1286 1413 contra
1320 1365 1446 1432 questo
1479 1352 1610 1414 ribaldo

342 1463 452 1535 libro;
485 1481 542 1523 ma
574 1459 705 1540 perche
741 1460 835 1522 vedo
869 1460 934 1521 che
965 1467 1069 1539 parte
1097 1478 1163 1540 per
1192 1458 1217 1520 11
1249 1458 1377 1521 camini
1408 1480 1429 1521 a
1458 1479 1516 1521 me
1549 1479 1610 1520 non

342 1568 470 1648 securi,
503 1577 606 1649 parte
636 1565 768 1648 perche
798 1586 863 1647 per
891 1566 1186 1628 comandamento
1211 1543 1264 1627 de*
1279 1564 1322 1628 N.
1347 1562 1373 1626 S
1398 1585 1419 1628 a
1443 1566 1489 1628 de
1516 1565 1558 1628 V.
1579 1563 1611 1627 S.

342 1677 438 1739 Rma
461 1675 495 1737 io
520 1676 566 1737 ho
591 1695 612 1736 a
635 1681 750 1736 restar
773 1672 809 1734 in
840 1681 965 1754 queste
998 1673 1117 1735 bande
1148 1672 1202 1734 sin
1234 1675 1299 1734 che
1330 1672 1413 1734 vedi
1444 1672 1494 1735 dil
1529 1681 1611 1734 tutto

344 1782 523 1864 extirpata
547 1791 671 1862 questa
703 1789 805 1859 setta,
839 1800 860 1841 o
892 1780 1032 1841 almeno
1065 1789 1164 1841 tanto
1198 1779 1265 1841 che
1296 1798 1366 1841 non
1394 1798 1434 1842 se
1463 1777 1613 1842 rechiedi

341 1889 403 1972 piir
427 1892 462 1951 la
485 1886 667 1970 presentia
689 1885 768 1966 mia,
793 1888 839 1949 ho
864 1887 985 1948 voluto
1009 1887 1156 1948 mandar
1180 1886 1279 1948 detto
1304 1885 1406 1966 libro,
1431 1885 1532 1949 aecib
1554 1887 1614 1948 che

341 1995 481 2059 interim
506 1995 655 2076 qualche
679 1992 792 2075 gentil
816 1992 962 2072 ingenio
987 1994 1032 2055 de
1057 1991 1166 2074 quelli
1188 1992 1278 2055 recti
1309 2002 1345 2054 et
1377 1993 1568 2056 orthodoxi
1588 1991 1615 2055 si

344 2102 493 2168 exerciti
509 2121 589 2164 cum
605 2099 664 2182 piu
682 2099 759 2162 ocio
776 2110 811 2162 et
828 2099 933 2180 copia
947 2100 992 2162 de
1008 2098 1090 2162 libri
1114 2098 1212 2161 costa
1235 2120 1258 2162 a
1280 2101 1480 2180 responder
1503 2100 1616 2163 avanti

343 2214 408 2275 che
425 2211 454 2274 si
468 2208 631 2291 imprime
646 2207 795 2290 qualche
812 2208 882 2268 mal
898 2214 1061 2268 concetto
1079 2205 1139 2267 alli
1163 2205 1254 2269 laici.
1301 2203 1408 2268 Certo
1432 2207 1498 2270 che
1522 2209 1616 2269 detto

342 2319 434 2380 libro
458 2318 506 2378 mi
528 2316 575 2377 ha
598 2314 689 2377 fatto
718 2314 819 2394 quasi
843 2323 958 2376 restar
982 2333 1052 2395 qua
1075 2311 1137 2394 piu
1160 2313 1227 2375 che
1251 2314 1342 2375 altro
1367 2333 1432 2394 per
1456 2333 1617 2377 occorrer

343 2426 409 2488 che
434 2422 549 2505 questi
573 2419 697 2504 populi
718 2441 787 2482 non
813 2420 842 2482 si
866 2419 997 2483 lassino
1022 2419 1108 2481 tirar
1131 2418 1167 2481 in
1192 2427 1318 2500 questa
1340 2419 1433 2483 falsa
1455 2421 1617 2503 opinione

344 2531 371 2594 il
394 2532 460 2595 che
484 2549 540 2593 me
574 2527 689 2590 sforzo
726 2527 783 2590 far
817 2547 885 2590 con
917 2526 992 2589 vivi
1024 2526 1240 2608 argomenti,
1277 2534 1313 2588 et
1348 2536 1482 2608 quanto
1517 2547 1619 2610 posso

344 2640 455 2702 veder
480 2645 515 2699 et
539 2635 648 2698 sentir
672 2654 743 2697 non
776 2654 883 2696 senza
915 2632 1137 2696 satisfatione
1155 2633 1213 2696 ‚de
1247 2630 1304 2696 chi
1333 2653 1379 2695 ne
1412 2634 1557 2714 dubita,
1587 2641 1621 2696 et

343 2744 528 2810 confusion
553 2745 598 2805 de
622 2739 825 2804 Lutherani.
874 2740 962 2804 Esso
986 2739 1078 2802 libro
1106 2759 1216 2802 ancor
1250 2740 1317 2802 che
1352 2741 1373 2802 l'
1390 2739 1489 2803 habii
1521 2741 1620 2803 titulo

344 2855 389 2916 de
413 2873 460 2916 un
486 2849 640 2933 quidam,
665 2860 699 2911 et
723 2848 817 2911 intus
841 2847 973 2930 quellui
997 2868 1036 2910 se
1059 2846 1192 2910 nomini
1217 2846 1364 2930 Boemo‚
1388 2847 1622 2912 tuttavoltae

345 2959 499 3042 openion
525 2959 570 3019 de
595 2956 695 3038 quasi
719 2956 799 3018 tutti
824 2958 890 3018 che
915 2954 957 3017 sii
981 2964 1165 3036 composto
1189 2953 1225 3017 in
1250 2964 1375 3035 queste
1406 2957 1546 3036 bande,
1579 2976 1623 3017 ne

344 3069 391 3130 ha
414 3066 435 3128 l'
454 3074 556 3127 autor
580 3072 678 3125 tanto
704 3072 831 3145 saputo
856 3060 1056 3124 dissimular
1080 3063 1113 3124 el
1137 3061 1218 3124 stilo
1241 3061 1307 3123 che
1332 3081 1400 3124 non
1425 3062 1455 3123 si
1474 3081 1622 3144 cognos-

345 3172 411 3252 chi,
437 3170 515 3234 anci
539 3170 670 3251 perche
694 3169 730 3232 in
756 3168 873 3233 alcuni
896 3168 992 3231 lochi
1015 3188 1148 3251 sparge
1172 3167 1319 3232 dictioni
1342 3172 1498 3233 barbare
1523 3190 1624 3233 como

346 3280 400 3342 dir
424 3279 458 3341 in
483 3276 695 3359 linguaggio
719 3296 828 3359 greco
837 3324 845 3356 ,
879 3284 915 3339 et
938 3278 1027 3338 altre
1051 3275 1182 3355 simile,
1214 3284 1314 3338 tanto
1348 3276 1408 3357 pid
1431 3276 1486 3339 ’1111
1510 3276 1530 3340 ὸ
1556 3296 1625 3339 sos-

346 3394 462 3469 petto,
494 3384 627 3466 perche
657 3384 716 3445 nel
743 3392 839 3446 resto
874 3383 932 3444 del
965 3382 1046 3445 stilo
1070 3401 1141 3444 non
1167 3382 1371 3446 demonstra
1395 3402 1495 3445 esser
1518 3384 1626 3447 homo

347 3494 413 3556 che
437 3512 507 3555 non
532 3490 649 3575 sappii
673 3490 727 3552 dir
751 3492 842 3553 altro
866 3492 933 3553 che
955 3487 1185 3573 lz'nguagr‘um.

437 3598 564 3679 Quello
589 3599 701 3660 amico
717 3598 762 3659 de
779 3595 836 3659 chi
852 3616 891 3659 se
906 3596 1059 3677 suspica,
1084 3596 1236 3658 essendo
1261 3594 1440 3658 dominica
1461 3595 1630 3676 proxime

348 3715 494 3791 passata
531 3724 631 3767 meco
671 3724 692 3765 a
724 3723 855 3785 pranso
888 3703 1035 3765 insieme
1066 3721 1145 3765 cum
1176 3722 1223 3765 un
1255 3702 1393 3783 grande
1421 3702 1629 3765 Lutherano

348 3814 533 3877 accadette
558 3811 624 3874 che
648 3810 677 3873 si
701 3812 802 3892 parlb
833 3810 869 3873 di
893 3820 1018 3893 questo
1043 3809 1134 3873 libro
1164 3810 1231 3873 che
1261 3809 1295 3872 io
1326 3809 1479 3891 mando,
1512 3818 1552 3871 et
1585 3808 1630 3870 di·

349 3921 461 3984 cendo
486 3919 520 3981 io
546 3920 610 3981 che
636 3928 810 3981 contenea
833 3921 942 3982 multe
965 3916 1102 4000 buggie
1133 3915 1456 4000 impudentissime,
1493 3917 1548 3979 lui
1582 3916 1631 3979 in·

349 4027 528 4091 fiammato
563 4045 663 4088 como
696 4045 743 4087 un
774 4025 856 4087 foco
881 4024 927 4087 mi
952 4024 1046 4087 disse
1071 4044 1149 4087 cum
1172 4023 1325 4105 impeto,
1356 4026 1422 4087 che
1454 4044 1501 4087 ne
1536 4043 1633 4087 mon·

350 4145 482 4198 strasse
496 4152 565 4195 una
580 4134 645 4195 che
658 4130 682 4193 li
695 4131 921 4213 piacerebbe.
954 4131 993 4193 Io
1009 4140 1107 4193 certo
1124 4140 1250 4212 aperto
1274 4130 1299 4193 il
1321 4130 1413 4194 libro
1438 4131 1564 4193 subito
1589 4150 1634 4193 ne

350 4239 520 4305 monstrai
545 4241 613 4302 doe
638 4237 903 4303 evidentissime
927 4247 963 4300 et
986 4237 1149 4320 probailo
1172 4258 1238 4319 per
1262 4237 1287 4300 li
1309 4237 1444 4320 proprii
1470 4238 1566 4301 detti
1591 4238 1635 4300 de

351 4346 424 4411 San
450 4348 561 4411 Paulo
586 4346 732 4427 allegati
755 4344 791 4409 in
816 4366 896 4408 esso
920 4346 1011 4408 libro
1036 4346 1080 4407 de
1105 4353 1201 4409 sorte
1226 4346 1293 4408 che
1321 4344 1438 4408 subito
1474 4346 1636 4409 deventb

350 4455 490 4538 gialdo‚
524 4454 591 4516 che
614 4473 725 4535 parea
748 4461 926 4515 venenato
951 4452 997 4513 da
1020 4452 1158 4533 grande
1182 4450 1386 4526 confusion;
1416 4472 1474 4514 ma
1498 4451 1637 4535 perche

351 4582 421 4626 non
446 4581 508 4624 era
531 4568 651 4642 tempo
681 4561 726 4623 de
758 4558 818 4641 piu
843 4560 1020 4641 proceder
1042 4558 1077 4621 io
1101 4557 1207 4622 messi
1230 4556 1279 4621 fin
1308 4579 1329 4621 a
1361 4558 1412 4621 tal
1447 4578 1536 4623 cosa
1573 4562 1638 4623 las·

352 4668 490 4734 sandoli
515 4668 581 4730 che
604 4667 721 4729 roder.

441 4776 518 4840 Hor
542 4773 673 4856 perche
696 4771 805 4836 incidi
827 4771 864 4834 in
888 4771 1102 4835 mentionem
1125 4771 1296 4852 hominis,
1331 4780 1367 4835 et
1398 4772 1539 4836 Vostra
1564 4772 1639 4855 Sig·

353 4884 456 4949 noria
478 4880 794 4946 Reverendissima
817 4901 883 4962 per
906 4900 977 4942 una
999 4901 1064 4944 soa
1086 4881 1133 4944 ali
1149 4878 1185 4942 di
1199 4878 1335 4962 passati
1350 4879 1397 4941 mi
1420 4881 1642 4946 commanda
