3425 5700
815 592 1043 650 &eoem

289 758 418 799 errare.
467 737 534 801 Hic
566 739 701 820 cogitet
739 740 993 803 illustrissimus
1018 742 1119 820 Dux,
1151 740 1218 802 iam
1249 748 1302 803 tot
1334 728 1501 820 saeculis,
1534 740 1566 802 in

288 844 415 926 quibus
439 856 510 907 tam
534 847 644 908 multa
668 856 703 909 et
727 848 818 910 adeo
844 848 1030 929 praeclara
1053 848 1198 930 ingenia
1222 846 1426 928 floruerunt,
1454 868 1568 929 neque

289 950 479 1015 defuerunt
508 953 626 1015 multis
660 954 766 1017 animi
799 956 844 1017 ad
878 955 1134 1038 insurgendum
1168 964 1293 1018 contra
1325 954 1567 1037 Apostolicam

289 1058 436 1138 Sedem,
476 1070 512 1121 et
544 1060 773 1143 rejiciendum
805 1062 927 1145 iugum
958 1062 1186 1126 obedientiae
1216 1062 1426 1144 spiritualis,
1466 1082 1567 1143 quam

289 1167 464 1230 Romanis
489 1168 720 1232 Pontificibus
751 1170 1017 1251 praestiterunt.
1065 1170 1208 1252 Cogitet
1239 1168 1408 1255 (inquam)
1434 1178 1469 1232 et
1491 1188 1566 1253 per-

289 1275 441 1355 pendat,
475 1295 519 1337 an
544 1275 589 1337 sit
614 1277 804 1340 verisimile
829 1298 952 1341 omnes
978 1297 1115 1339 errasse
1140 1284 1176 1339 et
1199 1285 1299 1339 tanto
1324 1285 1485 1357 tempore
1509 1276 1566 1337 Ec·

289 1382 433 1444 clesiam
458 1403 479 1444 a
502 1380 637 1465 Spiritu
661 1382 794 1447 Sancto
819 1383 930 1447 fuisse
954 1385 1168 1463 destitutam,
1194 1394 1230 1445 et
1252 1383 1443 1446 Martinum
1469 1384 1567 1445 duos-

289 1509 358 1569 que
383 1497 444 1551 aut
467 1498 539 1552 tres
564 1489 639 1552 eius
663 1491 856 1574 complices
880 1493 976 1554 solos
999 1500 1096 1553 recte
1116 1492 1258 1555 sentire.
1295 1490 1459 1572 Quinimo
1477 1491 1569 1553 dicat

289 1596 407 1677 potius
439 1598 512 1659 dux
543 1618 620 1660 cum
646 1598 760 1661 Beato
784 1598 965 1681 Cypriano
997 1618 1131 1680 paucos
1155 1598 1242 1661 istos
1266 1600 1312 1661 ab
1336 1598 1496 1661 Ecclesia
1520 1619 1567 1661 re·
1662 1640 1667 1655 .

290 1702 440 1766 cessisse
465 1714 500 1767 et
523 1703 652 1768 fecisse
675 1706 837 1786 schisma,
863 1727 933 1769 non
959 1717 1076 1768 autem
1102 1726 1166 1768 nos
1189 1708 1236 1767 ab
1254 1705 1338 1768 illis:
1372 1705 1417 1767 Et
1432 1712 1569 1787 repetat

291 1813 357 1873 sub
380 1811 464 1875 inde
487 1832 607 1875 secum
631 1812 718 1877 illud
743 1812 817 1875 divi
840 1812 1070 1895 Hieronymi:
1107 1812 1200 1894 Quid
1226 1812 1329 1876 nobis
1343 1833 1473 1875 novam
1490 1813 1567 1874 doc-

290 1916 418 1980 trinam
448 1919 577 1983 affers?
609 1931 692 1983 ante
725 1931 778 1984 tot
809 1921 953 1983 saecula
984 1923 1120 2002 absque
1150 1929 1211 1982 tua
1235 1919 1398 1983 doctrina
1422 1920 1570 1981 mundus

290 2024 356 2088 fuit
381 2025 615 2101 Christianus;
639 2028 736 2091 illam
760 2048 872 2091 senex
897 2030 1028 2091 tenebo
1053 2026 1175 2107 fidem,
1200 2028 1235 2089 in
1261 2047 1331 2109 qua
1356 2046 1446 2107 puer
1470 2035 1570 2087 natus

290 2153 376 2195 sum.
423 2132 626 2197 Meminerit
656 2135 762 2198 etiam
786 2136 880 2199 illius
903 2134 1084 2198 horribilis
1108 2134 1192 2197 dicti
1217 2133 1290 2196 divi
1315 2133 1427 2215 patris
1451 2132 1569 2214 Augu·

291 2240 373 2303 stini
397 2239 433 2303 in
459 2239 549 2304 libro
574 2242 619 2305 de
642 2240 713 2305 fide
738 2242 936 2306 Catholica:
961 2242 1160 2305 firmissime
1188 2250 1288 2321 tene,
1313 2249 1349 2303 et
1372 2241 1572 2303 nullatenus

292 2348 432 2410 dubites
464 2368 603 2411 omnem
636 2349 854 2412 haereticum
883 2352 941 2413 vol
974 2348 1234 2413 schismaticum
1266 2368 1344 2409 cum
1369 2348 1511 2411 diabolo
1537 2358 1572 2409 et

290 2455 429 2536 angelis
459 2456 535 2518 eius
566 2458 702 2519 aeterni
734 2456 826 2538 ignis
861 2457 1025 2520 incendio
1059 2455 1360 2538 participandum
1394 2454 1460 2516 nisi
1490 2466 1571 2517 ante

290 2562 396 2624 finem
427 2561 523 2625 vitae
547 2562 730 2627 Catholice
759 2564 867 2627 fuerit
890 2564 1138 2646 incorporatus
1163 2573 1198 2625 et
1222 2562 1485 2644 redintegratus
1509 2560 1571 2623 Ec-

291 2670 431 2733 clesiae.
479 2670 524 2733 Et
554 2670 589 2733 in
615 2672 740 2734 eodem
772 2672 886 2734 libro:
934 2670 1038 2735 Omni
1062 2670 1195 2733 homini
1220 2670 1280 2750 qui
1303 2668 1485 2732 Ecclesiae
1510 2668 1572 2731 Ca·

291 2778 446 2841 tholicae
471 2798 542 2840 non
567 2787 666 2841 tenet
683 2778 865 2858 unitatem,
890 2798 1007 2860 neque
1022 2778 1219 2860 baptismus
1236 2798 1351 2859 neque
1369 2778 1574 2860 elemosyna

292 2886 472 2967 quaelibet
499 2886 655 2968 copiosa,
691 2907 807 2969 neque
839 2907 934 2949 mors
970 2907 1035 2968 pro
1071 2886 1213 2948 nomine
1246 2885 1374 2948 Christi
1408 2894 1574 2966 suscepta

293 2992 468 3075 proficere
491 2993 624 3074 poterit
647 2995 694 3056 ad
718 2995 877 3057 salutem.
925 2994 993 3055 Hic
1021 2993 1224 3055 consideret
1247 2994 1347 3073 Dux,
1380 3012 1426 3054 an
1458 3011 1573 3073 neque

292 3121 401 3181 nunc,
436 3121 552 3183 neque
576 3102 647 3164 iam
670 3101 765 3164 mille
789 3101 891 3165 annis
915 3100 1076 3164 Ecclesia
1101 3099 1286 3164 Catholica
1309 3098 1473 3163 fueritin
1499 3107 1572 3162 toto

292 3212 395 3290 orbe,
421 3221 457 3270 et
481 3230 534 3288 ea,
559 3209 760 3271 novissimis
783 3209 1005 3290 temporibus
1028 3208 1064 3270 in
1090 3210 1166 3270 solo
1190 3207 1345 3270 Martino
1370 3206 1415 3270 sit
1439 3217 1571 3270 renata.

292 3317 324 3380 Ο
349 3317 496 3379 miseros
519 3316 628 3398 igitur
651 3337 717 3379 nos
740 3317 840 3396 alios,
873 3316 1020 3379 miseros
1044 3327 1165 3402 patres
1189 3325 1225 3377 et
1249 3315 1399 3397 majores
1423 3323 1570 3392 nostros,

293 3425 440 3486 miseros
463 3423 618 3505 denique
643 3443 782 3504 omnes,
815 3424 876 3505 qui
900 3433 982 3505 post
1005 3422 1221 3504 quingentos
1245 3443 1357 3484 annos
1381 3422 1455 3483 nati
1479 3430 1570 3484 sunt:

291 3531 319 3593 si
344 3532 441 3594 nulla
463 3531 605 3593 interim
629 3529 813 3594 Catholica
838 3530 1000 3594 Ecclesia
1032 3529 1110 3603 fuit;
1144 3529 1228 3611 quin
1262 3529 1380 3610 potius
1415 3527 1569 3590 dicamus

292 3638 401 3701 fuisse
426 3659 567 3720 semper
586 3639 792 3702 Ecclesiam.
833 3639 992 3702 Christus
1017 3637 1110 3700 enim
1135 3634 1259 3717 oravit,
1285 3657 1330 3699 ne
1355 3655 1398 3699 ea
1421 3655 1570 3717 unquam

294 3745 476 3808 deficeret:
508 3745 572 3808 sed
604 3745 673 3808 iam
703 3746 893 3808 advenisse
924 3744 1134 3808 novissimos
1162 3743 1239 3807 dies
1262 3744 1298 3806 in
1323 3743 1451 3825 quibus
1475 3763 1570 3825 prae-

294 3853 424 3915 dictum
456 3862 510 3914 est
536 3863 740 3935 venturum,
774 3874 844 3916 non
869 3853 929 3934 qui
955 3873 1033 3916 eam
1058 3852 1215 3933 corrigat
1239 3851 1345 3932 (quod
1370 3849 1570 3928 Lutherani,

294 3958 436 4023 Martini
470 3980 581 4042 opera
611 3970 646 4023 et
676 3960 802 4042 spiritu
833 3960 917 4023 novi
942 3960 1102 4023 Danielis
1127 3957 1336 4040 praedicant
1360 3953 1570 4020 facienduml

294 4069 357 4130 sed
382 4067 441 4150 qui
466 4088 544 4131 eam
568 4068 613 4130 ad
638 4068 779 4149 aliquod
805 4077 945 4150 tempus
965 4067 1111 4146 dividat,
1136 4075 1172 4129 et
1189 4068 1385 4134 subvertat:
1412 4063 1569 4128 antichri-

294 4185 368 4236 stus
391 4174 522 4255 utique,
548 4175 607 4256 qui
631 4177 748 4238 nullus
772 4176 862 4238 alius
886 4175 1026 4238 videtur
1051 4175 1139 4254 fore,
1165 4195 1270 4255 quam
1294 4172 1477 4235 Martinus

383 4282 464 4345 Non
489 4302 636 4345 necesse
660 4292 714 4345 est
738 4302 877 4345 errores
902 4283 1004 4345 huius
1028 4281 1179 4344 hominis
1210 4299 1482 4358 connumerare,
1515 4277 1568 4359 qui

294 4393 404 4454 multo
434 4388 575 4471 plurimi
604 4398 640 4452 et
669 4389 810 4452 maximi
843 4399 937 4453 sunt:
973 4390 1164 4469 dicantque
1196 4388 1366 4452 Oratores
1397 4407 1466 4448 non
1498 4403 1569 4449 eam

295 4501 343 4560 ob
373 4518 516 4559 causam
544 4519 582 4559 se
606 4497 706 4577 illuc,
740 4519 761 4559 a
793 4497 924 4561 Cesare
959 4497 1100 4575 missOS,
1134 4505 1172 4558 ut
1196 4493 1341 4557 Lutheri
1370 4506 1487 4556 errata
1516 4490 1568 4552 vel

296 4614 542 4688 percenseant,
567 4607 625 4667 vel
649 4605 847 4668 confutent:
882 4624 989 4687 quum
1013 4605 1119 4667 etiam
1145 4603 1253 4664 libros
1277 4601 1397 4683 ipsius,
1424 4623 1455 4681 a,
1480 4597 1568 4662 Sede

297 4713 508 4795 Apostolica
532 4715 717 4776 damnatos
741 4714 865 4794 legere
888 4719 949 4773 aut
973 4723 1122 4793 tangere
1147 4709 1249 4772 nefas
1266 4708 1320 4770 sit.
1358 4705 1431 4770 Sed
1446 4705 1569 4770 iudicet

297 4820 556 4882 illustrissimus
579 4820 664 4881 Dux
688 4821 793 4901 quale
817 4819 862 4882 sit
885 4818 982 4899 illud,
1008 4817 1244 4881 combussisse
1270 4815 1415 4878 decreta
1432 4815 1567 4876 Petrum

297 4938 334 4992 et
357 4939 410 4990 tot
432 4937 635 4990 sanctorum
652 4927 762 4990 libros
778 4937 831 4990 tot
847 4926 997 4990 saeculis
1013 4927 1244 5007 approbatos,
1268 4923 1455 4986 damnasse
1470 4917 1566 4984 etiam
