3425 5700
783 544 842 603 ΜΒ
880 548 933 602 446
972 548 1030 600 ΕΗ

270 695 487 776 Deferuntur
510 693 652 775 quidem
677 696 721 756 ad
747 715 812 756 nos
846 694 996 775 primurn
1030 713 1075 755 ex
1110 691 1204 754 omni
1235 701 1338 775 parte
1372 690 1546 772 querelae,

270 823 336 864 nec
366 803 551 883 quicquam
584 801 654 863 iam
690 801 849 863 crebrius
890 820 994 862 aures
1033 808 1177 862 nostrae
1212 796 1415 881 percipiunt
1444 815 1547 878 quarn

269 909 481 990 oppidorum
506 906 775 970 christianorum
800 907 1029 988 direptiones,
1054 905 1234 968 hominum
1258 905 1431 988 praedas,
1456 901 1546 966 exci-

270 1017 329 1079 dia
353 1035 537 1097 agrorum:
562 1034 640 1076 curn
665 1014 822 1095 quotidie
849 1013 925 1077 fere
941 1013 1148 1076 miserorum
1172 1012 1381 1093 sanguinem
1406 1009 1547 1088 effundi,

269 1123 365 1186 viros
389 1133 424 1184 et
447 1122 606 1203 virgines
630 1122 665 1184 in
690 1122 906 1185 teterrimam
934 1119 1140 1183 servitutem
1166 1119 1341 1194 abstrahi;
1375 1121 1482 1182 urbes
1514 1125 1548 1180 et

182 1228 189 1240 '
270 1230 403 1311 oppida
419 1229 506 1309 ¹capi
531 1229 725 1290 audiamus.
773 1225 845 1290 Sed
871 1227 906 1289 in
930 1227 985 1289 bis
1010 1227 1110 1290 malis
1135 1227 1222 1289 illud
1246 1228 1354 1308 longe
1385 1224 1548 1307 gravissi·

269 1357 362 1398 mum
386 1336 514 1397 malum
539 1344 603 1412 est,
628 1336 723 1416 quod
747 1333 808 1415 qui
832 1334 991 1417 periculo
1021 1333 1174 1415 proximi
1199 1341 1297 1410 sunt,
1322 1352 1470 1416 quorum
1496 1341 1549 1395 est

269 1444 466 1525 periculum
491 1462 569 1504 cum
595 1457 716 1504 nostro
741 1441 982 1504 coniunctum:
1021 1440 1045 1502 ii
1074 1450 1241 1522 tanquam
1275 1441 1396 1504 laetali
1426 1459 1549 1502 somno

270 1550 443 1632 oppressi,
468 1551 599 1610 nullam
624 1548 791 1611 videntur
813 1549 944 1611 ducere
968 1547 1020 1610 sui
1040 1547 1231 1629 propinqui
1248 1547 1349 1611 exitii
1366 1547 1549 1611 rationem.

273 1659 392 1738 Atque
417 1656 484 1717 hoc
510 1656 637 1718 malurn
665 1663 852 1717 externum
876 1665 946 1727 est;
977 1654 1061 1737 quid
1085 1654 1174 1717 illud
1197 1653 1400 1718 intestinum
1424 1674 1466 1717 ac
1491 1655 1550 1716 do·

270 1762 469 1842 mesticum,
502 1782 571 1842 quo
603 1762 736 1824 nullum
760 1761 872 1825 maius
896 1781 1012 1844 neque
1040 1760 1273 1843 perniciosius
1300 1763 1373 1825 ulla
1396 1781 1551 1844 unquam

269 1870 411 1951 aspexit
435 1871 555 1932 aetas?
587 1870 681 1950 quod
712 1879 773 1931 tua
805 1866 998 1932 Germania
1026 1867 1134 1931 tantis
1162 1867 1231 1930 iam
1257 1869 1416 1932 cladibus
1440 1879 1475 1931 et
1499 1889 1551 1932 se·

271 1970 464 2039 ditionibus
486 1975 646 2037 involuta
671 1985 734 2056 est,
768 1985 806 2037 ut
830 1995 934 2038 nemo
959 1975 994 2037 in
1020 1996 1063 2038 ea
1086 1975 1156 2036 iam
1180 1974 1227 2036 sit
1251 1975 1310 2056 qui
1334 1977 1465 2039 habeat
1489 1995 1550 2038 ex-

271 2087 444 2166 ploratam
460 2082 634 2146 rationem
658 2102 728 2144 non
746 2084 860 2145 solum
877 2081 1072 2164 dignitatis,
1097 2081 1282 2145 sedetiam
1300 2083 1423 2146 salutis
1446 2103 1550 2156 suae;

270 2190 446 2253 increbuit
470 2189 563 2252 enim
586 2189 621 2251 in
647 2188 773 2252 animis
796 2188 1038 2271 imperitarum
1062 2189 1220 2270 plebium
1245 2189 1343 2252 furor
1375 2188 1552 2252 immissus

270 2297 338 2360 illis
376 2320 394 2359 a
431 2296 498 2359 Dei
532 2297 636 2359 hoste
660 2306 697 2359 et
724 2295 800 2359 eius
832 2296 945 2360 hostis
980 2297 1148 2360 ministris
1178 2282 1371 2378 impiarum‘
1386 2298 1553 2360 heresum

271 2404 491 2478 auctoribus;
535 2424 601 2485 per
644 2425 748 2484 quem
795 2404 1099 2468 coniurationibus
1140 2401 1286 2467 nefariis
1327 2404 1554 2486 popularium

271 2512 384 2575 omnis
408 2511 576 2574 nobilitas
612 2521 647 2574 et
680 2511 793 2574 omnis
824 2513 912 2574 ordo
949 2511 1210 2575 ecclesiasticus
1247 2511 1282 2574 in
1322 2511 1467 2574 exitium
1491 2531 1553 2575 vo·

270 2628 388 2690 catur3
427 2618 487 2700 qui
524 2618 623 2681 furor
662 2638 828 2701 quorsum
865 2619 1064 2701 irrupturos
1099 2618 1144 2681 sit
1179 2618 1339 2700 graviter
1370 2617 1555 2699 pertimes-

271 2727 422 2789 cendum
463 2736 535 2807 est,
572 2745 643 2788 non
679 2724 771 2787 enim
805 2725 981 2788 cernimus
1018 2725 1123 2788 finem
1161 2745 1224 2788 nec
1264 2726 1416 2787 modum.
1478 2721 1558 2786 Sed

270 2854 335 2916 per
374 2833 490 2897 Deum
526 2831 773 2911 immortalem,
809 2830 839 2893 si
879 2832 987 2895 tantis
1028 2831 1287 2895 calamitatibus
1324 2830 1479 2895 afflictae
1519 2840 1558 2893 et

270 2940 433 3023 perditae
457 2939 671 3002 christianae
697 2938 914 3020 reipublicae
938 2940 1045 3001 celeri
1073 2938 1173 3020 pacis
1197 2939 1353 3001 remedio
1377 2959 1447 3001 non
1472 2941 1558 3000 sub·

269 3046 451 3127 veniatur,
487 3046 570 3127 quid
605 3047 748 3108 tandem
785 3046 862 3126 spei
894 3055 954 3108 aut
983 3046 1105 3108 salutis
1137 3044 1310 3125 reliquum
1341 3045 1444 3107 nobis
1472 3066 1558 3108 esse

270 3157 412 3236 potest?
437 3152 515 3234 quis
540 3172 626 3216 vero
651 3152 740 3214 alius
764 3158 865 3233 pacis
890 3164 925 3215 et
949 3152 1071 3215 auxilii
1094 3162 1239 3233 praeter
1261 3161 1296 3213 te
1320 3151 1471 3215 idoneus
1501 3152 1556 3215 fu-

269 3270 368 3323 turus
409 3270 463 3323 est
504 3269 629 3323 auctor
663 3260 723 3339 qui
759 3259 915 3323 eiusdem
955 3260 1022 3322 Dei
1063 3256 1326 3339 Omnipotentis
1365 3258 1558 3339 beneficio,

270 3367 378 3430 tantis
409 3387 429 3429 e
463 3367 566 3429 coelo
606 3366 810 3429 muneribus
841 3387 879 3429 es
911 3366 1119 3447 illustratus,
1155 3376 1193 3428 ut
1229 3365 1335 3429 facile
1368 3380 1560 3451 appareat,

271 3471 490 3554 quaesivisse
515 3472 583 3535 sibi
607 3474 722 3535 Deum
747 3474 940 3537 secundum
965 3494 1026 3536 cor
1051 3494 1150 3535 suum
1175 3473 1318 3554 Regem
1349 3494 1454 3537 unum
1477 3485 1559 3537 tan·

271 3600 376 3661 quarn
403 3581 551 3642 alterum
575 3579 752 3643 Davidem
776 3580 834 3661 qui
858 3580 927 3643 Dei
952 3583 1075 3644 hostes
1100 3589 1278 3655 conterat;
1307 3582 1448 3663 populis
1468 3580 1558 3645 fide·

271 3687 363 3749 libus
387 3695 530 3768 parcat:
565 3685 672 3748 Cuius
695 3695 733 3749 tu
757 3686 825 3749 Dei
850 3696 886 3750 et
914 3697 1063 3770 propter
1088 3688 1253 3751 virtutem
1277 3709 1319 3751 ac
1344 3687 1561 3771 religionem

273 3794 488 3875 amplissima
511 3792 687 3856 beneficia
720 3793 898 3873 meruisti,
931 3804 966 3857 et
1002 3794 1077 3858 eius
1111 3795 1370 3858 beneficentiae
1405 3805 1563 3877 propter

271 3902 443 3983 pietatem
466 3912 592 3983 gratus
616 3921 694 3963 esse
719 3902 790 3982 vis,
815 3903 862 3964 ad
885 3903 1056 3984 pacisque
1080 3901 1227 3966 consilia
1250 3902 1398 3983 aspiras,
1423 3922 1465 3965 ac
1485 3923 1563 3984 pro

272 4018 332 4070 tua
356 4006 528 4088 singulari
552 4006 727 4088 sapientia
761 4006 895 4089 optime
929 4009 1045 4073 cernis
1074 4009 1233 4073 remedia
1266 4020 1302 4072 et
1334 4008 1467 4072 auxilia
1502 4022 1564 4073 tot

271 4114 481 4196 perniciosis
505 4113 773 4178 christianitatis
789 4114 951 4180 cladibus
967 4116 1223 4198 quamprimum
1245 4136 1323 4179 esse
1340 4116 1563 4181 necessaria.

273 4220 347 4284 Sed
382 4233 421 4283 ut
454 4221 629 4284 voluntati
663 4230 745 4284 tuae
781 4222 880 4285 locus
912 4224 974 4305 sit,
1012 4232 1050 4286 ut
1088 4224 1182 4306 quod
1217 4222 1481 4305 religiosissime
1525 4234 1566 4287 et

272 4327 562 4392 christianissime
599 4328 809 4410 designasti,
844 4350 955 4412 opere
993 4339 1029 4393 et
1062 4329 1158 4394 facto
1189 4331 1386 4412 compleas;
1419 4328 1566 4395 idcirco

272 4436 361 4497 haec
387 4444 441 4497 est
464 4456 486 4497 a
509 4435 613 4498 nobis
628 4445 745 4500 tecum
758 4447 926 4519 suscepta
941 4436 1160 4509 adhortatio;
1176 4434 1385 4500 confidimus
1399 4438 1566 4503 maxime

273 4541 424 4605 bonitati
447 4552 549 4606 tuae:
574 4543 766 4605 deferimus
790 4543 932 4625 virtuti,
958 4542 1182 4626 prudentiam
1199 4563 1340 4626 quoque
1364 4552 1400 4608 et
1418 4546 1566 4627 magni·

272 4648 431 4711 tudinem
460 4648 568 4711 animi
601 4649 860 4731 cognoscimus
917 4650 989 4714 Sed
1021 4650 1051 4713 si
1080 4650 1206 4713 honori
1238 4660 1274 4715 et
1301 4651 1437 4733 gloriae
1469 4660 1568 4720 tuae

274 4754 494 4820 satisfactum
519 4777 541 4819 a
564 4756 643 4819 Deo
668 4767 732 4837 est,
757 4756 786 4820 si
811 4778 903 4839 quae
927 4757 1066 4841 pristini
1099 4757 1186 4821 belli
1217 4768 1252 4821 et
1287 4759 1569 4826 controversiae

274 4882 382 4926 causa
404 4861 482 4944 fuit,
507 4882 551 4925 ea
574 4871 628 4925 est
652 4874 687 4925 et
711 4872 771 4926 tua
801 4863 932 4947 insigni
964 4864 1133 4947 victoria,
1165 4874 1200 4927 et
1231 4864 1388 4947 ipsorum
1417 4865 1569 4934 confes-
