3425 5700
654 553 883 612 ΜῊΗῊ

138 713 259 767 venuta
283 704 331 766 dil
358 723 422 766 suo
446 703 653 766 Mahumeth
679 712 715 764 et
739 700 799 782 gia
813 700 954 782 'passim
980 700 1165 782 divulgant
1189 700 1255 761 che
1279 697 1328 761 lui
1351 679 1408 760 've-

139 810 206 874 nira
230 819 265 874 et
289 813 356 874 che
379 808 458 872 fara
481 808 701 890 meraviglie.
740 809 863 880 Rev¹3⁰
888 807 1021 870 Patron
1045 805 1130 886 mio,
1155 827 1194 869 se
1219 826 1289 869 non
1312 805 1409 867 fusse

139 917 306 981 destinato
331 917 377 980 ad
401 918 451 979 tal
474 916 630 997 impresa
654 918 700 977 da
723 915 766 978 N.
792 912 831 978 8¹·
866 925 901 976 et
925 915 990 977 che
1016 934 1087 976 non
1111 913 1140 975 si
1163 911 1302 976 facesse
1332 932 1409 994 pre-

139 1024 253 1087 iuditio
277 1044 317 1087 se
342 1045 413 1087 non
437 1025 472 1086 al
496 1043 600 1088 nome
624 1023 704 1102 mio,
729 1042 794 1103 per
809 1021 879 1084 Dio
904 1041 975 1084 non
1000 1019 1217 1083 desiderarei
1232 1020 1324 1082 altro
1344 1020 1409 1082 che

140 1131 383 1195 raccontrarmi
408 1151 475 1194 con
500 1141 625 1213 questo
650 1127 780 1200 Setan;
811 1129 836 1191 il
865 1130 931 1192 che
962 1149 1001 1191 se
1025 1149 1095 1190 non
1118 1128 1223 1210 potrd
1247 1125 1410 1189 obtenire

140 1259 259 1320 coram,
284 1239 428 1302 subbito
453 1237 622 1319 expedito
649 1240 694 1300 de
717 1237 787 1300 mia
819 1236 973 1318 impresa
996 1255 1102 1316 spero
1127 1235 1312 1297 mostrarlo
1342 1253 1409 1295 con

140 1347 252 1426 scritti,
279 1355 314 1408 et
330 1367 400 1408 non
422 1335 583 1427 allegari>
608 1344 715 1425 quelli
741 1345 806 1408 che
831 1343 879 1406 lui
902 1343 1029 1420 refuta!
1055 1344 1145 1405 adeo
1169 1341 1275 1404 video
1300 1341 1409 1404 multa

139 1452 168 1514 io
190 1462 315 1535 questa
339 1453 460 1515 ultima
476 1473 586 1534 opera
611 1454 703 1514 dove
728 1461 763 1514 et
787 1451 835 1513 lui
860 1462 896 1513 et
911 1449 988 1513 suoi
1012 1448 1157 1532 seguaci
1177 1451 1296 1511 hanno
1318 1445 1408 1509 fatto

140 1561 215 1642 ogni
239 1582 302 1624 suo
327 1557 446 1623 studio
470 1558 615 1641 podersi
639 1579 861 1639 convenzer,
893 1559 956 1621 sed
988 1567 1026 1620 ut
1050 1556 1124 1619 dixi
1154 1577 1225 1620 non
1248 1559 1410 1637 besogna

140 1677 256 1730 metter
280 1668 316 1730 in
343 1667 588 1731 controversia
611 1665 804 1729 l’auttorita
827 1666 886 1728 del
911 1663 976 1738 8⁰3⁰
1001 1675 1036 1726 et
1060 1674 1133 1727 star
1165 1682 1186 1725 a
1219 1661 1348 1725 iudicio
1373 1661 1409 1723 di

141 1772 221 1854 laici,
244 1775 290 1836 de
315 1775 410 1855 quali
434 1795 522 1837 sono
548 1773 645 1836 molti
670 1771 730 1854 gia
753 1771 882 1835 infetti.
930 1772 1124 1835 Praeterea
1155 1789 1255 1834 come
1286 1779 1322 1832 et
1353 1789 1408 1832 co-

139 1900 203 1942 ram
228 1882 356 1962 quibus
379 1880 557 1944 indicibus
580 1900 618 1944 se
635 1882 795 1942 harebbe
819 1900 840 1942 a
861 1878 1021 1960 disputat
1038 1881 1173 1959 absque
1198 1876 1408 1954 auctoritate

140 1985 335 2052 Pontificis?
369 1998 403 2050 et
434 1987 482 2050 lui
505 1987 540 2049 in
575 2007 648 2050 sua.
662 1985 921 2068 protestatione
945 1993 1087 2049 recusat
1114 1983 1251 2066 judices
1273 1985 1406 2046 theolo-

140 2113 208 2174 gos,
231 2094 477 2176 philosophos
501 2095 586 2157 iuris
610 2095 791 2175 utriusque
815 2095 1008 2173 consultos,
1032 2103 1200 2174 tanquam
1224 2092 1324 2154 nauci
1348 2093 1408 2156 ho·

139 2200 242 2264 mines
264 2211 301 2265 et
325 2201 495 2284 precipue
520 2211 716 2284 suspectos.

220 2306 292 2370 Sed
316 2317 355 2372 ut
379 2311 523 2374 redeam
548 2310 594 2371 ad
618 2309 745 2372 seriem
769 2309 820 2372 rei
845 2309 879 2371 el
910 2307 1112 2371 cancellieri
1148 2307 1242 2370 disse
1276 2307 1342 2369 che
1371 2325 1409 2366 se

138 2414 278 2478 mettere
302 2419 376 2480 bon
401 2417 535 2479 ordine.
577 2416 643 2479 Poi
658 2415 801 2499 pransai
826 2435 894 2478 con
918 2434 1029 2477 mons.
1054 2416 1098 2476 de
1119 2412 1289 2477 Chievres
1313 2413 1408 2494 apud

139 2522 337 2604 episcopum
361 2523 531 2587 Leodien.
555 2524 616 2587 ubi
642 2523 791 2587 aderant
814 2522 913 2585 multi
937 2520 1126 2608 iprincipes
1159 2529 1194 2583 et
1222 2519 1407 2605 presertim

140 2629 369 2693 nobilissimus
393 2629 454 2692 ille
471 2631 554 2694 Dux
570 2629 772 2693 Fridericus
795 2630 908 2693 frater
932 2628 1077 2692 Comitis
1101 2627 1272 2707 Palatini,
1296 2637 1331 2690 et
1359 2626 1406 2689 in-

138 2745 187 2798 ter
209 2739 456 2818 prandendum
482 2747 518 2800 et
541 2747 622 2818 post
647 2736 845 2820 depositam
870 2757 1027 2799 mensam
1058 2735 1097 2796 fu
1128 2736 1237 2798 molto
1262 2743 1408 2796 trattato

138 2841 170 2905 di
191 2854 315 2925 questa
338 2864 434 2923 cosa,
460 2855 495 2907 et
519 2865 625 2926 spero
650 2846 716 2908 che
741 2855 832 2907 tutto
857 2843 886 2906 si
909 2842 1054 2925 porterit
1079 2843 1167 2921 ben,
1192 2843 1249 2905 del
1274 2844 1407 2905 chene

138 2950 217 3014 daro
241 2952 365 3015 adviso
390 2972 411 3015 a
436 2952 479 3015 V.
508 2950 541 3015 S.
567 2951 688 3025 Rexit}t
712 2952 868 3015 secundo
894 2952 926 3013 el
951 2969 1116 3013 successo
1137 2950 1197 3012 del
1221 2959 1341 3033 tempo
1372 2961 1409 3011 et

139 3058 224 3120 delle
249 3078 340 3122 cose.
389 3058 440 3121 Le
465 3058 521 3121 cui
545 3079 646 3123 sacre
671 3059 765 3122 mani
788 3061 888 3121 baso,

219 3180 441 3249 Wormatiae
465 3183 523 3247 die
550 3232 557 3247 .
583 3230 591 3248 .
617 3232 624 3247 .

662 3362 812 3376 νιΛΑΟΝὴ-ιρνν
817 3363 853 3374 va

746 3593 786 3655 12

507 3701 685 3781 Aleondor
713 3699 1025 3781 Vioooanoellerio.

485 3829 657 3901 munerat.
677 3828 831 3889 dorm
849 3828 882 3888 11.
901 3828 1054 3902 tortor.)

556 3933 676 3991 (Circiter
698 3945 737 3995 14.
757 3934 866 3997 Januar.
891 3932 975 3996 1428.r

220 4037 261 4099 In
284 4040 303 4101 l'
317 4041 409 4103 altra
433 4039 502 4102 mio
527 4042 573 4102 ho
599 4038 720 4102 scritto
745 4040 791 4101 de
814 4042 938 4120 rebus,
973 4039 1008 4102 in
1033 4050 1159 4121 questa
1182 4040 1338 4104 scrivere
1363 4043 1408 4103 de

139 4145 300 4221 personis.

220 4250 350 4317 Caesar
373 4254 420 4315 ha
444 4252 468 4315 il
493 4252 643 4335 meglior
667 4253 794 4333 animo,
820 4254 887 4315 che
911 4254 1016 4317 homo
1040 4274 1206 4316 nascesse
1230 4254 1290 4337 gia
1313 4255 1408 4323 mille

139 4356 224 4436 anni,
248 4368 340 4423 etse
365 4359 412 4422 lui
438 4380 508 4424 non
532 4359 628 4423 fusse
653 4361 735 4441 tale,
760 4368 858 4423 certo
883 4361 917 4422 le
941 4381 1023 4425 cose
1048 4372 1168 4424 nostre
1193 4381 1257 4443 per
1279 4360 1409 4443 privati

139 4460 242 4527 affetti
267 4469 459 4531 sarebbero
485 4469 593 4530 molto
619 4466 792 4531 intricate.

220 4571 260 4633 El
278 4572 468 4636 Confessor
493 4594 558 4657 per
582 4577 615 4636 le
639 4575 834 4656 gentilezze
859 4577 925 4639 che
949 4576 973 4638 li
998 4576 1061 4639 usd
1077 4575 1119 4639 N.
1138 4576 1190 4639 S‘0
1217 4552 1271 4639 est
1292 4576 1408 4639 factus

141 4678 239 4741 multo
264 4680 408 4761 aequior
431 4681 501 4745 alle
524 4700 608 4743 cose
633 4680 669 4742 di
691 4682 810 4745 Roma
834 4683 900 4745 che
925 4683 949 4746 il
974 4702 1176 4765 eognoscea
1196 4703 1262 4767 per
1277 4681 1408 4762 avanti,

142 4784 220 4861 peri>
242 4785 281 4848 fa
303 4789 421 4853 buono
446 4786 577 4869 officio,
603 4797 638 4850 et
662 4790 733 4851 ben
757 4787 786 4851 si
810 4790 903 4853 vede
927 4792 993 4853 che
1017 4790 1038 4852 ὸ
1060 4793 1180 4853 buono
1197 4811 1337 4874 sempre
1353 4790 1408 4855 far

141 4889 203 4952 ben
225 4894 272 4954 ad
296 4894 383 4958 altri.
