3425 5700
749 558 996 621 0-43524ΕἨ

234 728 336 789 quem
362 707 490 789 collegi
514 719 550 769 et
574 714 733 770 sustento
759 706 794 769 in
818 708 911 769 hanc
936 724 1047 787 usque
1070 707 1195 768 horam
1211 704 1431 787 gravissimis
1453 706 1520 767 im-

232 814 353 895 pensis
363 862 370 893 ,
396 812 468 877 gum
493 814 564 874 V²¹¹¹
599 816 772 895 deprecor
804 822 839 875 et
871 815 1019 875 obsecro
1052 824 1092 875 ut
1125 812 1267 893 quando
1297 832 1403 893 super
1430 812 1519 873 assi-

232 920 350 1003 gnatis
373 921 442 984 illis
466 919 592 1003 viginti
616 920 769 983 millibus
802 920 912 981 veluti
944 919 1147 982 certissimis
1179 918 1286 981 fidem
1316 939 1429 981 meam
1453 920 1519 981 ob-

233 1027 435 1091 strinxerim
453 1029 619 1107 dignetur
641 1026 846 1091 offitialibus
871 1026 998 1090 aerarii
1017 1028 1071 1089 sui
1086 1027 1301 1088 demandare
1317 1037 1356 1088 ut
1371 1025 1520 1089 omnino

232 1135 261 1196 si
286 1135 390 1197 modo
414 1133 491 1196 fieri
515 1136 698 1196 commode
723 1145 855 1217 posset,
880 1132 1005 1214 reliqui
1034 1134 1095 1195 Χ1ιὶ
1119 1134 1249 1195 Ducati
1277 1152 1354 1195 cum
1386 1131 1520 1195 effectu

233 1251 470 1322 numerentur,
495 1244 629 1323 absque
654 1240 833 1320 dilatione,
859 1251 920 1302 aut
944 1242 1069 1303 saltem
1094 1241 1139 1302 de
1163 1240 1231 1301 illis
1255 1240 1432 1302 Fuccarus
1461 1259 1519 1300 se-

233 1367 337 1409 curus
360 1346 422 1409 fiat
451 1359 487 1410 et
516 1356 657 1426 cautuS‚
687 1348 776 1410 sicut
805 1347 998 1429 scripserat
1027 1348 1097 1409 iarn
1129 1347 1180 1409 illi
1210 1346 1341 1428 optime
1373 1355 1518 1408 cautum

233 1453 353 1516 fuisse.
410 1451 470 1517 Sic
506 1475 575 1537 ego
612 1454 750 1535 plenius
786 1454 884 1517 fruar
913 1453 1083 1517 benefitio
1115 1452 1162 1514 5¹⁸
1191 1454 1253 1514 V⁸⁰
1280 1462 1315 1515 et
1345 1452 1520 1515 maturius

233 1561 328 1641 quod
352 1559 497 1623 intendo
523 1561 728 1642 expediam
754 1560 783 1623 si
799 1562 878 1623 Deo
902 1560 1065 1641 propicio
1089 1558 1164 1621 voti
1190 1558 1257 1621 mei
1273 1579 1418 1640 compos
1441 1558 1513 1621 fac·

233 1677 289 1730 tus
311 1666 425 1749 fuere,
450 1688 520 1729 non
537 1687 663 1749 parurn
678 1668 838 1748 proderit
855 1668 900 1729 ad
918 1667 1158 1730 reducendam
1179 1676 1216 1729 et
1232 1666 1518 1728 conservandam

232 1774 416 1856 pristinam
454 1772 559 1837 fidem
592 1785 626 1837 et
660 1774 923 1849 observantiam
961 1772 1014 1836 8⁵⁰
1052 1773 1157 1836 Sedis
1190 1773 1422 1855 Apostolicae

232 1882 313 1944 Dat.
330 1882 527 1963 Tubingae,
543 1882 600 1943 die
618 1880 714 1943 XXI
730 1882 865 1943 Mensis
887 1881 1053 1963 Augusti.
1091 1882 1199 1943 Anno
1214 1880 1295 1943 Dni.
1311 1880 1517 1947 MDXXV.

835 2400 910 2468 247.

653 2524 813 2604 Clemens
841 2524 920 2608 VII.
949 2524 1086 2607 Sueris.

423 2683 557 2753 (demens
575 2682 637 2740 vn.
656 2682 744 2755 Epist.
764 2681 801 2740 ad
817 2682 956 2755 prinsipes
974 2698 1025 2756 per
1044 2682 1166 2741 Sadolet.
1185 2680 1230 2740 iol.
1250 2680 1323 2752 20³.)

716 2806 770 2874 (23.
791 2811 906 2874 Augusti
930 2810 1017 2879 1525.)

324 2955 431 3018 Fides
456 2965 491 3018 et
514 2953 685 3017 fortitudo
710 2963 830 3017 vestra
854 2975 946 3035 quae
968 2955 1026 3017 his
1050 2956 1270 3036 temporibus
1294 2974 1371 3016 cum
1387 2955 1519 3016 summi

234 3063 302 3124 Dei
325 3065 459 3125 honore
485 3072 520 3123 et
544 3060 758 3125 Germaniae
782 3061 891 3123 totius
924 3060 1076 3124 utilitate
1110 3061 1257 3142 egregie
1291 3061 1416 3123 enituit
1446 3061 1517 3124 etsi

234 3171 387 3232 humana
412 3189 553 3250 quoque
587 3170 894 3231 commendatione
925 3169 1129 3230 decoranda
1160 3167 1224 3248 sit,
1255 3168 1367 3230 maius
1394 3177 1517 3232 tamen

235 3286 271 3338 et
294 3275 510 3356 prestantius
533 3275 697 3338 habitura
722 3286 776 3337 est
799 3275 993 3356 praemium
1018 3276 1114 3356 apud
1140 3275 1289 3337 eundem
1307 3276 1420 3337 Deum
1438 3277 1517 3355 glo·

235 3383 308 3445 riae
332 3382 584 3464 sempiternae;
611 3381 697 3444 nihil
722 3382 813 3443 enim
837 3383 898 3444 illa
921 3382 1036 3463 potuit
1061 3382 1244 3464 expectari
1268 3383 1517 3464 opportunius,

237 3489 321 3552 nihil
345 3489 637 3570 magnificentius.
685 3488 761 3550 Nisi
786 3488 877 3551 enim
893 3509 958 3552 vos
974 3489 1192 3568 extitissetis,
1217 3499 1253 3552 et
1270 3492 1297 3551 si
1315 3511 1384 3551 non
1401 3490 1518 3554 virtus

237 3607 272 3658 et
296 3596 479 3659 consilium
504 3609 539 3658 et
567 3594 661 3658 vires
692 3606 832 3657 vestrae
865 3596 1103 3674 obstitissent,
1133 3597 1233 3658 furor
1264 3596 1323 3659 ille
1353 3597 1518 3660 immanis

236 3703 518 3784 impiissimamm
546 3705 750 3781 haeresum,
783 3703 1004 3765 multitudine
1043 3704 1284 3784 improborum
1327 3702 1518 3786 concitata,

237 3832 339 3873 omne
365 3810 619 3888 sacerdotium,
645 3829 783 3871 omnem
808 3809 1041 3888 nobilitatem,
1072 3831 1194 3872 omnes
1225 3821 1261 3871 et
1293 3810 1454 3893 publicas
1479 3821 1519 3875 et

238 3917 394 3997 privatas
428 3916 639 3998 dignitates,
672 3936 805 3994 mores,
841 3919 961 3997 legeS,
1001 3917 1096 3995 iura,
1127 3917 1326 3980 universam
1361 3918 1517 3999 denique

239 4023 464 4086 (iermaniam
480 4022 586 4098 ferro,
604 4031 736 4106 strage,
759 4022 900 4085 flamma
918 4033 953 4086 et
968 4024 1075 4087 ruinis
1098 4025 1317 4105 involvisset,
1342 4026 1517 4106 istamque

236 4129 461 4193 fortissimam
494 4141 530 4192 et
561 4129 814 4192 nobilissimam
845 4131 1041 4210 nationem,
1074 4133 1168 4213 apud
1197 4152 1301 4213 quam
1332 4144 1415 4194 ante
1446 4133 1517 4195 hac

237 4238 408 4318 precipua
440 4237 668 4299 humanitatis
699 4240 776 4299 laus
811 4248 845 4299 et
879 4238 1052 4300 catholice
1089 4238 1273 4320 religionis
1311 4239 1516 4301 observatio

237 4364 377 4424 semper
401 4343 569 4422 constitit,
594 4345 640 4405 ad
664 4343 771 4405 vitam
797 4346 974 4423 agendam
998 4364 1096 4406 more
1111 4343 1265 4406 ferarum
1283 4355 1318 4406 et
1336 4348 1517 4410 adrerum

237 4450 390 4514 omnium
415 4451 656 4514 confusionem
682 4450 871 4532 adegisset.
920 4450 1023 4530 Quod
1040 4449 1131 4512 tanti
1146 4450 1229 4513 mali
1244 4452 1438 4532 periculum
1454 4455 1517 4515 vel

238 4557 485 4620 detrimentum
501 4557 618 4637 potius
636 4556 764 4619 virtute
781 4567 902 4619 vestra
925 4557 974 4618 ita
990 4559 1198 4638 propulsum
1220 4566 1255 4619 et
1270 4577 1517 4639 compressum

238 4676 344 4728 estut
360 4685 507 4746 sperare
525 4666 730 4743 debeamus,
754 4665 833 4727 Deo
858 4665 971 4745 ceptis
995 4665 1185 4747 aspirante,
1210 4675 1353 4727 caetera
1375 4668 1419 4727 ad
1445 4666 1516 4747 pri·

237 4774 364 4836 stinum
389 4772 550 4834 ordinem
573 4792 615 4833 ac
640 4772 747 4833 decus
771 4770 878 4833 facile
901 4771 1069 4833 reditura.
1122 4769 1195 4833 Sed
1225 4771 1261 4833 in
1285 4782 1360 4835 tota
1382 4774 1450 4834 hac
1474 4793 1518 4836 re

238 4880 396 4944 mirabile
426 4879 539 4941 visum
573 4888 626 4940 est
658 4878 761 4940 nobis
791 4877 861 4939 Dei
889 4877 1140 4959 omnipotentis
1167 4878 1369 4952 consilium3
1402 4880 1521 4942 voluit
