3425 5700
804 595 862 649 2-5'3
901 593 1031 651 70C>=0

276 740 451 804 Pontifice
467 741 670 803 desciscunt
694 742 797 822 (proh
813 740 943 823 dolor!)
967 740 1154 823 imperium
1170 740 1271 802 simul
1288 758 1367 801 cum
1385 735 1557 819 religione

276 869 422 930 prorsus
453 848 658 911 amiserunt.
704 847 810 927 Quod
840 848 923 929 quia
954 849 1070 911 nullus
1102 867 1171 909 non
1202 845 1278 911 sani
1310 845 1415 908 modo
1436 842 1558 925 judicii

275 957 382 1018 homo
405 953 513 1018 facile
532 954 692 1036 judicare
716 965 853 1036 potest,
880 955 917 1017 in
943 975 1020 1018 earn
1044 956 1164 1036 potius
1188 974 1263 1016 rem
1286 952 1488 1015 incumbam
1512 949 1557 1011 ad

276 1082 382 1143 quam
396 1059 648 1124 Sanctissimus
665 1062 708 1124 D.
726 1060 857 1124 Noster
873 1062 925 1125 Te
950 1082 1056 1143 quam
1079 1071 1197 1143 potest
1214 1059 1368 1122 maxime
1386 1061 1557 1133 hortatur,

275 1178 397 1231 monet
412 1178 448 1231 et
466 1179 618 1251 paterno
642 1167 773 1231 affectu
796 1176 978 1250 precatur;
1004 1168 1078 1229 Nos
1101 1187 1188 1230 vero
1211 1187 1277 1248 per
1300 1166 1439 1227 viscera
1460 1162 1558 1225 mise·

275 1275 450 1338 ricordiae
474 1276 543 1337 Dei
574 1274 685 1337 nostri
719 1296 785 1358 per
808 1275 1030 1339 Christianae
1054 1273 1236 1338 Ecclesiae
1268 1270 1558 1353 tranquillitatem

276 1392 313 1443 et
334 1402 461 1463 pacem
484 1382 564 1445 Tibi
590 1381 695 1445 etiarn
720 1382 972 1464 supplicamus,
999 1383 1149 1464 primum
1173 1392 1211 1443 ut
1231 1382 1333 1462 juxta
1357 1386 1559 1441 sanctorum

276 1490 421 1552 Patrum
454 1489 600 1552 decreta
632 1511 654 1551 a
685 1490 906 1572 temporibus
940 1510 1051 1571 usque
1084 1488 1328 1570 apostolorum
1357 1488 1559 1563 observata,

276 1616 414 1659 necnon
439 1596 545 1659 etiam
569 1597 816 1660 Romanorum
838 1597 1097 1678 Imperatorum
1120 1597 1238 1677 leges,
1271 1592 1392 1655 fratris
1416 1590 1560 1655 Martini

275 1702 422 1765 Lutheri
451 1703 562 1765 libros
591 1704 805 1785 aequissimo
837 1714 874 1766 et
897 1702 1172 1786 prudentissimo
1197 1700 1301 1763 Sedis
1328 1698 1560 1781 Apostolicae

276 1810 336 1890 (ad
367 1830 473 1891 quam
501 1812 569 1872 ista
592 1810 784 1892 pertinent)
804 1811 932 1892 juditio
957 1824 992 1873 et
1016 1810 1191 1872 sententia
1215 1809 1403 1870 damnatos
1427 1806 1462 1868 in
1488 1806 1559 1867 uni-

275 1938 381 1979 versa
410 1917 545 1980 ditione
578 1928 639 1980 tua
670 1918 805 1980 destrui
838 1929 874 1980 et
904 1938 1050 2000 prorsus
1083 1916 1221 1980 aboleri
1250 1917 1396 1997 jubeas,
1430 1924 1470 1975 ut
1493 1914 1560 1975 hoc

275 2027 442 2106 exemplo
473 2046 544 2089 non
569 2026 701 2088 subditi
725 2027 831 2090 modo
856 2026 907 2088 tui
932 2028 995 2089 sed
1020 2036 1056 2089 et
1079 2024 1219 2088 vicinae
1243 2022 1444 2105 provintiae
1469 2040 1559 2082 com·

275 2132 429 2193 monitae
464 2153 487 2193 a
521 2132 786 2196 damnatissima
820 2134 888 2195 hac
920 2133 1062 2196 haeresi
1092 2131 1332 2212 librorumque
1363 2128 1399 2191 in
1431 2127 1560 2209 quibus

274 2240 337 2301 illa
361 2240 564 2303 continetur
580 2240 734 2303 lectione
750 2240 818 2304 sibi
833 2248 999 2312 caveant;
1026 2239 1156 2302 deinde
1171 2248 1209 2300 ut
1225 2237 1417 2299 Martinum
1433 2235 1558 2316 ipsum,

275 2345 342 2407 nisi
364 2344 400 2407 in
424 2355 586 2427 tempore
610 2346 807 2429 resipiscat,
832 2355 869 2410 et
892 2367 984 2429 quae
1005 2348 1077 2428 jam
1100 2356 1234 2408 temere
1252 2358 1287 2407 et
1303 2342 1411 2423 impie
1426 2342 1561 2422 scripta

275 2452 386 2514 edidit
410 2460 590 2529 retractet,
616 2464 677 2515 aut
700 2451 846 2516 Summo
871 2452 1035 2516 Pontifici
1062 2472 1149 2515 vero
1173 2452 1209 2513 in
1233 2453 1301 2513 hac
1325 2458 1429 2532 parte
1449 2448 1561 2531 judici

274 2559 525 2641 corrigendum
540 2559 670 2639 mittas,
687 2570 748 2623 aut
763 2560 840 2642 ipse
857 2581 922 2642 per
939 2570 974 2623 te
989 2558 1208 2643 apostolicae
1224 2558 1328 2621 Sedis
1343 2555 1561 2621 authoritate

274 2668 395 2747 (prout
421 2668 477 2747 jus
509 2674 545 2728 et
576 2665 643 2729 fas·
664 2668 833 2748 postulat)
867 2667 1084 2749 puniendum
1115 2686 1227 2729 cures
1283 2664 1328 2726 Et
1357 2664 1394 2725 in
1424 2682 1562 2725 summa

274 2786 311 2835 tu
345 2773 405 2854 qui
438 2774 618 2835 hominum
649 2783 731 2836 tuae
764 2774 906 2837 ditionis
937 2774 1176 2837 conditionem
1209 2782 1246 2835 et
1277 2772 1379 2853 hujus
1413 2769 1561 2833 nefandi

274 2880 405 2944 erroris
429 2891 600 2960 naturam,
625 2892 826 2964 statumque
850 2883 1037 2945 universae
1062 2901 1191 2944 causae
1215 2880 1347 2962 optime
1372 2878 1488 2959 nosti,
1513 2879 1562 2940 ita

273 2988 356 3050 fidei
388 3008 531 3050 causam
562 2989 754 3070 suscipias,
785 2999 823 3051 ut
854 2989 930 3053 sive
960 2989 1031 3051 levi
1054 2989 1289 3052 medicamine
1313 2988 1422 3070 (quod
1446 2987 1562 3068 magis

274 3105 417 3176 optaret
440 3093 611 3158 Pontifex
642 3105 769 3177 suopte
792 3096 937 3178 ingenio
962 3093 1177 3180 mitissimus)
1201 3095 1277 3158 sive
1301 3114 1431 3176 aspero
1456 3095 1560 3175 phar-

274 3221 386 3280 mac),
409 3221 452 3264 ac
476 3201 583 3264 etiam
606 3202 764 3264 cauterio
788 3222 879 3283 opus
902 3203 957 3282 sit,
982 3205 1126 3265 morbus
1148 3203 1216 3265 iste
1240 3222 1261 3265 e
1284 3201 1354 3265 tuis
1370 3200 1474 3264 terris
1491 3221 1561 3264 om-

274 3308 358 3370 nino
382 3310 527 3371 tollatur
550 3317 721 3390 tantaque
745 3319 847 3391 peste
873 3321 1012 3372 tuorum
1035 3309 1257 3372 subditorum
1288 3308 1410 3388 animi,
1445 3309 1475 3372 si
1500 3308 1561 3391 qui

273 3415 396 3478 infecti
420 3425 512 3495 sunt,
536 3426 786 3497 repurgentur.

361 3521 464 3584 Fecit
494 3521 529 3584 in
560 3523 628 3584 hac
654 3543 694 3584 re
723 3520 829 3584 Seru*
852 3519 931 3586 Ces.
956 3521 1124 3602 Majestas
1149 3521 1320 3605 quidquid
1345 3543 1368 3583 a
1391 3521 1560 3585 Christia-

273 3629 418 3691 nissimo
449 3629 666 3710 imperatore
701 3630 966 3711 expectandum
999 3641 1090 3702 erat;
1126 3627 1245 3692 fecere
1279 3629 1402 3692 itidem
1437 3650 1562 3692 omnes

272 3735 442 3817 Episcopi
473 3747 509 3797 et
539 3735 720 3817 principes
748 3735 960 3816 quicumque
985 3756 1006 3796 a
1030 3736 1224 3798 nobishoc
1248 3737 1391 3800 nomine
1417 3737 1562 3800 fuerunt

273 3842 445 3924 requisiti;
471 3854 509 3904 tu
532 3864 623 3904 unus
647 3853 772 3925 restas,
796 3863 869 3905 non
893 3842 1037 3906 minoris
1061 3841 1096 3905 in
1111 3845 1179 3906 hoc
1196 3844 1365 3906 momenti
1379 3843 1561 3926 princepS,

272 3950 309 4011 in
333 3951 431 4030 cujus
455 3970 560 4011 manu
584 3968 691 4030 quum
714 3949 815 4012 istius
839 3949 985 4012 nefandi
1005 3949 1160 4012 incendii
1177 3950 1291 4014 fomes
1310 3960 1347 4013 et
1363 3961 1489 4014 auctor
1506 3953 1562 4032 sit,

272 4066 409 4118 tantum
440 4065 544 4136 potes
574 4056 661 4117 illud
694 4056 907 4137 extinguere
937 4065 1107 4136 quantum
1133 4056 1195 4118 vis.
1244 4056 1348 4119 Velle
1372 4069 1492 4120 autern
1525 4068 1561 4121 te

273 4171 308 4223 et
333 4164 437 4242 (quae
461 4172 522 4223 tua
546 4173 602 4224 est
625 4161 754 4243 pietas)
778 4162 829 4224 ita
852 4161 1038 4242 facturum,
1063 4161 1227 4226 Summus
1243 4162 1424 4241 Pontifex,
1446 4162 1562 4228 Sedes

272 4267 470 4351 apostolica
495 4277 531 4330 et
553 4287 620 4330 nos
644 4287 768 4330 omnes
791 4267 900 4330 dubio
924 4270 1050 4350 procul
1074 4269 1292 4333 confidimus.

361 4375 462 4438 Haec
487 4385 542 4438 est
565 4376 640 4438 ill¹¹¹⁰
660 4375 834 4457 Princeps
858 4377 932 4457 ejus
957 4377 1129 4459 pontificii
1144 4377 1289 4456 decreti,
1314 4379 1413 4460 cujus
1428 4379 1494 4443 tibi
1513 4381 1560 4442 di-

271 4485 392 4564 ploma
422 4482 550 4562 affer0,
582 4503 733 4561 summa,
767 4483 835 4544 hoc
869 4493 1115 4564 argumentum
1123 4507 1130 4556 ;
1163 4483 1199 4546 in
1223 4505 1294 4566 quo
1328 4486 1358 4548 si
1388 4498 1561 4567 paternas

272 4589 450 4671 pontificis
474 4588 744 4652 adhortationes
767 4599 978 4669 nostrasque
1003 4609 1129 4670 preces
1144 4591 1346 4674 exequaris,
1370 4613 1445 4655 rem
1462 4593 1559 4657 Chri-

272 4696 387 4760 stiano
400 4696 563 4779 principe
576 4706 710 4777 tuoque
723 4694 897 4774 sanguine
911 4696 1057 4778 dignam
1069 4707 1176 4779 atque
1189 4699 1409 4780 reipublicae
1423 4701 1559 4764 christi-

272 4824 363 4867 anae
386 4805 579 4866 salutarem
603 4812 639 4865 te
657 4802 844 4880 facturum,
861 4809 982 4864 ettam
998 4803 1111 4866 sancti
1129 4805 1247 4885 operis
1263 4807 1425 4886 praemia
1442 4830 1464 4870 a
1480 4809 1560 4873 Deo

272 4911 407 4993 optimo
430 4910 584 4973 maximo
609 4910 801 4991 aliquando
826 4919 1089 4991 reportaturum
1113 4931 1246 4993 speres.
1271 4913 1366 4976 Dixi.

808 5069 977 5081 mmmmm
980 5071 1014 5080 νυν
