<?xml version="1.0" encoding="UTF-8"?>
<!DOCTYPE html PUBLIC "-//W3C//DTD XHTML 1.0 Transitional//EN"
    "http://www.w3.org/TR/xhtml1/DTD/xhtml1-transitional.dtd">
<html xmlns="http://www.w3.org/1999/xhtml" xml:lang="en" lang="en">
 <head>
  <title>
</title>
<meta http-equiv="Content-Type" content="text/html;charset=utf-8" />
  <meta name='ocr-system' content='tesseract 3.04.00' />
  <meta name='ocr-capabilities' content='ocr_page ocr_carea ocr_par ocr_line ocrx_word'/>
</head>
<body>
  <div class='ocr_page' id='page_1' title='image "./monumentareform00unkngoog_0362.png"; bbox 0 0 3425 5700; ppageno 0'>
   <div class='ocr_carea' id='block_1_1' title="bbox 848 561 1096 619">
    <p class='ocr_par' dir='ltr' id='par_1_1' title="bbox 848 561 1096 619">
     <span class='ocr_line' id='line_1_1' title="bbox 848 561 1096 619; baseline 0 -1"><span class='ocrx_word' id='word_1_1' title='bbox 848 561 1096 619; x_wconf 56' lang='lat'><strong>0-4332004</strong></span> 
     </span>
    </p>
   </div>
   <div class='ocr_carea' id='block_1_2' title="bbox 333 706 1599 896">
    <p class='ocr_par' dir='ltr' id='par_1_2' title="bbox 333 706 1599 896">
     <span class='ocr_line' id='line_1_2' title="bbox 333 706 1599 793; baseline -0.002 -20"><span class='ocrx_word' id='word_1_2' title='bbox 333 729 374 773; x_wconf 91' lang='lat' dir='ltr'><strong>ac</strong></span> <span class='ocrx_word' id='word_1_3' title='bbox 407 727 482 773; x_wconf 89' lang='lat' dir='ltr'><strong>rem</strong></span> <span class='ocrx_word' id='word_1_4' title='bbox 515 706 644 773; x_wconf 84' lang='lat' dir='ltr'><strong>Christi</strong></span> <span class='ocrx_word' id='word_1_5' title='bbox 678 718 714 773; x_wconf 90' lang='grc'><strong>11</strong></span> <span class='ocrx_word' id='word_1_6' title='bbox 736 707 920 775; x_wconf 80' lang='lat' dir='ltr'><strong>Ecclesiae</strong></span> <span class='ocrx_word' id='word_1_7' title='bbox 951 718 1138 791; x_wconf 79' lang='lat' dir='ltr'>gratanter</span> <span class='ocrx_word' id='word_1_8' title='bbox 1169 728 1249 793; x_wconf 87' lang='lat' dir='ltr'><strong>age.</strong></span> <span class='ocrx_word' id='word_1_9' title='bbox 1300 708 1330 772; x_wconf 92' lang='lat' dir='ltr'>E</span> <span class='ocrx_word' id='word_1_10' title='bbox 1362 707 1599 791; x_wconf 86' lang='lat' dir='ltr'><strong>Norimberga,</strong></span> 
     </span>
     <span class='ocr_line' id='line_1_3' title="bbox 333 815 794 896; baseline 0.002 -17"><span class='ocrx_word' id='word_1_11' title='bbox 333 817 445 879; x_wconf 83' lang='lat' dir='ltr'><strong>Nonis</strong></span> <span class='ocrx_word' id='word_1_12' title='bbox 468 815 626 896; x_wconf 89' lang='lat' dir='ltr'><strong>Januarii</strong></span> <span class='ocrx_word' id='word_1_13' title='bbox 650 816 794 880; x_wconf 89' lang='lat' dir='ltr'><strong>XXIV.</strong></span> 
     </span>
    </p>
   </div>
   <div class='ocr_carea' id='block_1_3' title="bbox 874 1116 1081 1131">
    <p class='ocr_par' dir='ltr' id='par_1_3' title="bbox 874 1116 1081 1131">
     <span class='ocr_line' id='line_1_4' title="bbox 874 1116 1081 1131; baseline 0.005 -1"><span class='ocrx_word' id='word_1_14' title='bbox 874 1116 1081 1131; x_wconf 59' lang='lat' dir='ltr'><strong>mmm</strong></span> 
     </span>
    </p>
   </div>
   <div class='ocr_carea' id='block_1_4' title="bbox 943 1349 1018 1417">
    <p class='ocr_par' dir='ltr' id='par_1_4' title="bbox 943 1349 1018 1417">
     <span class='ocr_line' id='line_1_5' title="bbox 943 1349 1018 1417; baseline 0.04 -3"><span class='ocrx_word' id='word_1_15' title='bbox 943 1349 1018 1417; x_wconf 80' lang='lat'>142.</span> 
     </span>
    </p>
   </div>
   <div class='ocr_carea' id='block_1_5' title="bbox 680 1466 1281 1802">
    <p class='ocr_par' dir='ltr' id='par_1_5' title="bbox 680 1466 1281 1802">
     <span class='ocr_line' id='line_1_6' title="bbox 680 1466 1281 1569; baseline 0.005 -22"><span class='ocrx_word' id='word_1_16' title='bbox 680 1466 785 1549; x_wconf 84' lang='grc'>11111.</span> <span class='ocrx_word' id='word_1_17' title='bbox 813 1466 972 1569; x_wconf 78' lang='lat' dir='ltr'><strong>Mogmt</strong></span> <span class='ocrx_word' id='word_1_18' title='bbox 1001 1466 1174 1547; x_wconf 76' lang='grc'>1111111111</span> <span class='ocrx_word' id='word_1_19' title='bbox 1200 1466 1281 1550; x_wconf 79' lang='lat' dir='ltr'><strong>m</strong></span> 
     </span>
     <span class='ocr_line' id='line_1_7' title="bbox 732 1613 1217 1689; baseline 0.004 -16"><span class='ocrx_word' id='word_1_20' title='bbox 732 1614 832 1689; x_wconf 72' lang='grc'>(111.</span> <span class='ocrx_word' id='word_1_21' title='bbox 850 1614 1012 1688; x_wconf 68' lang='lat' dir='ltr'><strong>nuum</strong></span> <span class='ocrx_word' id='word_1_22' title='bbox 1028 1613 1065 1673; x_wconf 83' lang='grc'><strong>11</strong></span> <span class='ocrx_word' id='word_1_23' title='bbox 1082 1613 1128 1673; x_wconf 79' lang='lat' dir='ltr'><strong>ru</strong></span> <span class='ocrx_word' id='word_1_24' title='bbox 1145 1614 1217 1686; x_wconf 76' lang='lat' dir='ltr'><strong>ree.)</strong></span> 
     </span>
     <span class='ocr_line' id='line_1_8' title="bbox 829 1730 1125 1802; baseline 0.003 -20"><span class='ocrx_word' id='word_1_25' title='bbox 829 1730 884 1802; x_wconf 87' lang='lat'>(14.</span> <span class='ocrx_word' id='word_1_26' title='bbox 903 1736 1014 1799; x_wconf 78' lang='lat' dir='ltr'><strong>Jenuur.</strong></span> <span class='ocrx_word' id='word_1_27' title='bbox 1037 1734 1125 1802; x_wconf 81' lang='lat'>1524.)</span> 
     </span>
    </p>
   </div>
   <div class='ocr_carea' id='block_1_6' title="bbox 335 1871 1648 4952">
    <p class='ocr_par' dir='ltr' id='par_1_6' title="bbox 335 1871 1648 4952">
     <span class='ocr_line' id='line_1_9' title="bbox 425 1871 1610 1941; baseline -0.003 -4"><span class='ocrx_word' id='word_1_28' title='bbox 425 1871 657 1939; x_wconf 87' lang='lat' dir='ltr'><strong>Sanctissime</strong></span> <span class='ocrx_word' id='word_1_29' title='bbox 670 1874 722 1939; x_wconf 80' lang='lat' dir='ltr'><strong>¹ac</strong></span> <span class='ocrx_word' id='word_1_30' title='bbox 747 1874 1034 1941; x_wconf 88' lang='lat' dir='ltr'><strong>Prestantissime</strong></span> <span class='ocrx_word' id='word_1_31' title='bbox 1056 1874 1093 1939; x_wconf 91' lang='lat' dir='ltr'><strong>in</strong></span> <span class='ocrx_word' id='word_1_32' title='bbox 1117 1875 1258 1940; x_wconf 85' lang='lat' dir='ltr'><strong>Christo</strong></span> <span class='ocrx_word' id='word_1_33' title='bbox 1281 1876 1392 1940; x_wconf 87' lang='lat' dir='ltr'><strong>Pater</strong></span> <span class='ocrx_word' id='word_1_34' title='bbox 1414 1884 1451 1938; x_wconf 92' lang='grc'><strong>11</strong></span> <span class='ocrx_word' id='word_1_35' title='bbox 1473 1872 1610 1937; x_wconf 88' lang='lat' dir='ltr'><strong>domine</strong></span> 
     </span>
     <span class='ocr_line' id='line_1_10' title="bbox 335 1979 1614 2063; baseline -0.002 -20"><span class='ocrx_word' id='word_1_36' title='bbox 335 1981 475 2045; x_wconf 91' lang='lat' dir='ltr'><strong>domine</strong></span> <span class='ocrx_word' id='word_1_37' title='bbox 512 1982 760 2047; x_wconf 90' lang='lat' dir='ltr'><strong>colendissime</strong></span> <span class='ocrx_word' id='word_1_38' title='bbox 788 1979 1042 2047; x_wconf 87' lang='lat' dir='ltr'><strong>Obedientiam</strong></span> <span class='ocrx_word' id='word_1_39' title='bbox 1076 1983 1232 2047; x_wconf 83' lang='lat' dir='ltr'><strong>debitam</strong></span> <span class='ocrx_word' id='word_1_40' title='bbox 1257 1992 1294 2046; x_wconf 92' lang='lat' dir='ltr'><strong>et</strong></span> <span class='ocrx_word' id='word_1_41' title='bbox 1316 1982 1452 2045; x_wconf 87' lang='lat' dir='ltr'><strong>devota</strong></span> <span class='ocrx_word' id='word_1_42' title='bbox 1475 1998 1614 2063; x_wconf 84' lang='lat' dir='ltr'><strong>semper</strong></span> 
     </span>
     <span class='ocr_line' id='line_1_11' title="bbox 336 2085 1613 2171; baseline -0.002 -20"><span class='ocrx_word' id='word_1_43' title='bbox 336 2090 458 2151; x_wconf 91' lang='lat' dir='ltr'><strong>oscula</strong></span> <span class='ocrx_word' id='word_1_44' title='bbox 480 2090 677 2152; x_wconf 87' lang='lat' dir='ltr'><strong>beatorum.</strong></span> <span class='ocrx_word' id='word_1_45' title='bbox 704 2122 742 2135; x_wconf 84' lang='lat'><em>-</em></span> <span class='ocrx_word' id='word_1_46' title='bbox 772 2088 905 2151; x_wconf 88' lang='lat' dir='ltr'><strong>Divina</strong></span> <span class='ocrx_word' id='word_1_47' title='bbox 928 2088 1155 2171; x_wconf 88' lang='lat' dir='ltr'><strong>providentia</strong></span> <span class='ocrx_word' id='word_1_48' title='bbox 1177 2089 1223 2151; x_wconf 92' lang='lat' dir='ltr'><strong>ad</strong></span> <span class='ocrx_word' id='word_1_49' title='bbox 1247 2087 1482 2171; x_wconf 87' lang='lat' dir='ltr'><strong>Apostolicae</strong></span> <span class='ocrx_word' id='word_1_50' title='bbox 1506 2085 1613 2171; x_wconf 89' lang='lat' dir='ltr'><strong>digni·</strong></span> 
     </span>
     <span class='ocr_line' id='line_1_12' title="bbox 335 2192 1613 2275; baseline 0 -18"><span class='ocrx_word' id='word_1_51' title='bbox 335 2195 418 2259; x_wconf 89' lang='lat' dir='ltr'><strong>tatis</strong></span> <span class='ocrx_word' id='word_1_52' title='bbox 451 2195 590 2257; x_wconf 88' lang='lat' dir='ltr'><strong>culmen</strong></span> <span class='ocrx_word' id='word_1_53' title='bbox 614 2194 798 2259; x_wconf 82' lang='lat' dir='ltr'><strong>beatitudo</strong></span> <span class='ocrx_word' id='word_1_54' title='bbox 822 2194 955 2259; x_wconf 89' lang='lat' dir='ltr'><strong>Vestra</strong></span> <span class='ocrx_word' id='word_1_55' title='bbox 983 2204 1119 2275; x_wconf 86' lang='lat' dir='ltr'><strong>erecta,</strong></span> <span class='ocrx_word' id='word_1_56' title='bbox 1154 2215 1239 2259; x_wconf 85' lang='lat' dir='ltr'><strong>mox</strong></span> <span class='ocrx_word' id='word_1_57' title='bbox 1268 2194 1306 2260; x_wconf 89' lang='lat' dir='ltr'><strong>in</strong></span> <span class='ocrx_word' id='word_1_58' title='bbox 1329 2195 1450 2261; x_wconf 87' lang='lat' dir='ltr'><strong>limine</strong></span> <span class='ocrx_word' id='word_1_59' title='bbox 1474 2192 1613 2259; x_wconf 85' lang='lat' dir='ltr'><strong>Pontifi-</strong></span> 
     </span>
     <span class='ocr_line' id='line_1_13' title="bbox 336 2301 1617 2386; baseline -0.002 -20"><span class='ocrx_word' id='word_1_60' title='bbox 336 2313 436 2366; x_wconf 91' lang='lat' dir='ltr'><strong>catus</strong></span> <span class='ocrx_word' id='word_1_61' title='bbox 459 2302 522 2382; x_wconf 89' lang='lat' dir='ltr'><strong>sui,</strong></span> <span class='ocrx_word' id='word_1_62' title='bbox 546 2301 719 2383; x_wconf 85' lang='lat' dir='ltr'><strong>assumpti</strong></span> <span class='ocrx_word' id='word_1_63' title='bbox 742 2301 913 2382; x_wconf 86' lang='lat' dir='ltr'><strong>nominis,</strong></span> <span class='ocrx_word' id='word_1_64' title='bbox 937 2302 1160 2366; x_wconf 89' lang='lat' dir='ltr'><strong>clementiam</strong></span> <span class='ocrx_word' id='word_1_65' title='bbox 1184 2322 1227 2365; x_wconf 91' lang='lat' dir='ltr'><strong>ac</strong></span> <span class='ocrx_word' id='word_1_66' title='bbox 1250 2302 1509 2386; x_wconf 82' lang='lat' dir='ltr'><strong>benignitatem</strong></span> <span class='ocrx_word' id='word_1_67' title='bbox 1534 2320 1617 2382; x_wconf 86' lang='lat' dir='ltr'><strong>erga</strong></span> 
     </span>
     <span class='ocr_line' id='line_1_14' title="bbox 335 2408 1618 2495; baseline -0.002 -24"><span class='ocrx_word' id='word_1_68' title='bbox 335 2429 391 2471; x_wconf 88' lang='lat' dir='ltr'><strong>me</strong></span> <span class='ocrx_word' id='word_1_69' title='bbox 421 2417 620 2472; x_wconf 85' lang='lat' dir='ltr'><strong>creaturam</strong></span> <span class='ocrx_word' id='word_1_70' title='bbox 644 2427 743 2472; x_wconf 87' lang='lat' dir='ltr'><strong>suam</strong></span> <span class='ocrx_word' id='word_1_71' title='bbox 772 2408 930 2490; x_wconf 88' lang='lat' dir='ltr'><strong>paternis</strong></span> <span class='ocrx_word' id='word_1_72' title='bbox 961 2408 1094 2473; x_wconf 89' lang='lat' dir='ltr'><strong>licteris</strong></span> <span class='ocrx_word' id='word_1_73' title='bbox 1121 2408 1295 2493; x_wconf 75' lang='lat' dir='ltr'><strong>singulari</strong></span> <span class='ocrx_word' id='word_1_74' title='bbox 1316 2430 1437 2473; x_wconf 90' lang='lat' dir='ltr'><strong>amore</strong></span> <span class='ocrx_word' id='word_1_75' title='bbox 1466 2408 1618 2495; x_wconf 84' lang='lat' dir='ltr'><strong>preditis</strong></span> 
     </span>
     <span class='ocr_line' id='line_1_15' title="bbox 336 2515 1617 2599; baseline -0.001 -21"><span class='ocrx_word' id='word_1_76' title='bbox 336 2536 407 2579; x_wconf 93' lang='lat' dir='ltr'><strong>non</strong></span> <span class='ocrx_word' id='word_1_77' title='bbox 433 2517 545 2579; x_wconf 91' lang='lat' dir='ltr'><strong>solum</strong></span> <span class='ocrx_word' id='word_1_78' title='bbox 570 2516 755 2579; x_wconf 87' lang='lat' dir='ltr'><strong>declarare</strong></span> <span class='ocrx_word' id='word_1_79' title='bbox 783 2534 906 2579; x_wconf 88' lang='lat' dir='ltr'><strong>verum</strong></span> <span class='ocrx_word' id='word_1_80' title='bbox 930 2515 1037 2579; x_wconf 90' lang='lat' dir='ltr'><strong>etiam</strong></span> <span class='ocrx_word' id='word_1_81' title='bbox 1068 2515 1344 2598; x_wconf 80' lang='lat' dir='ltr'><strong>gratulationem</strong></span> <span class='ocrx_word' id='word_1_82' title='bbox 1365 2515 1480 2599; x_wconf 88' lang='lat' dir='ltr'><strong>ipsam</strong></span> <span class='ocrx_word' id='word_1_83' title='bbox 1505 2535 1617 2580; x_wconf 85' lang='lat' dir='ltr'><strong>meam</strong></span> 
     </span>
     <span class='ocr_line' id='line_1_16' title="bbox 336 2620 1620 2705; baseline -0.001 -20"><span class='ocrx_word' id='word_1_84' title='bbox 336 2625 454 2705; x_wconf 89' lang='lat' dir='ltr'><strong>(quam</strong></span> <span class='ocrx_word' id='word_1_85' title='bbox 487 2642 552 2705; x_wconf 91' lang='lat' dir='ltr'><strong>pro</strong></span> <span class='ocrx_word' id='word_1_86' title='bbox 586 2642 722 2685; x_wconf 89' lang='lat' dir='ltr'><strong>summa</strong></span> <span class='ocrx_word' id='word_1_87' title='bbox 755 2620 999 2685; x_wconf 87' lang='lat' dir='ltr'><strong>benivolentia</strong></span> <span class='ocrx_word' id='word_1_88' title='bbox 1030 2622 1114 2687; x_wconf 90' lang='lat' dir='ltr'><strong>olim</strong></span> <span class='ocrx_word' id='word_1_89' title='bbox 1145 2623 1327 2689; x_wconf 88' lang='lat' dir='ltr'><strong>internos</strong></span> <span class='ocrx_word' id='word_1_90' title='bbox 1359 2624 1553 2687; x_wconf 86' lang='lat' dir='ltr'><strong>constituta</strong></span> <span class='ocrx_word' id='word_1_91' title='bbox 1586 2634 1620 2686; x_wconf 87' lang='lat' dir='ltr'><strong>et</strong></span> 
     </span>
     <span class='ocr_line' id='line_1_17' title="bbox 337 2727 1620 2815; baseline 0.001 -24"><span class='ocrx_word' id='word_1_92' title='bbox 337 2728 458 2793; x_wconf 87' lang='lat' dir='ltr'><strong>debita</strong></span> <span class='ocrx_word' id='word_1_93' title='bbox 490 2730 596 2793; x_wconf 90' lang='lat' dir='ltr'><strong>modo</strong></span> <span class='ocrx_word' id='word_1_94' title='bbox 629 2748 671 2793; x_wconf 93' lang='lat' dir='ltr'><strong>ac</strong></span> <span class='ocrx_word' id='word_1_95' title='bbox 703 2727 802 2793; x_wconf 92' lang='lat' dir='ltr'><strong>filiali</strong></span> <span class='ocrx_word' id='word_1_96' title='bbox 838 2730 1069 2793; x_wconf 87' lang='lat' dir='ltr'><strong>observantia</strong></span> <span class='ocrx_word' id='word_1_97' title='bbox 1101 2739 1137 2793; x_wconf 90' lang='lat' dir='ltr'><strong>et</strong></span> <span class='ocrx_word' id='word_1_98' title='bbox 1168 2728 1340 2794; x_wconf 89' lang='lat' dir='ltr'><strong>servitute</strong></span> <span class='ocrx_word' id='word_1_99' title='bbox 1369 2750 1450 2794; x_wconf 88' lang='lat' dir='ltr'><strong>mea</strong></span> <span class='ocrx_word' id='word_1_100' title='bbox 1481 2730 1620 2815; x_wconf 87' lang='lat' dir='ltr'><strong>pridem</strong></span> 
     </span>
     <span class='ocr_line' id='line_1_18' title="bbox 337 2833 1622 2923; baseline 0.002 -23"><span class='ocrx_word' id='word_1_101' title='bbox 337 2857 403 2919; x_wconf 91' lang='lat' dir='ltr'><strong>per</strong></span> <span class='ocrx_word' id='word_1_102' title='bbox 417 2835 559 2900; x_wconf 86' lang='lat' dir='ltr'><strong>lieteras</strong></span> <span class='ocrx_word' id='word_1_103' title='bbox 575 2833 659 2923; x_wconf 86' lang='lat' dir='ltr'><strong>feci)</strong></span> <span class='ocrx_word' id='word_1_104' title='bbox 675 2834 866 2919; x_wconf 86' lang='lat' dir='ltr'><strong>prevenire</strong></span> <span class='ocrx_word' id='word_1_105' title='bbox 882 2836 1027 2917; x_wconf 83' lang='lat' dir='ltr'><strong>studuit,</strong></span> <span class='ocrx_word' id='word_1_106' title='bbox 1051 2837 1096 2901; x_wconf 92' lang='lat' dir='ltr'><strong>de</strong></span> <span class='ocrx_word' id='word_1_107' title='bbox 1111 2858 1183 2920; x_wconf 90' lang='lat' dir='ltr'><strong>qua</strong></span> <span class='ocrx_word' id='word_1_108' title='bbox 1195 2857 1237 2901; x_wconf 88' lang='lat' dir='ltr'><strong>re</strong></span> <span class='ocrx_word' id='word_1_109' title='bbox 1253 2836 1465 2902; x_wconf 84' lang='lat' dir='ltr'><strong>beatitudini</strong></span> <span class='ocrx_word' id='word_1_110' title='bbox 1479 2848 1622 2902; x_wconf 77' lang='lat' dir='ltr'><strong>vestrae</strong></span> 
     </span>
     <span class='ocr_line' id='line_1_19' title="bbox 336 2942 1623 3029; baseline 0 -23"><span class='ocrx_word' id='word_1_111' title='bbox 336 2944 471 3026; x_wconf 85' lang='lat' dir='ltr'><strong>gratias</strong></span> <span class='ocrx_word' id='word_1_112' title='bbox 494 2945 611 3008; x_wconf 90' lang='lat' dir='ltr'><strong>habeo</strong></span> <span class='ocrx_word' id='word_1_113' title='bbox 635 2942 839 3022; x_wconf 87' lang='lat' dir='ltr'><strong>immensas,</strong></span> <span class='ocrx_word' id='word_1_114' title='bbox 865 2944 1050 3027; x_wconf 86' lang='lat' dir='ltr'><strong>eidemque</strong></span> <span class='ocrx_word' id='word_1_115' title='bbox 1074 2945 1121 3010; x_wconf 89' lang='lat' dir='ltr'><strong>de</strong></span> <span class='ocrx_word' id='word_1_116' title='bbox 1145 2944 1267 3010; x_wconf 89' lang='lat' dir='ltr'><strong>divina</strong></span> <span class='ocrx_word' id='word_1_117' title='bbox 1291 2945 1535 3029; x_wconf 84' lang='lat' dir='ltr'><strong>assumptione</strong></span> <span class='ocrx_word' id='word_1_118' title='bbox 1558 2965 1623 3008; x_wconf 80' lang='lat' dir='ltr'><strong>aua</strong></span> 
     </span>
     <span class='ocr_line' id='line_1_20' title="bbox 339 3050 1623 3135; baseline -0.002 -21"><span class='ocrx_word' id='word_1_119' title='bbox 339 3071 457 3114; x_wconf 91' lang='lat' dir='ltr'><strong>rursus</strong></span> <span class='ocrx_word' id='word_1_120' title='bbox 498 3050 625 3114; x_wconf 89' lang='lat' dir='ltr'><strong>iterum</strong></span> <span class='ocrx_word' id='word_1_121' title='bbox 667 3060 774 3133; x_wconf 90' lang='lat' dir='ltr'><strong>atque</strong></span> <span class='ocrx_word' id='word_1_122' title='bbox 809 3051 937 3114; x_wconf 90' lang='lat' dir='ltr'><strong>iterum</strong></span> <span class='ocrx_word' id='word_1_123' title='bbox 976 3053 1157 3134; x_wconf 87' lang='lat' dir='ltr'><strong>gratulor,</strong></span> <span class='ocrx_word' id='word_1_124' title='bbox 1195 3071 1394 3135; x_wconf 86' lang='lat' dir='ltr'><strong>precorque</strong></span> <span class='ocrx_word' id='word_1_125' title='bbox 1434 3061 1475 3116; x_wconf 88' lang='lat' dir='ltr'><strong>ut</strong></span> <span class='ocrx_word' id='word_1_126' title='bbox 1508 3051 1623 3116; x_wconf 84' lang='lat' dir='ltr'><strong>toelix</strong></span> 
     </span>
     <span class='ocr_line' id='line_1_21' title="bbox 337 3157 1625 3241; baseline 0 -21"><span class='ocrx_word' id='word_1_127' title='bbox 337 3157 455 3222; x_wconf 86' lang='lat' dir='ltr'><strong>fausta</strong></span> <span class='ocrx_word' id='word_1_128' title='bbox 485 3158 642 3240; x_wconf 85' lang='lat' dir='ltr'><strong>longeva</strong></span> <span class='ocrx_word' id='word_1_129' title='bbox 672 3157 716 3222; x_wconf 91' lang='lat' dir='ltr'><strong>sit</strong></span> <span class='ocrx_word' id='word_1_130' title='bbox 746 3166 855 3240; x_wconf 87' lang='lat' dir='ltr'><strong>atque</strong></span> <span class='ocrx_word' id='word_1_131' title='bbox 886 3169 1071 3240; x_wconf 90' lang='lat' dir='ltr'><strong>perpetua.</strong></span> <span class='ocrx_word' id='word_1_132' title='bbox 1119 3158 1212 3240; x_wconf 85' lang='lat' dir='ltr'><strong>Quin</strong></span> <span class='ocrx_word' id='word_1_133' title='bbox 1243 3159 1387 3241; x_wconf 89' lang='lat' dir='ltr'><strong>quidem</strong></span> <span class='ocrx_word' id='word_1_134' title='bbox 1418 3157 1507 3223; x_wconf 88' lang='lat' dir='ltr'><strong>nihil</strong></span> <span class='ocrx_word' id='word_1_135' title='bbox 1539 3157 1625 3222; x_wconf 88' lang='lat' dir='ltr'><strong>mihi</strong></span> 
     </span>
     <span class='ocr_line' id='line_1_22' title="bbox 338 3264 1626 3348; baseline -0.001 -20"><span class='ocrx_word' id='word_1_136' title='bbox 338 3265 501 3328; x_wconf 86' lang='lat' dir='ltr'><strong>accidere</strong></span> <span class='ocrx_word' id='word_1_137' title='bbox 525 3265 701 3348; x_wconf 85' lang='lat' dir='ltr'><strong>potuisset</strong></span> <span class='ocrx_word' id='word_1_138' title='bbox 723 3265 827 3330; x_wconf 90' lang='lat' dir='ltr'><strong>letius</strong></span> <span class='ocrx_word' id='word_1_139' title='bbox 851 3265 1077 3348; x_wconf 88' lang='lat' dir='ltr'><strong>expectatius</strong></span> <span class='ocrx_word' id='word_1_140' title='bbox 1099 3273 1162 3328; x_wconf 89' lang='lat' dir='ltr'><strong>aut</strong></span> <span class='ocrx_word' id='word_1_141' title='bbox 1185 3274 1283 3328; x_wconf 90' lang='lat' dir='ltr'><strong>certe</strong></span> <span class='ocrx_word' id='word_1_142' title='bbox 1305 3264 1494 3328; x_wconf 86' lang='lat' dir='ltr'><strong>iucundius</strong></span> <span class='ocrx_word' id='word_1_143' title='bbox 1518 3284 1626 3347; x_wconf 85' lang='lat' dir='ltr'><strong>quam</strong></span> 
     </span>
     <span class='ocr_line' id='line_1_23' title="bbox 338 3368 1627 3436; baseline -0.001 -1"><span class='ocrx_word' id='word_1_144' title='bbox 338 3391 417 3435; x_wconf 90' lang='lat' dir='ltr'><strong>cum</strong></span> <span class='ocrx_word' id='word_1_145' title='bbox 448 3371 715 3436; x_wconf 87' lang='lat' dir='ltr'><strong>Beatitudinem</strong></span> <span class='ocrx_word' id='word_1_146' title='bbox 739 3371 905 3436; x_wconf 89' lang='lat' dir='ltr'><strong>Vestram</strong></span> <span class='ocrx_word' id='word_1_147' title='bbox 935 3371 1137 3436; x_wconf 87' lang='lat' dir='ltr'><strong>Romanurn</strong></span> <span class='ocrx_word' id='word_1_148' title='bbox 1161 3368 1373 3436; x_wconf 85' lang='lat' dir='ltr'><strong>Pontificem</strong></span> <span class='ocrx_word' id='word_1_149' title='bbox 1402 3372 1627 3436; x_wconf 76' lang='lat' dir='ltr'><strong>declaratam</strong></span> 
     </span>
     <span class='ocr_line' id='line_1_24' title="bbox 338 3477 1627 3561; baseline -0.002 -20"><span class='ocrx_word' id='word_1_150' title='bbox 338 3479 559 3560; x_wconf 89' lang='lat' dir='ltr'><strong>electamque</strong></span> <span class='ocrx_word' id='word_1_151' title='bbox 591 3477 856 3560; x_wconf 86' lang='lat' dir='ltr'><strong>cognovissem,</strong></span> <span class='ocrx_word' id='word_1_152' title='bbox 891 3478 987 3559; x_wconf 89' lang='lat' dir='ltr'><strong>quod</strong></span> <span class='ocrx_word' id='word_1_153' title='bbox 1010 3479 1135 3542; x_wconf 88' lang='lat' dir='ltr'><strong>sedulo</strong></span> <span class='ocrx_word' id='word_1_154' title='bbox 1158 3479 1266 3544; x_wconf 83' lang='lat' dir='ltr'><strong>etiam</strong></span> <span class='ocrx_word' id='word_1_155' title='bbox 1288 3479 1497 3561; x_wconf 88' lang='lat' dir='ltr'><strong>priusquam</strong></span> <span class='ocrx_word' id='word_1_156' title='bbox 1522 3477 1627 3541; x_wconf 90' lang='lat' dir='ltr'><strong>fieret</strong></span> 
     </span>
     <span class='ocr_line' id='line_1_25' title="bbox 337 3585 1630 3669; baseline 0 -21"><span class='ocrx_word' id='word_1_157' title='bbox 337 3586 427 3666; x_wconf 84' lang='lat' dir='ltr'><strong>fore,</strong></span> <span class='ocrx_word' id='word_1_158' title='bbox 451 3605 530 3650; x_wconf 88' lang='lat' dir='ltr'><strong>mea</strong></span> <span class='ocrx_word' id='word_1_159' title='bbox 555 3585 639 3650; x_wconf 90' lang='lat' dir='ltr'><strong>mihi</strong></span> <span class='ocrx_word' id='word_1_160' title='bbox 655 3606 754 3651; x_wconf 88' lang='lat' dir='ltr'><strong>mens</strong></span> <span class='ocrx_word' id='word_1_161' title='bbox 765 3585 1001 3669; x_wconf 76' lang='lat' dir='ltr'><strong>pronunciare</strong></span> <span class='ocrx_word' id='word_1_162' title='bbox 1022 3585 1281 3668; x_wconf 74' lang='lat' dir='ltr'><strong>presagireque</strong></span> <span class='ocrx_word' id='word_1_163' title='bbox 1300 3585 1501 3667; x_wconf 84' lang='lat' dir='ltr'><strong>videbatur,</strong></span> <span class='ocrx_word' id='word_1_164' title='bbox 1516 3587 1630 3650; x_wconf 89' lang='lat' dir='ltr'><strong>talem</strong></span> 
     </span>
     <span class='ocr_line' id='line_1_26' title="bbox 337 3689 1629 3778; baseline -0.002 -22"><span class='ocrx_word' id='word_1_165' title='bbox 337 3692 471 3778; x_wconf 90' lang='lat' dir='ltr'><strong>quippe</strong></span> <span class='ocrx_word' id='word_1_166' title='bbox 503 3701 713 3774; x_wconf 90' lang='lat' dir='ltr'><strong>tantumque</strong></span> <span class='ocrx_word' id='word_1_167' title='bbox 742 3691 947 3775; x_wconf 87' lang='lat' dir='ltr'><strong>pontificem</strong></span> <span class='ocrx_word' id='word_1_168' title='bbox 971 3690 1101 3756; x_wconf 84' lang='lat' dir='ltr'><strong>infesta</strong></span> <span class='ocrx_word' id='word_1_169' title='bbox 1131 3712 1173 3755; x_wconf 94' lang='lat' dir='ltr'><strong>ac</strong></span> <span class='ocrx_word' id='word_1_170' title='bbox 1197 3689 1404 3756; x_wconf 88' lang='lat' dir='ltr'><strong>calamitosa</strong></span> <span class='ocrx_word' id='word_1_171' title='bbox 1433 3692 1501 3756; x_wconf 87' lang='lat' dir='ltr'><strong>hec</strong></span> <span class='ocrx_word' id='word_1_172' title='bbox 1529 3691 1629 3756; x_wconf 89' lang='lat' dir='ltr'><strong>Chri-</strong></span> 
     </span>
     <span class='ocr_line' id='line_1_27' title="bbox 338 3798 1632 3882; baseline -0.002 -20"><span class='ocrx_word' id='word_1_173' title='bbox 338 3799 474 3864; x_wconf 90' lang='lat' dir='ltr'><strong>stianae</strong></span> <span class='ocrx_word' id='word_1_174' title='bbox 503 3799 587 3863; x_wconf 90' lang='lat' dir='ltr'><strong>fidei</strong></span> <span class='ocrx_word' id='word_1_175' title='bbox 609 3809 771 3882; x_wconf 88' lang='lat' dir='ltr'><strong>tempora</strong></span> <span class='ocrx_word' id='word_1_176' title='bbox 796 3801 1049 3872; x_wconf 82' lang='lat' dir='ltr'><strong>desiderabant</strong></span> <span class='ocrx_word' id='word_1_177' title='bbox 1073 3798 1439 3880; x_wconf 86' lang='lat' dir='ltr'><strong>expostulabantque,</strong></span> <span class='ocrx_word' id='word_1_178' title='bbox 1471 3799 1538 3881; x_wconf 89' lang='lat' dir='ltr'><strong>qui</strong></span> <span class='ocrx_word' id='word_1_179' title='bbox 1564 3799 1632 3861; x_wconf 91' lang='lat' dir='ltr'><strong>vir·</strong></span> 
     </span>
     <span class='ocr_line' id='line_1_28' title="bbox 337 3904 1634 3990; baseline -0.002 -19"><span class='ocrx_word' id='word_1_180' title='bbox 337 3916 413 3973; x_wconf 88' lang='lat' dir='ltr'><strong>tute</strong></span> <span class='ocrx_word' id='word_1_181' title='bbox 437 3905 633 3990; x_wconf 88' lang='lat' dir='ltr'><strong>prudencia</strong></span> <span class='ocrx_word' id='word_1_182' title='bbox 666 3927 707 3970; x_wconf 90' lang='lat' dir='ltr'><strong>ac</strong></span> <span class='ocrx_word' id='word_1_183' title='bbox 732 3906 1019 3972; x_wconf 89' lang='lat' dir='ltr'><strong>constantissima</strong></span> <span class='ocrx_word' id='word_1_184' title='bbox 1051 3923 1140 3986; x_wconf 87' lang='lat' dir='ltr'><strong>erga</strong></span> <span class='ocrx_word' id='word_1_185' title='bbox 1163 3913 1324 3969; x_wconf 87' lang='lat' dir='ltr'><strong>sanctam</strong></span> <span class='ocrx_word' id='word_1_186' title='bbox 1347 3904 1634 3988; x_wconf 53' lang='grc' dir='ltr'>1111111ρί1111,-</span> 
     </span>
     <span class='ocr_line' id='line_1_29' title="bbox 339 4005 1632 4102; baseline -0.003 -24"><span class='ocrx_word' id='word_1_187' title='bbox 339 4017 562 4078; x_wconf 90' lang='lat' dir='ltr'><strong>lutheranam</strong></span> <span class='ocrx_word' id='word_1_188' title='bbox 585 4016 703 4077; x_wconf 91' lang='lat' dir='ltr'><strong>labem</strong></span> <span class='ocrx_word' id='word_1_189' title='bbox 734 4033 781 4077; x_wconf 82' lang='lat' dir='ltr'><strong>ex</strong></span> <span class='ocrx_word' id='word_1_190' title='bbox 804 4013 967 4078; x_wconf 87' lang='lat' dir='ltr'><strong>Ecclesia</strong></span> <span class='ocrx_word' id='word_1_191' title='bbox 989 4011 1058 4076; x_wconf 89' lang='lat' dir='ltr'><strong>Dei</strong></span> <span class='ocrx_word' id='word_1_192' title='bbox 1092 4020 1128 4075; x_wconf 89' lang='lat' dir='ltr'><strong>et</strong></span> <span class='ocrx_word' id='word_1_193' title='bbox 1150 4011 1319 4102; x_wconf 85' lang='lat' dir='ltr'><strong>Romano</strong></span> <span class='ocrx_word' id='word_1_194' title='bbox 1344 4005 1500 4094; x_wconf 81' lang='lat' dir='ltr'><strong>Imperio</strong></span> <span class='ocrx_word' id='word_1_195' title='bbox 1527 4015 1632 4076; x_wconf 88' lang='lat' dir='ltr'><strong>tolle·</strong></span> 
     </span>
     <span class='ocr_line' id='line_1_30' title="bbox 338 4100 1636 4202; baseline -0.002 -17"><span class='ocrx_word' id='word_1_196' title='bbox 338 4132 394 4186; x_wconf 88' lang='lat' dir='ltr'><strong>ret</strong></span> <span class='ocrx_word' id='word_1_197' title='bbox 419 4123 580 4185; x_wconf 88' lang='lat' dir='ltr'><strong>aboleret</strong></span> <span class='ocrx_word' id='word_1_198' title='bbox 603 4119 818 4202; x_wconf 85' lang='lat' dir='ltr'><strong>eliminaret,</strong></span> <span class='ocrx_word' id='word_1_199' title='bbox 849 4123 945 4184; x_wconf 88' lang='lat' dir='ltr'><strong>unde</strong></span> <span class='ocrx_word' id='word_1_200' title='bbox 968 4116 1125 4182; x_wconf 86' lang='lat' dir='ltr'><strong>Consilio</strong></span> <span class='ocrx_word' id='word_1_201' title='bbox 1148 4120 1289 4182; x_wconf 88' lang='lat' dir='ltr'><strong>occulto</strong></span> <span class='ocrx_word' id='word_1_202' title='bbox 1311 4117 1380 4182; x_wconf 87' lang='lat' dir='ltr'><strong>Dei</strong></span> <span class='ocrx_word' id='word_1_203' title='bbox 1404 4100 1526 4182; x_wconf 83' lang='lat' dir='ltr'><strong>iudico</strong></span> <span class='ocrx_word' id='word_1_204' title='bbox 1543 4115 1636 4182; x_wconf 88' lang='lat' dir='ltr'><strong>San·</strong></span> 
     </span>
     <span class='ocr_line' id='line_1_31' title="bbox 339 4225 1636 4308; baseline -0.002 -16"><span class='ocrx_word' id='word_1_205' title='bbox 339 4229 498 4295; x_wconf 89' lang='lat' dir='ltr'><strong>ctitatem</strong></span> <span class='ocrx_word' id='word_1_206' title='bbox 521 4227 687 4294; x_wconf 85' lang='lat' dir='ltr'><strong>Vestram</strong></span> <span class='ocrx_word' id='word_1_207' title='bbox 720 4228 765 4290; x_wconf 92' lang='lat' dir='ltr'><strong>ad</strong></span> <span class='ocrx_word' id='word_1_208' title='bbox 788 4248 906 4291; x_wconf 88' lang='lat' dir='ltr'><strong>rerum</strong></span> <span class='ocrx_word' id='word_1_209' title='bbox 929 4225 1112 4307; x_wconf 84' lang='lat' dir='ltr'><strong>fastigium</strong></span> <span class='ocrx_word' id='word_1_210' title='bbox 1135 4233 1321 4305; x_wconf 87' lang='lat' dir='ltr'><strong>vocatam,</strong></span> <span class='ocrx_word' id='word_1_211' title='bbox 1356 4235 1395 4288; x_wconf 88' lang='lat' dir='ltr'><strong>ut</strong></span> <span class='ocrx_word' id='word_1_212' title='bbox 1416 4225 1498 4308; x_wconf 72' lang='lat' dir='ltr'><strong>ipsa</strong></span> <span class='ocrx_word' id='word_1_213' title='bbox 1532 4227 1636 4308; x_wconf 83' lang='lat' dir='ltr'><strong>quod</strong></span> 
     </span>
     <span class='ocr_line' id='line_1_32' title="bbox 338 4329 1640 4416; baseline -0.002 -18"><span class='ocrx_word' id='word_1_214' title='bbox 338 4335 390 4400; x_wconf 81' lang='lat' dir='ltr'><strong>fe:</strong></span> <span class='ocrx_word' id='word_1_215' title='bbox 421 4356 478 4399; x_wconf 85' lang='lat' dir='ltr'><strong>re:</strong></span> <span class='ocrx_word' id='word_1_216' title='bbox 510 4335 669 4400; x_wconf 86' lang='lat' dir='ltr'><strong>Leonem</strong></span> <span class='ocrx_word' id='word_1_217' title='bbox 700 4333 884 4400; x_wconf 87' lang='lat' dir='ltr'><strong>Decimum</strong></span> <span class='ocrx_word' id='word_1_218' title='bbox 914 4334 1206 4416; x_wconf 87' lang='lat' dir='ltr'><strong>predecessorem</strong></span> <span class='ocrx_word' id='word_1_219' title='bbox 1237 4329 1448 4396; x_wconf 83' lang='lat' dir='ltr'><strong>Sanctitatis</strong></span> <span class='ocrx_word' id='word_1_220' title='bbox 1469 4331 1640 4396; x_wconf 88' lang='lat' dir='ltr'><strong>Vestrae</strong></span> 
     </span>
     <span class='ocr_line' id='line_1_33' title="bbox 340 4438 1639 4522; baseline -0.002 -17"><span class='ocrx_word' id='word_1_221' title='bbox 340 4462 381 4505; x_wconf 86' lang='lat' dir='ltr'><strong>ac</strong></span> <span class='ocrx_word' id='word_1_222' title='bbox 414 4442 608 4506; x_wconf 86' lang='lat' dir='ltr'><strong>secuudum</strong></span> <span class='ocrx_word' id='word_1_223' title='bbox 641 4459 784 4509; x_wconf 89' lang='lat' dir='ltr'><strong>carnem</strong></span> <span class='ocrx_word' id='word_1_224' title='bbox 816 4442 1015 4522; x_wconf 83' lang='lat' dir='ltr'><strong>patruelem</strong></span> <span class='ocrx_word' id='word_1_225' title='bbox 1047 4438 1107 4520; x_wconf 88' lang='lat' dir='ltr'><strong>pie</strong></span> <span class='ocrx_word' id='word_1_226' title='bbox 1144 4457 1186 4501; x_wconf 89' lang='lat' dir='ltr'><strong>ac</strong></span> <span class='ocrx_word' id='word_1_227' title='bbox 1219 4447 1343 4504; x_wconf 88' lang='lat' dir='ltr'><strong>sancte</strong></span> <span class='ocrx_word' id='word_1_228' title='bbox 1382 4447 1532 4522; x_wconf 84' lang='lat' dir='ltr'><strong>ceptum</strong></span> <span class='ocrx_word' id='word_1_229' title='bbox 1570 4451 1639 4518; x_wconf 78' lang='lat' dir='ltr'><strong>est,</strong></span> 
     </span>
     <span class='ocr_line' id='line_1_34' title="bbox 339 4544 1643 4628; baseline -0.001 -15"><span class='ocrx_word' id='word_1_230' title='bbox 339 4556 481 4616; x_wconf 87' lang='lat' dir='ltr'><strong>strenue</strong></span> <span class='ocrx_word' id='word_1_231' title='bbox 513 4568 555 4612; x_wconf 95' lang='lat' dir='ltr'><strong>ac</strong></span> <span class='ocrx_word' id='word_1_232' title='bbox 585 4547 739 4612; x_wconf 82' lang='lat' dir='ltr'><strong>feliciter</strong></span> <span class='ocrx_word' id='word_1_233' title='bbox 769 4547 816 4610; x_wconf 92' lang='lat' dir='ltr'><strong>ad</strong></span> <span class='ocrx_word' id='word_1_234' title='bbox 839 4546 909 4610; x_wconf 91' lang='lat' dir='ltr'><strong>Dei</strong></span> <span class='ocrx_word' id='word_1_235' title='bbox 932 4544 1083 4628; x_wconf 86' lang='lat' dir='ltr'><strong>gloriam</strong></span> <span class='ocrx_word' id='word_1_236' title='bbox 1106 4544 1286 4628; x_wconf 85' lang='lat' dir='ltr'><strong>perficiat,</strong></span> <span class='ocrx_word' id='word_1_237' title='bbox 1319 4554 1356 4610; x_wconf 88' lang='lat' dir='ltr'><strong>et</strong></span> <span class='ocrx_word' id='word_1_238' title='bbox 1374 4545 1434 4610; x_wconf 74' lang='lat' dir='ltr'><strong>ad</strong></span> <span class='ocrx_word' id='word_1_239' title='bbox 1457 4545 1643 4612; x_wconf 85' lang='lat' dir='ltr'><strong>effectum</strong></span> 
     </span>
     <span class='ocr_line' id='line_1_35' title="bbox 339 4650 1642 4738; baseline -0.004 -17"><span class='ocrx_word' id='word_1_240' title='bbox 339 4657 523 4738; x_wconf 84' lang='lat' dir='ltr'><strong>perducat.</strong></span> <span class='ocrx_word' id='word_1_241' title='bbox 570 4655 749 4720; x_wconf 89' lang='lat' dir='ltr'><strong>Polliceor</strong></span> <span class='ocrx_word' id='word_1_242' title='bbox 781 4673 850 4736; x_wconf 92' lang='lat' dir='ltr'><strong>ego</strong></span> <span class='ocrx_word' id='word_1_243' title='bbox 884 4673 950 4736; x_wconf 85' lang='lat' dir='ltr'><strong>pro</strong></span> <span class='ocrx_word' id='word_1_244' title='bbox 984 4650 1119 4736; x_wconf 85' lang='lat' dir='ltr'><strong>pietate</strong></span> <span class='ocrx_word' id='word_1_245' title='bbox 1151 4671 1256 4734; x_wconf 89' lang='lat' dir='ltr'><strong>quam</strong></span> <span class='ocrx_word' id='word_1_246' title='bbox 1286 4652 1564 4736; x_wconf 82' lang='lat' dir='ltr'><strong>Deo-optimo,</strong></span> <span class='ocrx_word' id='word_1_247' title='bbox 1604 4664 1642 4718; x_wconf 89' lang='lat' dir='ltr'><strong>et</strong></span> 
     </span>
     <span class='ocr_line' id='line_1_36' title="bbox 340 4757 1644 4844; baseline -0.002 -18"><span class='ocrx_word' id='word_1_248' title='bbox 340 4761 571 4828; x_wconf 84' lang='lat' dir='ltr'><strong>observantia</strong></span> <span class='ocrx_word' id='word_1_249' title='bbox 603 4781 708 4844; x_wconf 88' lang='lat' dir='ltr'><strong>quam</strong></span> <span class='ocrx_word' id='word_1_250' title='bbox 741 4758 973 4826; x_wconf 72' lang='lat' dir='ltr'><strong>Sanctissimis</strong></span> <span class='ocrx_word' id='word_1_251' title='bbox 1005 4758 1238 4842; x_wconf 87' lang='lat' dir='ltr'><strong>Apostolicae</strong></span> <span class='ocrx_word' id='word_1_252' title='bbox 1270 4757 1357 4822; x_wconf 88' lang='lat' dir='ltr'><strong>Sedi</strong></span> <span class='ocrx_word' id='word_1_253' title='bbox 1395 4759 1541 4843; x_wconf 88' lang='lat' dir='ltr'><strong>debeo,</strong></span> <span class='ocrx_word' id='word_1_254' title='bbox 1582 4783 1644 4826; x_wconf 89' lang='lat' dir='ltr'><strong>me</strong></span> 
     </span>
     <span class='ocr_line' id='line_1_37' title="bbox 341 4864 1648 4952; baseline 0.002 -21"><span class='ocrx_word' id='word_1_255' title='bbox 341 4889 412 4936; x_wconf 85' lang='lat' dir='ltr'><strong>una</strong></span> <span class='ocrx_word' id='word_1_256' title='bbox 443 4889 524 4936; x_wconf 88' lang='lat' dir='ltr'><strong>cum</strong></span> <span class='ocrx_word' id='word_1_257' title='bbox 552 4868 664 4938; x_wconf 83' lang='lat' dir='ltr'><strong>fratre</strong></span> <span class='ocrx_word' id='word_1_258' title='bbox 694 4887 774 4934; x_wconf 89' lang='lat' dir='ltr'><strong>meo</strong></span> <span class='ocrx_word' id='word_1_259' title='bbox 808 4877 844 4931; x_wconf 87' lang='lat' dir='ltr'><strong>et</strong></span> <span class='ocrx_word' id='word_1_260' title='bbox 868 4865 1006 4931; x_wconf 89' lang='lat' dir='ltr'><strong>ceteris·</strong></span> <span class='ocrx_word' id='word_1_261' title='bbox 1028 4864 1149 4930; x_wconf 87' lang='lat' dir='ltr'><strong>amicis</strong></span> <span class='ocrx_word' id='word_1_262' title='bbox 1180 4866 1269 4930; x_wconf 89' lang='lat' dir='ltr'><strong>meis</strong></span> <span class='ocrx_word' id='word_1_263' title='bbox 1290 4865 1459 4930; x_wconf 85' lang='lat' dir='ltr'><strong>Romani.</strong></span> <span class='ocrx_word' id='word_1_264' title='bbox 1479 4865 1648 4952; x_wconf 80' lang='lat' dir='ltr'><strong>Imperii</strong></span> 
     </span>
    </p>
   </div>
   <div class='ocr_carea' id='block_1_7' title="bbox 0 0 1731 5700">
    <p class='ocr_par' dir='ltr' id='par_1_7' title="bbox 0 0 1731 5700">
     <span class='ocr_line' id='line_1_38' title="bbox 0 0 1731 5700; baseline 0 0"><span class='ocrx_word' id='word_1_265' title='bbox 0 0 1731 5700; x_wconf 95' lang='lat' dir='ltr'><strong> </strong></span> 
     </span>
    </p>
   </div>
  </div>
 </body>
</html>
