3425 5700
673 568 731 620 ΗΞ
771 569 821 623 129
862 567 920 620 tiro

152 735 280 777 versus
311 713 565 796 malignitatem
599 722 634 776 et
667 713 787 794 iniqua
811 713 958 776 consilia
982 733 1154 776 novorum
1177 713 1435 776 haereticorum

151 823 267 884 velles
291 831 328 884 ut
352 830 500 903 propter
524 841 667 884 causam
690 820 790 901 fidei,
814 818 851 883 in
871 820 974 884 cuius
998 820 1201 883 sinceritate
1226 831 1332 902 atque
1364 821 1434 881 uni-

149 937 229 991 tate
266 930 361 990 salus
396 929 551 990 omnium
587 937 744 991 nostrum
780 928 958 1008 consistit,
995 928 1187 992 communis
1223 927 1328 989 etiam
1363 948 1435 1008 pax

148 1045 262 1117 atque
279 1036 480 1116 concordia,
505 1045 540 1098 te
558 1056 698 1118 quoque
714 1045 858 1099 auctore
881 1047 916 1097 et
937 1035 1137 1116 defensore,
1156 1034 1341 1098 incolumis
1356 1055 1435 1097 con-

149 1152 333 1224 servetur,
366 1143 462 1224 quod
494 1153 589 1205 certe
623 1142 869 1225 dignissimum
903 1163 945 1204 ea
976 1163 1046 1223 qua
1069 1142 1187 1225 fulges
1211 1152 1248 1206 et
1270 1143 1377 1206 animi
1401 1152 1436 1205 et

149 1251 299 1331 generis
331 1249 517 1312 nobilitate
551 1251 689 1332 deoque
721 1249 1006 1333 acceptissimum
1036 1249 1192 1312 futurum
1223 1259 1294 1323 est;
1334 1248 1436 1311 nobis

149 1379 252 1438 vem,
277 1358 336 1438 qui
360 1367 442 1420 tuae
457 1357 634 1420 nobilitati
650 1379 696 1420 ex
711 1356 828 1421 animo
849 1378 990 1440 semper
1012 1356 1174 1436 favimuS,
1198 1355 1435 1438 gratissimum

147 1466 245 1528 sicut
278 1475 393 1528 tecum
425 1466 529 1527 latius
564 1465 681 1528 dilecti
715 1464 776 1527 filii
810 1465 971 1527 Marinus
995 1463 1221 1527 Caracciolus
1254 1475 1289 1526 et
1313 1463 1435 1525 Hiero·

149 1594 282 1654 nymus
306 1573 489 1636 Aleander
505 1573 643 1636 Notarii
668 1582 703 1635 et
727 1573 843 1635 nuncii
869 1573 981 1634 nostri
1004 1583 1126 1634 nostro
1151 1571 1292 1634 nomine
1316 1580 1435 1652 agent,

148 1681 282 1760 quibus
306 1701 474 1743 summam
498 1679 604 1742 fidem
629 1681 805 1743 Nobilitas
829 1690 891 1742 tua
914 1679 1072 1742 habebit.
1108 1679 1188 1742 Dat.
1213 1678 1353 1740 Rornae
1377 1677 1435 1739 die

151 1787 257 1850 XVI.
282 1787 400 1850 Martii
425 1787 599 1850 MDXXI
623 1788 729 1868 Anno
755 1798 893 1850 octavo.

766 2269 819 2334 53.

465 2394 642 2476 Desiderio
669 2395 817 2476 imum
845 2394 1122 2494 Roterodamdl.

601 2533 743 2598 (unua
753 2535 879 2594 amn.
891 2535 922 2593 1..
932 2533 987 2605 4ο.)

558 2645 632 2696 1Cum
652 2646 746 2694 litteris
769 2659 808 2708 19.
829 2648 918 2695 llartii
941 2649 1025 2708 1521·l

241 2769 382 2834 Dilecta
416 2770 465 2832 fili
497 2773 646 2834 salutem
679 2781 746 2834 etc.
793 2771 928 2836 Gratae
952 2771 1055 2834 nobis
1080 2772 1270 2834 admodum
1294 2770 1435 2832 fuerunt

147 2880 293 2941 litterae
317 2888 415 2951 tuae;
443 2880 668 2943 declararunt
693 2880 795 2955 enim,
820 2879 855 2941 id
882 2881 1020 2961 dequo
1045 2880 1257 2942 addubitare
1278 2878 1433 2960 aliquan·

147 2999 224 3049 tum
250 3006 468 3067 ceperamus
493 3007 609 3067 neque
633 2997 768 3050 tanturn
791 3008 837 3049 ex
861 2989 1081 3068 quorundam
1105 2986 1264 3067 quamvis
1284 2987 1434 3069 pruden-

148 3094 236 3155 tium
272 3103 308 3157 et
337 3097 529 3175 proborum
559 3094 761 3157 testimonio
771 3143 780 3175 ‚
814 3105 984 3176 quantum
1016 3116 1061 3157 ex
1091 3094 1233 3175 scriptis
1256 3094 1434 3156 nonnullis

148 3200 221 3263 tuis
251 3221 342 3281 quae
372 3201 684 3281 circumferuntur,
715 3212 750 3263 te
775 3202 1002 3265 nihilominus
1026 3202 1176 3283 egregia
1199 3212 1235 3263 et
1259 3201 1434 3264 constanti

148 3328 231 3370 esse
265 3328 343 3371 cum
373 3306 409 3370 in
442 3329 507 3370 nos
540 3320 770 3390 sanctamque
804 3311 896 3372 hanc
921 3309 1153 3391 apostolicam
1179 3305 1327 3386 Sedem,
1360 3318 1433 3369 tum

148 3435 241 3497 erga
272 3435 492 3478 communem
516 3436 641 3498 pacem
667 3416 966 3497 concordiamque
990 3427 1026 3479 et
1050 3416 1084 3478 in
1108 3414 1230 3496 primis
1254 3415 1433 3496 publicam

147 3520 379 3585 christianam
404 3532 439 3585 et
463 3542 537 3583 rem
562 3532 597 3584 et
621 3524 736 3604 legem
754 3524 954 3595 voluntate;
980 3524 1075 3603 quod
1091 3522 1253 3606 profecto
1270 3524 1432 3604 preclare

149 3629 319 3692 convenit
343 3640 379 3691 et
402 3628 483 3691 huic
507 3628 651 3711 ingenio
676 3632 772 3711 quod
789 3629 858 3693 Dei
881 3629 1055 3693 beneficio
1080 3650 1251 3693 summum
1274 3631 1321 3691 ad
1345 3631 1432 3711 opti·

148 3758 226 3799 mas
250 3735 456 3819 disciplinas
480 3735 638 3818 attulisti,
664 3747 699 3799 et
724 3736 773 3799 eis
798 3737 923 3799 studiis
947 3736 1100 3818 pietatis,
1125 3758 1215 3818 quae
1238 3757 1378 3818 semper
1395 3760 1433 3799 es

151 3844 346 3927 professus.
395 3844 519 3925 Itaque
551 3864 635 3924 nos,
669 3864 818 3925 quorum
842 3865 951 3926 saepe
975 3846 1022 3908 ob
1046 3844 1199 3908 animum
1223 3846 1434 3907 versabatur

149 3952 203 4013 tui
228 3970 429 4032 quanquam
454 3950 611 4013 absentis
636 3952 805 4014 memoria
830 3972 908 4014 cum
933 3952 977 4013 de
1001 3951 1070 4013 tuis
1089 3951 1227 4015 eximiis
1242 3952 1433 4014 virtutibus

149 4058 270 4140 aliquo
294 4058 453 4139 praemio
477 4042 709 4121 honestandis
733 4058 987 4139 cogitaremus,
1015 4058 1197 4139 paulisper
1221 4080 1267 4121 ex
1291 4080 1334 4123 ea
1359 4060 1431 4141 opi·

150 4166 258 4228 nione
282 4166 471 4247 deturbati,
496 4167 601 4229 valde
625 4166 808 4247 iucunde²)
834 4165 1026 4247 accipimus
1049 4165 1245 4229 restitutam
1270 4168 1305 4230 in
1329 4168 1432 4231 nobis

151 4294 231 4336 esse
256 4272 374 4336 officio
407 4284 442 4335 et
467 4272 651 4355 diligentia
680 4272 876 4335 litterarum
903 4284 1041 4335 tuarum
1067 4283 1220 4335 mentem
1248 4275 1431 4355 pristinam

150 4380 323 4461 diligendi
348 4380 409 4445 tui.
456 4380 576 4461 Atque
600 4380 748 4459 utinam,
782 4381 877 4461 quod
901 4382 971 4442 iam
995 4381 1098 4442 nobis
1122 4391 1261 4442 constat
1285 4394 1429 4444 certum-

151 4508 221 4568 que
255 4496 322 4567 est,
354 4488 398 4549 de
423 4486 540 4551 officio
570 4496 605 4549 et
629 4489 812 4549 voluntate
836 4497 897 4549 tua
927 4487 962 4549 in
986 4489 1078 4550 hanc
1103 4487 1270 4550 Sanctam
1300 4489 1430 4550 Sedem

151 4614 444 4676 communemque
468 4594 536 4657 Dei
569 4594 652 4657 fidei
683 4594 718 4656 id
750 4596 844 4676 apud
875 4606 1035 4657 caeteros
1060 4616 1181 4657 omnes
1206 4615 1431 4659 cerneremus

185 4824 205 4895 ¹)
224 4828 317 4875 Edidit
336 4828 473 4875 Laemmer
492 4826 538 4875 sed
557 4843 610 4875 non
629 4828 654 4876 in
675 4828 797 4875 omnibus
818 4836 895 4877 recte.

183 4915 204 4981 ¹)
225 4919 376 4965 Laemmer:
395 4918 550 4965 laetabunde
567 4920 720 4979 accepimus.

176 5024 259 5072 Helen,
271 5024 414 5063 nocumenta
423 5024 561 5063 bulherum.
