<?xml version="1.0" encoding="UTF-8"?>
<!DOCTYPE html PUBLIC "-//W3C//DTD XHTML 1.0 Transitional//EN"
    "http://www.w3.org/TR/xhtml1/DTD/xhtml1-transitional.dtd">
<html xmlns="http://www.w3.org/1999/xhtml" xml:lang="en" lang="en">
 <head>
  <title>
</title>
<meta http-equiv="Content-Type" content="text/html;charset=utf-8" />
  <meta name='ocr-system' content='tesseract 3.04.00' />
  <meta name='ocr-capabilities' content='ocr_page ocr_carea ocr_par ocr_line ocrx_word'/>
</head>
<body>
  <div class='ocr_page' id='page_1' title='image "./monumentareform00unkngoog_0088.png"; bbox 0 0 3425 5700; ppageno 0'>
   <div class='ocr_carea' id='block_1_1' title="bbox 823 565 1052 621">
    <p class='ocr_par' dir='ltr' id='par_1_1' title="bbox 823 565 1052 621">
     <span class='ocr_line' id='line_1_1' title="bbox 823 565 1052 621; baseline 0.009 -3"><span class='ocrx_word' id='word_1_1' title='bbox 823 565 1052 621; x_wconf 45' lang='lat' dir='ltr'>&amp;biiii-0</span> 
     </span>
    </p>
   </div>
   <div class='ocr_carea' id='block_1_2' title="bbox 295 711 1576 1010">
    <p class='ocr_par' dir='ltr' id='par_1_2' title="bbox 295 711 1576 1010">
     <span class='ocr_line' id='line_1_2' title="bbox 296 711 1575 795; baseline 0.002 -23"><span class='ocrx_word' id='word_1_2' title='bbox 296 713 330 772; x_wconf 92' lang='lat' dir='ltr'>di</span> <span class='ocrx_word' id='word_1_3' title='bbox 361 712 425 774; x_wconf 78' lang='lat' dir='ltr'>Dio</span> <span class='ocrx_word' id='word_1_4' title='bbox 458 711 611 774; x_wconf 85' lang='lat' dir='ltr'>sodisfar</span> <span class='ocrx_word' id='word_1_5' title='bbox 642 712 702 774; x_wconf 81' lang='lat' dir='ltr'>alli</span> <span class='ocrx_word' id='word_1_6' title='bbox 732 711 901 774; x_wconf 89' lang='lat' dir='ltr'>desiderii</span> <span class='ocrx_word' id='word_1_7' title='bbox 927 724 961 775; x_wconf 85' lang='lat' dir='ltr'>et</span> <span class='ocrx_word' id='word_1_8' title='bbox 994 714 1277 776; x_wconf 89' lang='lat' dir='ltr'>comandamenti</span> <span class='ocrx_word' id='word_1_9' title='bbox 1307 713 1343 775; x_wconf 92' lang='lat' dir='ltr'>di</span> <span class='ocrx_word' id='word_1_10' title='bbox 1375 717 1510 795; x_wconf 90' lang='lat' dir='ltr'>quella,</span> <span class='ocrx_word' id='word_1_11' title='bbox 1542 716 1575 776; x_wconf 88' lang='grc'>13</span> 
     </span>
     <span class='ocr_line' id='line_1_3' title="bbox 296 818 1576 901; baseline 0.002 -20"><span class='ocrx_word' id='word_1_12' title='bbox 296 821 377 900; x_wconf 89' lang='lat' dir='ltr'>qual</span> <span class='ocrx_word' id='word_1_13' title='bbox 402 839 440 880; x_wconf 91' lang='lat' dir='ltr'>se</span> <span class='ocrx_word' id='word_1_14' title='bbox 465 819 575 900; x_wconf 84' lang='lat' dir='ltr'>degni</span> <span class='ocrx_word' id='word_1_15' title='bbox 598 820 654 882; x_wconf 84' lang='lat' dir='ltr'>lar</span> <span class='ocrx_word' id='word_1_16' title='bbox 677 818 754 882; x_wconf 85' lang='lat' dir='ltr'>fare</span> <span class='ocrx_word' id='word_1_17' title='bbox 778 819 879 882; x_wconf 78' lang='lat' dir='ltr'>costa</span> <span class='ocrx_word' id='word_1_18' title='bbox 902 821 1053 901; x_wconf 82' lang='lat' dir='ltr'>qualche</span> <span class='ocrx_word' id='word_1_19' title='bbox 1077 822 1196 884; x_wconf 91' lang='lat' dir='ltr'>buone</span> <span class='ocrx_word' id='word_1_20' title='bbox 1220 821 1372 884; x_wconf 89' lang='lat' dir='ltr'>orationi</span> <span class='ocrx_word' id='word_1_21' title='bbox 1396 831 1432 884; x_wconf 90' lang='lat' dir='ltr'>et</span> <span class='ocrx_word' id='word_1_22' title='bbox 1456 844 1477 882; x_wconf 92' lang='lat' dir='ltr'>a</span> <span class='ocrx_word' id='word_1_23' title='bbox 1499 843 1576 884; x_wconf 89' lang='lat' dir='ltr'>essa</span> 
     </span>
     <span class='ocr_line' id='line_1_4' title="bbox 295 925 1575 1010; baseline 0.002 -22"><span class='ocrx_word' id='word_1_24' title='bbox 295 946 360 1006; x_wconf 90' lang='lat' dir='ltr'>per</span> <span class='ocrx_word' id='word_1_25' title='bbox 384 925 478 988; x_wconf 92' lang='lat' dir='ltr'>mille</span> <span class='ocrx_word' id='word_1_26' title='bbox 503 928 598 988; x_wconf 88' lang='lat' dir='ltr'>volte</span> <span class='ocrx_word' id='word_1_27' title='bbox 623 928 711 988; x_wconf 89' lang='lat' dir='ltr'>baso</span> <span class='ocrx_word' id='word_1_28' title='bbox 735 929 769 989; x_wconf 87' lang='lat' dir='ltr'>le</span> <span class='ocrx_word' id='word_1_29' title='bbox 793 926 902 1004; x_wconf 87' lang='lat' dir='ltr'>mani,</span> <span class='ocrx_word' id='word_1_30' title='bbox 927 928 1139 1008; x_wconf 89' lang='lat' dir='ltr'>pregandoli</span> <span class='ocrx_word' id='word_1_31' title='bbox 1163 932 1260 992; x_wconf 91' lang='lat' dir='ltr'>bona</span> <span class='ocrx_word' id='word_1_32' title='bbox 1282 931 1391 1010; x_wconf 84' lang='lat' dir='ltr'>longa</span> <span class='ocrx_word' id='word_1_33' title='bbox 1414 939 1449 992; x_wconf 88' lang='lat' dir='ltr'>et</span> <span class='ocrx_word' id='word_1_34' title='bbox 1473 927 1575 990; x_wconf 91' lang='lat' dir='ltr'>felice</span> 
     </span>
    </p>
   </div>
   <div class='ocr_carea' id='block_1_3' title="bbox 295 1031 1685 1098">
    <p class='ocr_par' dir='ltr' id='par_1_3' title="bbox 295 1031 1685 1098">
     <span class='ocr_line' id='line_1_5' title="bbox 295 1031 1685 1098; baseline 0.002 -5"><span class='ocrx_word' id='word_1_35' title='bbox 295 1033 369 1094; x_wconf 86' lang='lat' dir='ltr'>vita</span> <span class='ocrx_word' id='word_1_36' title='bbox 391 1032 538 1094; x_wconf 86' lang='lat' dir='ltr'>insieme</span> <span class='ocrx_word' id='word_1_37' title='bbox 563 1053 629 1096; x_wconf 92' lang='lat' dir='ltr'>con</span> <span class='ocrx_word' id='word_1_38' title='bbox 654 1035 687 1094; x_wconf 91' lang='lat' dir='ltr'>el</span> <span class='ocrx_word' id='word_1_39' title='bbox 712 1031 954 1096; x_wconf 88' lang='lat' dir='ltr'>Sanctissim0.</span> <span class='ocrx_word' id='word_1_40' title='bbox 991 1033 1214 1098; x_wconf 90' lang='lat' dir='ltr'>Wormatiae</span> <span class='ocrx_word' id='word_1_41' title='bbox 1239 1057 1284 1098; x_wconf 85' lang='lat' dir='ltr'>ex</span> <span class='ocrx_word' id='word_1_42' title='bbox 1308 1039 1390 1098; x_wconf 90' lang='lat' dir='ltr'>aula</span> <span class='ocrx_word' id='word_1_43' title='bbox 1414 1035 1576 1098; x_wconf 85' lang='lat' dir='ltr'>Caesaris</span> <span class='ocrx_word' id='word_1_44' title='bbox 1684 1049 1685 1072; x_wconf 48' lang='lat' dir='ltr'>l</span> 
     </span>
    </p>
   </div>
   <div class='ocr_carea' id='block_1_4' title="bbox 297 1139 788 1203">
    <p class='ocr_par' dir='ltr' id='par_1_4' title="bbox 297 1139 788 1203">
     <span class='ocr_line' id='line_1_6' title="bbox 297 1139 788 1203; baseline 0.004 -2"><span class='ocrx_word' id='word_1_45' title='bbox 297 1140 370 1202; x_wconf 88' lang='lat' dir='ltr'>XII</span> <span class='ocrx_word' id='word_1_46' title='bbox 394 1139 581 1202; x_wconf 84' lang='lat' dir='ltr'>Februarii</span> <span class='ocrx_word' id='word_1_47' title='bbox 604 1140 788 1203; x_wconf 88' lang='lat' dir='ltr'><strong>MDXXI.</strong></span> 
     </span>
    </p>
   </div>
   <div class='ocr_carea' id='block_1_5' title="bbox 829 1317 1034 1330">
    <p class='ocr_par' dir='ltr' id='par_1_5' title="bbox 829 1317 1034 1330">
     <span class='ocr_line' id='line_1_7' title="bbox 829 1317 1034 1330; baseline 0 0"><span class='ocrx_word' id='word_1_48' title='bbox 829 1318 904 1330; x_wconf 61' lang='lat' dir='ltr'>mv*</span> <span class='ocrx_word' id='word_1_49' title='bbox 912 1317 957 1330; x_wconf 63' lang='grc' dir='ltr'>’,ΓΜ</span> <span class='ocrx_word' id='word_1_50' title='bbox 971 1319 997 1330; x_wconf 64' lang='grc' dir='ltr'>Ἰν</span> <span class='ocrx_word' id='word_1_51' title='bbox 1010 1318 1034 1330; x_wconf 53' lang='lat' dir='ltr'>Vk&#39;</span> 
     </span>
    </p>
   </div>
   <div class='ocr_carea' id='block_1_6' title="bbox 910 1551 963 1615">
    <p class='ocr_par' dir='ltr' id='par_1_6' title="bbox 910 1551 963 1615">
     <span class='ocr_line' id='line_1_8' title="bbox 910 1551 963 1615; baseline 0 0"><span class='ocrx_word' id='word_1_52' title='bbox 910 1551 963 1615; x_wconf 78' lang='lat'>22.</span> 
     </span>
    </p>
   </div>
   <div class='ocr_carea' id='block_1_7' title="bbox 632 1659 1243 1740">
    <p class='ocr_par' dir='ltr' id='par_1_7' title="bbox 632 1659 1243 1740">
     <span class='ocr_line' id='line_1_9' title="bbox 632 1659 1243 1740; baseline 0.002 -1"><span class='ocrx_word' id='word_1_53' title='bbox 632 1659 841 1739; x_wconf 83' lang='lat' dir='ltr'>Aleander</span> <span class='ocrx_word' id='word_1_54' title='bbox 870 1659 1243 1740; x_wconf 82' lang='lat' dir='ltr'>Vioeounoallario.</span> 
     </span>
    </p>
   </div>
   <div class='ocr_carea' id='block_1_8' title="bbox 659 1786 1212 1958">
    <p class='ocr_par' dir='ltr' id='par_1_8' title="bbox 659 1786 1212 1958">
     <span class='ocr_line' id='line_1_10' title="bbox 774 1786 1115 1855; baseline 0.015 -9"><span class='ocrx_word' id='word_1_55' title='bbox 774 1786 872 1855; x_wconf 71' lang='lat' dir='ltr'>(llum.</span> <span class='ocrx_word' id='word_1_56' title='bbox 891 1788 980 1847; x_wconf 73' lang='lat' dir='ltr'>fiem-</span> <span class='ocrx_word' id='word_1_57' title='bbox 999 1787 1029 1847; x_wconf 70' lang='lat' dir='ltr'>L.</span> <span class='ocrx_word' id='word_1_58' title='bbox 1048 1787 1115 1854; x_wconf 62' lang='lat'>132)</span> 
     </span>
     <span class='ocr_line' id='line_1_11' title="bbox 659 1888 1212 1958; baseline 0 -18"><span class='ocrx_word' id='word_1_59' title='bbox 659 1893 710 1955; x_wconf 82' lang='lat' dir='ltr'>(Ex</span> <span class='ocrx_word' id='word_1_60' title='bbox 729 1892 879 1941; x_wconf 83' lang='lat' dir='ltr'>Worruatia</span> <span class='ocrx_word' id='word_1_61' title='bbox 898 1891 941 1940; x_wconf 85' lang='lat' dir='ltr'>die</span> <span class='ocrx_word' id='word_1_62' title='bbox 964 1903 1003 1954; x_wconf 92' lang='lat'>14.</span> <span class='ocrx_word' id='word_1_63' title='bbox 1024 1891 1102 1939; x_wconf 83' lang='lat' dir='ltr'>Febr.</span> <span class='ocrx_word' id='word_1_64' title='bbox 1126 1888 1212 1958; x_wconf 84' lang='lat'>1521.)</span> 
     </span>
    </p>
   </div>
   <div class='ocr_carea' id='block_1_9' title="bbox 384 1996 1579 2082">
    <p class='ocr_par' dir='ltr' id='par_1_9' title="bbox 384 1996 1579 2082">
     <span class='ocr_line' id='line_1_12' title="bbox 384 1996 1579 2082; baseline -0.001 -19"><span class='ocrx_word' id='word_1_65' title='bbox 384 2001 560 2063; x_wconf 88' lang='lat' dir='ltr'>Havendo</span> <span class='ocrx_word' id='word_1_66' title='bbox 586 2001 671 2082; x_wconf 88' lang='lat' dir='ltr'>oggi</span> <span class='ocrx_word' id='word_1_67' title='bbox 695 2000 810 2063; x_wconf 91' lang='lat' dir='ltr'>inteso</span> <span class='ocrx_word' id='word_1_68' title='bbox 843 1999 923 2060; x_wconf 90' lang='lat' dir='ltr'>chel</span> <span class='ocrx_word' id='word_1_69' title='bbox 954 1996 1089 2060; x_wconf 89' lang='lat' dir='ltr'>corrier</span> <span class='ocrx_word' id='word_1_70' title='bbox 1120 2000 1152 2061; x_wconf 91' lang='lat' dir='ltr'>el</span> <span class='ocrx_word' id='word_1_71' title='bbox 1177 2000 1260 2080; x_wconf 89' lang='lat' dir='ltr'>qual</span> <span class='ocrx_word' id='word_1_72' title='bbox 1285 2019 1346 2062; x_wconf 87' lang='lat' dir='ltr'>era</span> <span class='ocrx_word' id='word_1_73' title='bbox 1369 2018 1435 2081; x_wconf 89' lang='lat' dir='ltr'>per</span> <span class='ocrx_word' id='word_1_74' title='bbox 1466 2001 1579 2081; x_wconf 81' lang='lat' dir='ltr'>partit</span> 
     </span>
    </p>
   </div>
   <div class='ocr_carea' id='block_1_10' title="bbox 295 2105 1578 2724">
    <p class='ocr_par' dir='ltr' id='par_1_10' title="bbox 295 2105 1578 2724">
     <span class='ocr_line' id='line_1_13' title="bbox 296 2105 1578 2190; baseline -0.002 -20"><span class='ocrx_word' id='word_1_75' title='bbox 296 2108 355 2188; x_wconf 75' lang='lat' dir='ltr'>gia</span> <span class='ocrx_word' id='word_1_76' title='bbox 378 2118 433 2171; x_wconf 93' lang='lat' dir='ltr'>tre</span> <span class='ocrx_word' id='word_1_77' title='bbox 458 2107 590 2190; x_wconf 82' lang='lat' dir='ltr'>giomi,</span> <span class='ocrx_word' id='word_1_78' title='bbox 620 2129 692 2170; x_wconf 93' lang='lat' dir='ltr'>non</span> <span class='ocrx_word' id='word_1_79' title='bbox 724 2126 785 2169; x_wconf 91' lang='lat' dir='ltr'>era</span> <span class='ocrx_word' id='word_1_80' title='bbox 809 2125 917 2168; x_wconf 91' lang='lat' dir='ltr'>ancor</span> <span class='ocrx_word' id='word_1_81' title='bbox 941 2105 1089 2187; x_wconf 92' lang='lat' dir='ltr'>partit0,</span> <span class='ocrx_word' id='word_1_82' title='bbox 1118 2105 1165 2167; x_wconf 93' lang='lat' dir='ltr'>mi</span> <span class='ocrx_word' id='word_1_83' title='bbox 1189 2108 1236 2168; x_wconf 95' lang='lat' dir='ltr'>ho</span> <span class='ocrx_word' id='word_1_84' title='bbox 1261 2105 1352 2169; x_wconf 87' lang='lat' dir='ltr'>fatto</span> <span class='ocrx_word' id='word_1_85' title='bbox 1375 2105 1532 2169; x_wconf 87' lang='lat' dir='ltr'>restituir</span> <span class='ocrx_word' id='word_1_86' title='bbox 1557 2107 1578 2168; x_wconf 94' lang='lat' dir='ltr'>il</span> 
     </span>
     <span class='ocr_line' id='line_1_14' title="bbox 295 2205 1578 2297; baseline -0.002 -19"><span class='ocrx_word' id='word_1_87' title='bbox 295 2217 485 2297; x_wconf 89' lang='lat' dir='ltr'>pacchetto</span> <span class='ocrx_word' id='word_1_88' title='bbox 502 2217 547 2278; x_wconf 92' lang='lat' dir='ltr'>de</span> <span class='ocrx_word' id='word_1_89' title='bbox 561 2214 630 2278; x_wconf 87' lang='lat' dir='ltr'>mie</span> <span class='ocrx_word' id='word_1_90' title='bbox 654 2217 781 2277; x_wconf 90' lang='lat' dir='ltr'>lettere</span> <span class='ocrx_word' id='word_1_91' title='bbox 806 2223 841 2276; x_wconf 88' lang='lat' dir='ltr'>et</span> <span class='ocrx_word' id='word_1_92' title='bbox 865 2211 1065 2294; x_wconf 89' lang='lat' dir='ltr'>aggiuntoli</span> <span class='ocrx_word' id='word_1_93' title='bbox 1090 2205 1216 2293; x_wconf 90' lang='lat' dir='ltr'>questa</span> <span class='ocrx_word' id='word_1_94' title='bbox 1240 2232 1305 2293; x_wconf 90' lang='lat' dir='ltr'>per</span> <span class='ocrx_word' id='word_1_95' title='bbox 1320 2215 1356 2275; x_wconf 84' lang='lat' dir='ltr'>la</span> <span class='ocrx_word' id='word_1_96' title='bbox 1372 2214 1455 2294; x_wconf 92' lang='lat' dir='ltr'>qual</span> <span class='ocrx_word' id='word_1_97' title='bbox 1473 2213 1578 2295; x_wconf 86' lang='lat' dir='ltr'>signi-</span> 
     </span>
     <span class='ocr_line' id='line_1_15' title="bbox 295 2317 1578 2401; baseline -0.002 -17"><span class='ocrx_word' id='word_1_98' title='bbox 295 2322 362 2384; x_wconf 89' lang='lat' dir='ltr'>fico</span> <span class='ocrx_word' id='word_1_99' title='bbox 398 2343 420 2384; x_wconf 91' lang='lat' dir='ltr'>a</span> <span class='ocrx_word' id='word_1_100' title='bbox 451 2321 494 2384; x_wconf 88' lang='lat' dir='ltr'>V.</span> <span class='ocrx_word' id='word_1_101' title='bbox 528 2320 563 2385; x_wconf 88' lang='lat' dir='ltr'>S.</span> <span class='ocrx_word' id='word_1_102' title='bbox 598 2323 673 2385; x_wconf 79' lang='lat' dir='ltr'><strong>R¹¹¹¹</strong></span> <span class='ocrx_word' id='word_1_103' title='bbox 711 2340 811 2384; x_wconf 89' lang='lat' dir='ltr'>corne</span> <span class='ocrx_word' id='word_1_104' title='bbox 847 2319 912 2382; x_wconf 90' lang='lat' dir='ltr'>ieri</span> <span class='ocrx_word' id='word_1_105' title='bbox 950 2319 1065 2400; x_wconf 89' lang='lat' dir='ltr'>primo</span> <span class='ocrx_word' id='word_1_106' title='bbox 1097 2317 1131 2381; x_wconf 89' lang='lat' dir='ltr'>di</span> <span class='ocrx_word' id='word_1_107' title='bbox 1169 2318 1206 2380; x_wconf 90' lang='lat' dir='ltr'>di</span> <span class='ocrx_word' id='word_1_108' title='bbox 1228 2319 1438 2399; x_wconf 81' lang='lat' dir='ltr'>Quaresima</span> <span class='ocrx_word' id='word_1_109' title='bbox 1469 2321 1578 2401; x_wconf 88' lang='lat' dir='ltr'>dopoi</span> 
     </span>
     <span class='ocr_line' id='line_1_16' title="bbox 295 2425 1577 2510; baseline -0.002 -18"><span class='ocrx_word' id='word_1_110' title='bbox 295 2449 425 2510; x_wconf 88' lang='lat' dir='ltr'>pranso</span> <span class='ocrx_word' id='word_1_111' title='bbox 442 2429 478 2491; x_wconf 93' lang='lat' dir='ltr'>in</span> <span class='ocrx_word' id='word_1_112' title='bbox 496 2439 674 2491; x_wconf 88' lang='lat' dir='ltr'>conventu</span> <span class='ocrx_word' id='word_1_113' title='bbox 689 2425 977 2508; x_wconf 82' lang='lat' dir='ltr'>frequentissimo</span> <span class='ocrx_word' id='word_1_114' title='bbox 989 2425 1151 2488; x_wconf 84' lang='lat' dir='ltr'>Caesaris</span> <span class='ocrx_word' id='word_1_115' title='bbox 1169 2425 1367 2508; x_wconf 89' lang='lat' dir='ltr'>principum</span> <span class='ocrx_word' id='word_1_116' title='bbox 1383 2429 1577 2490; x_wconf 89' lang='lat' dir='ltr'>electorum</span> 
     </span>
     <span class='ocr_line' id='line_1_17' title="bbox 296 2532 1577 2617; baseline -0.002 -18"><span class='ocrx_word' id='word_1_117' title='bbox 296 2537 460 2617; x_wconf 91' lang='lat' dir='ltr'>omniurn,</span> <span class='ocrx_word' id='word_1_118' title='bbox 485 2545 638 2617; x_wconf 88' lang='lat' dir='ltr'>excepto</span> <span class='ocrx_word' id='word_1_119' title='bbox 663 2533 809 2598; x_wconf 88' lang='lat' dir='ltr'>Saxone</span> <span class='ocrx_word' id='word_1_120' title='bbox 833 2533 894 2616; x_wconf 93' lang='lat' dir='ltr'>qui</span> <span class='ocrx_word' id='word_1_121' title='bbox 926 2533 1104 2596; x_wconf 89' lang='lat' dir='ltr'>simulavit</span> <span class='ocrx_word' id='word_1_122' title='bbox 1135 2532 1312 2596; x_wconf 87' lang='lat' dir='ltr'>sinistram</span> <span class='ocrx_word' id='word_1_123' title='bbox 1337 2534 1577 2598; x_wconf 87' lang='lat' dir='ltr'>valetudinem</span> 
     </span>
     <span class='ocr_line' id='line_1_18' title="bbox 296 2639 1577 2724; baseline 0 -19"><span class='ocrx_word' id='word_1_124' title='bbox 296 2654 332 2706; x_wconf 90' lang='lat' dir='ltr'>et</span> <span class='ocrx_word' id='word_1_125' title='bbox 362 2643 492 2706; x_wconf 72' lang='lat' dir='ltr'>mandi&gt;</span> <span class='ocrx_word' id='word_1_126' title='bbox 525 2662 590 2705; x_wconf 88' lang='lat' dir='ltr'>suo</span> <span class='ocrx_word' id='word_1_127' title='bbox 614 2645 842 2705; x_wconf 90' lang='lat' dir='ltr'>locoteneute</span> <span class='ocrx_word' id='word_1_128' title='bbox 867 2660 934 2704; x_wconf 90' lang='lat' dir='ltr'>con</span> <span class='ocrx_word' id='word_1_129' title='bbox 959 2639 1076 2702; x_wconf 91' lang='lat' dir='ltr'>alcuni</span> <span class='ocrx_word' id='word_1_130' title='bbox 1101 2640 1333 2724; x_wconf 86' lang='lat' dir='ltr'>conseglieri,</span> <span class='ocrx_word' id='word_1_131' title='bbox 1369 2651 1404 2704; x_wconf 90' lang='lat' dir='ltr'>et</span> <span class='ocrx_word' id='word_1_132' title='bbox 1428 2642 1577 2705; x_wconf 90' lang='lat' dir='ltr'>aliorum</span> 
     </span>
    </p>
   </div>
   <div class='ocr_carea' id='block_1_11' title="bbox 297 2747 1688 2831">
    <p class='ocr_par' dir='ltr' id='par_1_11' title="bbox 297 2747 1688 2831">
     <span class='ocr_line' id='line_1_19' title="bbox 297 2747 1688 2831; baseline 0 -19"><span class='ocrx_word' id='word_1_133' title='bbox 297 2749 500 2831; x_wconf 88' lang='lat' dir='ltr'>Principum</span> <span class='ocrx_word' id='word_1_134' title='bbox 536 2760 608 2811; x_wconf 91' lang='lat' dir='ltr'>tam</span> <span class='ocrx_word' id='word_1_135' title='bbox 640 2747 971 2811; x_wconf 89' lang='lat' dir='ltr'>Ecclesiasticorum</span> <span class='ocrx_word' id='word_1_136' title='bbox 1008 2767 1113 2828; x_wconf 92' lang='lat' dir='ltr'>quarn</span> <span class='ocrx_word' id='word_1_137' title='bbox 1151 2747 1319 2811; x_wconf 89' lang='lat' dir='ltr'>laicorum</span> <span class='ocrx_word' id='word_1_138' title='bbox 1356 2758 1391 2810; x_wconf 86' lang='lat' dir='ltr'>et</span> <span class='ocrx_word' id='word_1_139' title='bbox 1423 2751 1578 2812; x_wconf 90' lang='lat' dir='ltr'>omnium</span> <span class='ocrx_word' id='word_1_140' title='bbox 1687 2759 1688 2786; x_wconf 64' lang='lat'>¹</span> 
     </span>
    </p>
   </div>
   <div class='ocr_carea' id='block_1_12' title="bbox 295 2855 1579 3153">
    <p class='ocr_par' dir='ltr' id='par_1_12' title="bbox 295 2855 1579 3153">
     <span class='ocr_line' id='line_1_20' title="bbox 297 2855 1579 2937; baseline 0.001 -17"><span class='ocrx_word' id='word_1_141' title='bbox 297 2868 449 2921; x_wconf 89' lang='lat' dir='ltr'>statuum</span> <span class='ocrx_word' id='word_1_142' title='bbox 480 2866 514 2919; x_wconf 89' lang='lat' dir='ltr'>et</span> <span class='ocrx_word' id='word_1_143' title='bbox 545 2856 707 2920; x_wconf 90' lang='lat' dir='ltr'>ordinum</span> <span class='ocrx_word' id='word_1_144' title='bbox 731 2855 875 2937; x_wconf 92' lang='lat' dir='ltr'>Imperii</span> <span class='ocrx_word' id='word_1_145' title='bbox 910 2876 951 2919; x_wconf 87' lang='lat' dir='ltr'>ac</span> <span class='ocrx_word' id='word_1_146' title='bbox 984 2856 1138 2917; x_wconf 89' lang='lat' dir='ltr'>omnium</span> <span class='ocrx_word' id='word_1_147' title='bbox 1163 2856 1390 2919; x_wconf 90' lang='lat' dir='ltr'>consiliorum</span> <span class='ocrx_word' id='word_1_148' title='bbox 1415 2856 1579 2921; x_wconf 85' lang='lat' dir='ltr'>Caesaris</span> 
     </span>
     <span class='ocr_line' id='line_1_21' title="bbox 295 2962 1578 3045; baseline 0 -18"><span class='ocrx_word' id='word_1_149' title='bbox 295 2966 404 3028; x_wconf 85' lang='lat' dir='ltr'>habui</span> <span class='ocrx_word' id='word_1_150' title='bbox 427 2965 649 3028; x_wconf 88' lang='lat' dir='ltr'>horationem</span> <span class='ocrx_word' id='word_1_151' title='bbox 673 2984 739 3045; x_wconf 92' lang='lat' dir='ltr'>per</span> <span class='ocrx_word' id='word_1_152' title='bbox 761 2962 848 3025; x_wconf 90' lang='lat' dir='ltr'>forsi</span> <span class='ocrx_word' id='word_1_153' title='bbox 871 2973 924 3025; x_wconf 88' lang='lat' dir='ltr'>tre</span> <span class='ocrx_word' id='word_1_154' title='bbox 939 2964 1026 3024; x_wconf 89' lang='lat' dir='ltr'>hore</span> <span class='ocrx_word' id='word_1_155' title='bbox 1043 2972 1078 3024; x_wconf 90' lang='lat' dir='ltr'>et</span> <span class='ocrx_word' id='word_1_156' title='bbox 1093 2962 1164 3043; x_wconf 77' lang='lat' dir='ltr'>piu,</span> <span class='ocrx_word' id='word_1_157' title='bbox 1189 2964 1285 3026; x_wconf 89' lang='lat' dir='ltr'>nella</span> <span class='ocrx_word' id='word_1_158' title='bbox 1302 2966 1384 3045; x_wconf 86' lang='lat' dir='ltr'>qual</span> <span class='ocrx_word' id='word_1_159' title='bbox 1401 2968 1578 3027; x_wconf 75' lang='lat' dir='ltr'>ancorche</span> 
     </span>
     <span class='ocr_line' id='line_1_22' title="bbox 295 3068 1577 3153; baseline -0.001 -18"><span class='ocrx_word' id='word_1_160' title='bbox 295 3073 330 3135; x_wconf 92' lang='lat' dir='ltr'>io</span> <span class='ocrx_word' id='word_1_161' title='bbox 353 3074 503 3135; x_wconf 87' lang='lat' dir='ltr'>havesse</span> <span class='ocrx_word' id='word_1_162' title='bbox 527 3073 660 3134; x_wconf 85' lang='lat' dir='ltr'>havuto</span> <span class='ocrx_word' id='word_1_163' title='bbox 692 3090 805 3152; x_wconf 88' lang='lat' dir='ltr'>poeco</span> <span class='ocrx_word' id='word_1_164' title='bbox 838 3069 954 3150; x_wconf 88' lang='lat' dir='ltr'>spatio</span> <span class='ocrx_word' id='word_1_165' title='bbox 986 3090 1008 3131; x_wconf 89' lang='lat' dir='ltr'>a</span> <span class='ocrx_word' id='word_1_166' title='bbox 1030 3068 1211 3150; x_wconf 90' lang='lat' dir='ltr'>pensarci,</span> <span class='ocrx_word' id='word_1_167' title='bbox 1235 3070 1368 3151; x_wconf 75' lang='lat' dir='ltr'>perche</span> <span class='ocrx_word' id='word_1_168' title='bbox 1393 3072 1445 3151; x_wconf 82' lang='lat' dir='ltr'>(ut</span> <span class='ocrx_word' id='word_1_169' title='bbox 1469 3071 1577 3153; x_wconf 89' lang='lat' dir='ltr'>scrip·</span> 
     </span>
    </p>
   </div>
   <div class='ocr_carea' id='block_1_13' title="bbox 296 3176 1689 3264">
    <p class='ocr_par' dir='ltr' id='par_1_13' title="bbox 296 3176 1689 3264">
     <span class='ocr_line' id='line_1_23' title="bbox 296 3176 1689 3264; baseline 0.004 -23"><span class='ocrx_word' id='word_1_170' title='bbox 296 3177 425 3264; x_wconf 84' lang='lat' dir='ltr'>seram)</span> <span class='ocrx_word' id='word_1_171' title='bbox 456 3180 532 3240; x_wconf 90' lang='lat' dir='ltr'>solo</span> <span class='ocrx_word' id='word_1_172' title='bbox 564 3180 599 3242; x_wconf 90' lang='grc'>31</span> <span class='ocrx_word' id='word_1_173' title='bbox 631 3177 668 3240; x_wconf 87' lang='grc'>(11</span> <span class='ocrx_word' id='word_1_174' title='bbox 699 3177 819 3240; x_wconf 85' lang='lat' dir='ltr'>avanti</span> <span class='ocrx_word' id='word_1_175' title='bbox 844 3176 977 3239; x_wconf 88' lang='lat' dir='ltr'>Caesar</span> <span class='ocrx_word' id='word_1_176' title='bbox 1007 3176 1053 3239; x_wconf 92' lang='lat' dir='ltr'>mi</span> <span class='ocrx_word' id='word_1_177' title='bbox 1086 3177 1200 3239; x_wconf 91' lang='lat' dir='ltr'>havea</span> <span class='ocrx_word' id='word_1_178' title='bbox 1232 3198 1428 3241; x_wconf 88' lang='lat' dir='ltr'>commesso</span> <span class='ocrx_word' id='word_1_179' title='bbox 1453 3181 1520 3242; x_wconf 85' lang='lat' dir='ltr'>che</span> <span class='ocrx_word' id='word_1_180' title='bbox 1545 3180 1579 3241; x_wconf 91' lang='lat' dir='ltr'>io</span> <span class='ocrx_word' id='word_1_181' title='bbox 1688 3214 1689 3247; x_wconf 74' lang='lat'>3</span> 
     </span>
    </p>
   </div>
   <div class='ocr_carea' id='block_1_14' title="bbox 294 3284 1580 4972">
    <p class='ocr_par' dir='ltr' id='par_1_14' title="bbox 294 3284 1580 4972">
     <span class='ocr_line' id='line_1_24' title="bbox 296 3284 1580 3367; baseline 0.002 -20"><span class='ocrx_word' id='word_1_182' title='bbox 296 3305 534 3367; x_wconf 89' lang='lat' dir='ltr'>proponesse;</span> <span class='ocrx_word' id='word_1_183' title='bbox 558 3287 760 3365; x_wconf 90' lang='lat' dir='ltr'>tuttavolta,</span> <span class='ocrx_word' id='word_1_184' title='bbox 780 3303 846 3366; x_wconf 90' lang='lat' dir='ltr'>per</span> <span class='ocrx_word' id='word_1_185' title='bbox 861 3286 974 3347; x_wconf 90' lang='lat' dir='ltr'>haver</span> <span class='ocrx_word' id='word_1_186' title='bbox 988 3284 1048 3366; x_wconf 73' lang='lat' dir='ltr'>gia</span> <span class='ocrx_word' id='word_1_187' title='bbox 1064 3294 1162 3346; x_wconf 86' lang='lat' dir='ltr'>tante</span> <span class='ocrx_word' id='word_1_188' title='bbox 1177 3285 1273 3347; x_wconf 90' lang='lat' dir='ltr'>volte</span> <span class='ocrx_word' id='word_1_189' title='bbox 1289 3294 1435 3348; x_wconf 86' lang='lat' dir='ltr'>trattato</span> <span class='ocrx_word' id='word_1_190' title='bbox 1453 3298 1580 3367; x_wconf 86' lang='lat' dir='ltr'>questa</span> 
     </span>
     <span class='ocr_line' id='line_1_25' title="bbox 297 3390 1578 3474; baseline -0.001 -18"><span class='ocrx_word' id='word_1_191' title='bbox 297 3393 489 3456; x_wconf 87' lang='lat' dir='ltr'>maledetta</span> <span class='ocrx_word' id='word_1_192' title='bbox 512 3393 660 3455; x_wconf 87' lang='lat' dir='ltr'>materia</span> <span class='ocrx_word' id='word_1_193' title='bbox 682 3401 720 3454; x_wconf 90' lang='lat' dir='ltr'>et</span> <span class='ocrx_word' id='word_1_194' title='bbox 742 3401 814 3454; x_wconf 91' lang='lat' dir='ltr'>tam</span> <span class='ocrx_word' id='word_1_195' title='bbox 834 3390 1002 3473; x_wconf 89' lang='lat' dir='ltr'>privatim</span> <span class='ocrx_word' id='word_1_196' title='bbox 1017 3410 1122 3473; x_wconf 89' lang='lat' dir='ltr'>quam</span> <span class='ocrx_word' id='word_1_197' title='bbox 1140 3391 1282 3473; x_wconf 85' lang='lat' dir='ltr'>publice</span> <span class='ocrx_word' id='word_1_198' title='bbox 1299 3393 1498 3474; x_wconf 87' lang='lat' dir='ltr'>parlatone,</span> <span class='ocrx_word' id='word_1_199' title='bbox 1524 3414 1578 3456; x_wconf 88' lang='lat' dir='ltr'>me</span> 
     </span>
     <span class='ocr_line' id='line_1_26' title="bbox 297 3497 1578 3580; baseline 0.001 -18"><span class='ocrx_word' id='word_1_200' title='bbox 297 3499 412 3564; x_wconf 88' lang='lat' dir='ltr'>trovai</span> <span class='ocrx_word' id='word_1_201' title='bbox 436 3519 503 3561; x_wconf 89' lang='lat' dir='ltr'>con</span> <span class='ocrx_word' id='word_1_202' title='bbox 527 3500 562 3561; x_wconf 93' lang='lat' dir='ltr'>la</span> <span class='ocrx_word' id='word_1_203' title='bbox 585 3498 703 3580; x_wconf 89' lang='lat' dir='ltr'>gratia</span> <span class='ocrx_word' id='word_1_204' title='bbox 726 3499 772 3560; x_wconf 92' lang='lat' dir='ltr'>de</span> <span class='ocrx_word' id='word_1_205' title='bbox 792 3497 862 3560; x_wconf 92' lang='lat' dir='ltr'>Dio</span> <span class='ocrx_word' id='word_1_206' title='bbox 887 3497 916 3561; x_wconf 90' lang='lat' dir='ltr'>si</span> <span class='ocrx_word' id='word_1_207' title='bbox 940 3498 975 3559; x_wconf 90' lang='lat' dir='ltr'>in</span> <span class='ocrx_word' id='word_1_208' title='bbox 1000 3498 1124 3560; x_wconf 88' lang='lat' dir='ltr'>ordine</span> <span class='ocrx_word' id='word_1_209' title='bbox 1149 3500 1215 3561; x_wconf 87' lang='lat' dir='ltr'>che</span> <span class='ocrx_word' id='word_1_210' title='bbox 1238 3500 1417 3562; x_wconf 76' lang='lat' dir='ltr'>ancorche</span> <span class='ocrx_word' id='word_1_211' title='bbox 1441 3500 1578 3563; x_wconf 87' lang='lat' dir='ltr'>dicesse</span> 
     </span>
     <span class='ocr_line' id='line_1_27' title="bbox 296 3605 1578 3688; baseline -0.001 -18"><span class='ocrx_word' id='word_1_212' title='bbox 296 3606 390 3670; x_wconf 90' lang='lat' dir='ltr'>assai</span> <span class='ocrx_word' id='word_1_213' title='bbox 413 3606 448 3669; x_wconf 93' lang='lat' dir='ltr'>in</span> <span class='ocrx_word' id='word_1_214' title='bbox 473 3615 528 3668; x_wconf 91' lang='lat' dir='ltr'>tre</span> <span class='ocrx_word' id='word_1_215' title='bbox 551 3606 639 3667; x_wconf 90' lang='lat' dir='ltr'>hore</span> <span class='ocrx_word' id='word_1_216' title='bbox 654 3605 771 3667; x_wconf 90' lang='lat' dir='ltr'>harrei</span> <span class='ocrx_word' id='word_1_217' title='bbox 790 3614 888 3667; x_wconf 89' lang='lat' dir='ltr'>certo</span> <span class='ocrx_word' id='word_1_218' title='bbox 904 3613 1051 3685; x_wconf 83' lang='lat' dir='ltr'>possuto</span> <span class='ocrx_word' id='word_1_219' title='bbox 1070 3605 1171 3667; x_wconf 82' lang='lat' dir='ltr'>dirne</span> <span class='ocrx_word' id='word_1_220' title='bbox 1188 3625 1298 3667; x_wconf 87' lang='lat' dir='ltr'>ancor</span> <span class='ocrx_word' id='word_1_221' title='bbox 1314 3615 1452 3688; x_wconf 90' lang='lat' dir='ltr'>quatr0,</span> <span class='ocrx_word' id='word_1_222' title='bbox 1478 3628 1578 3671; x_wconf 90' lang='lat' dir='ltr'>come</span> 
     </span>
     <span class='ocr_line' id='line_1_28' title="bbox 297 3711 1575 3795; baseline -0.001 -19"><span class='ocrx_word' id='word_1_223' title='bbox 297 3715 343 3776; x_wconf 90' lang='lat' dir='ltr'>da</span> <span class='ocrx_word' id='word_1_224' title='bbox 359 3714 421 3795; x_wconf 89' lang='lat' dir='ltr'>pii1</span> <span class='ocrx_word' id='word_1_225' title='bbox 436 3722 540 3795; x_wconf 91' lang='lat' dir='ltr'>parte</span> <span class='ocrx_word' id='word_1_226' title='bbox 556 3733 594 3775; x_wconf 91' lang='lat' dir='ltr'>se</span> <span class='ocrx_word' id='word_1_227' title='bbox 609 3712 765 3792; x_wconf 86' lang='lat' dir='ltr'>intende,</span> <span class='ocrx_word' id='word_1_228' title='bbox 793 3721 876 3792; x_wconf 85' lang='lat' dir='ltr'>apte</span> <span class='ocrx_word' id='word_1_229' title='bbox 893 3723 928 3774; x_wconf 91' lang='lat' dir='ltr'>et</span> <span class='ocrx_word' id='word_1_230' title='bbox 945 3711 1108 3793; x_wconf 87' lang='lat' dir='ltr'>apposite</span> <span class='ocrx_word' id='word_1_231' title='bbox 1126 3714 1172 3774; x_wconf 90' lang='lat' dir='ltr'>ad</span> <span class='ocrx_word' id='word_1_232' title='bbox 1189 3732 1331 3775; x_wconf 89' lang='lat' dir='ltr'>causam</span> <span class='ocrx_word' id='word_1_233' title='bbox 1352 3722 1387 3775; x_wconf 94' lang='lat' dir='ltr'>et</span> <span class='ocrx_word' id='word_1_234' title='bbox 1410 3712 1575 3793; x_wconf 82' lang='lat' dir='ltr'>feliciter,</span> 
     </span>
     <span class='ocr_line' id='line_1_29' title="bbox 297 3818 1578 3903; baseline 0.001 -21"><span class='ocrx_word' id='word_1_235' title='bbox 297 3830 334 3883; x_wconf 91' lang='lat' dir='ltr'>ut</span> <span class='ocrx_word' id='word_1_236' title='bbox 359 3840 445 3883; x_wconf 91' lang='lat' dir='ltr'>vero</span> <span class='ocrx_word' id='word_1_237' title='bbox 470 3840 540 3902; x_wconf 88' lang='lat' dir='ltr'>ego</span> <span class='ocrx_word' id='word_1_238' title='bbox 563 3819 640 3901; x_wconf 91' lang='lat' dir='ltr'>ipse</span> <span class='ocrx_word' id='word_1_239' title='bbox 664 3820 779 3882; x_wconf 91' lang='lat' dir='ltr'>sentio</span> <span class='ocrx_word' id='word_1_240' title='bbox 804 3819 879 3901; x_wconf 89' lang='lat' dir='ltr'>(qui</span> <span class='ocrx_word' id='word_1_241' title='bbox 894 3818 978 3882; x_wconf 91' lang='lat' dir='ltr'>mihi</span> <span class='ocrx_word' id='word_1_242' title='bbox 993 3819 1028 3882; x_wconf 91' lang='lat' dir='ltr'>in</span> <span class='ocrx_word' id='word_1_243' title='bbox 1043 3819 1243 3901; x_wconf 89' lang='lat' dir='ltr'>hujusmodi</span> <span class='ocrx_word' id='word_1_244' title='bbox 1258 3820 1383 3882; x_wconf 90' lang='lat' dir='ltr'>studiis</span> <span class='ocrx_word' id='word_1_245' title='bbox 1399 3840 1578 3903; x_wconf 91' lang='lat' dir='ltr'>nunquam</span> 
     </span>
     <span class='ocr_line' id='line_1_30' title="bbox 297 3924 1577 4007; baseline -0.001 -17"><span class='ocrx_word' id='word_1_246' title='bbox 297 3926 490 4007; x_wconf 82' lang='lat' dir='ltr'>satisfacio)</span> <span class='ocrx_word' id='word_1_247' title='bbox 515 3926 741 3989; x_wconf 89' lang='lat' dir='ltr'>mediocriter</span> <span class='ocrx_word' id='word_1_248' title='bbox 765 3935 801 3988; x_wconf 91' lang='lat' dir='ltr'>et</span> <span class='ocrx_word' id='word_1_249' title='bbox 825 3945 895 3987; x_wconf 93' lang='lat' dir='ltr'>non</span> <span class='ocrx_word' id='word_1_250' title='bbox 922 3924 1064 3988; x_wconf 90' lang='lat' dir='ltr'>omnino</span> <span class='ocrx_word' id='word_1_251' title='bbox 1088 3924 1296 3999; x_wconf 89' lang='lat' dir='ltr'>infeliciter;</span> <span class='ocrx_word' id='word_1_252' title='bbox 1321 3926 1366 3989; x_wconf 71' lang='lat' dir='ltr'>ne</span> <span class='ocrx_word' id='word_1_253' title='bbox 1387 3928 1422 3988; x_wconf 94' lang='lat' dir='ltr'>lo</span> <span class='ocrx_word' id='word_1_254' title='bbox 1439 3929 1577 3990; x_wconf 88' lang='lat' dir='ltr'>ascrivo</span> 
     </span>
     <span class='ocr_line' id='line_1_31' title="bbox 297 4030 1577 4116; baseline 0.001 -20"><span class='ocrx_word' id='word_1_255' title='bbox 297 4045 423 4116; x_wconf 89' lang='lat' dir='ltr'>questo</span> <span class='ocrx_word' id='word_1_256' title='bbox 447 4035 481 4095; x_wconf 94' lang='grc'>31</span> <span class='ocrx_word' id='word_1_257' title='bbox 505 4033 575 4096; x_wconf 93' lang='lat' dir='ltr'>mio</span> <span class='ocrx_word' id='word_1_258' title='bbox 599 4033 757 4114; x_wconf 89' lang='lat' dir='ltr'>ingegno</span> <span class='ocrx_word' id='word_1_259' title='bbox 773 4038 795 4093; x_wconf 84' lang='lat'>0&#39;</span> <span class='ocrx_word' id='word_1_260' title='bbox 810 4030 979 4095; x_wconf 85' lang='lat' dir='ltr'>facundia</span> <span class='ocrx_word' id='word_1_261' title='bbox 996 4033 1103 4115; x_wconf 83' lang='lat' dir='ltr'>(quod</span> <span class='ocrx_word' id='word_1_262' title='bbox 1118 4042 1305 4114; x_wconf 91' lang='lat' dir='ltr'>utrumque</span> <span class='ocrx_word' id='word_1_263' title='bbox 1320 4034 1353 4095; x_wconf 95' lang='lat' dir='ltr'>in</span> <span class='ocrx_word' id='word_1_264' title='bbox 1372 4054 1427 4096; x_wconf 92' lang='lat' dir='ltr'>me</span> <span class='ocrx_word' id='word_1_265' title='bbox 1444 4034 1577 4097; x_wconf 91' lang='lat' dir='ltr'>nullum</span> 
     </span>
     <span class='ocr_line' id='line_1_32' title="bbox 297 4138 1578 4219; baseline -0.001 -15"><span class='ocrx_word' id='word_1_266' title='bbox 297 4144 354 4204; x_wconf 90' lang='lat' dir='ltr'>vel</span> <span class='ocrx_word' id='word_1_267' title='bbox 379 4141 557 4204; x_wconf 89' lang='lat' dir='ltr'>minimum</span> <span class='ocrx_word' id='word_1_268' title='bbox 582 4142 647 4219; x_wconf 87' lang='lat' dir='ltr'>est)</span> <span class='ocrx_word' id='word_1_269' title='bbox 672 4160 728 4202; x_wconf 87' lang='lat' dir='ltr'>ma</span> <span class='ocrx_word' id='word_1_270' title='bbox 752 4140 822 4201; x_wconf 89' lang='lat' dir='ltr'>alla</span> <span class='ocrx_word' id='word_1_271' title='bbox 846 4138 963 4219; x_wconf 83' lang='lat' dir='ltr'>gratia</span> <span class='ocrx_word' id='word_1_272' title='bbox 988 4141 1032 4201; x_wconf 89' lang='lat' dir='ltr'>de</span> <span class='ocrx_word' id='word_1_273' title='bbox 1049 4140 1129 4219; x_wconf 89' lang='lat' dir='ltr'>Dio,</span> <span class='ocrx_word' id='word_1_274' title='bbox 1154 4139 1215 4202; x_wconf 88' lang='lat' dir='ltr'>alli</span> <span class='ocrx_word' id='word_1_275' title='bbox 1230 4140 1345 4203; x_wconf 89' lang='lat' dir='ltr'>meriti</span> <span class='ocrx_word' id='word_1_276' title='bbox 1361 4142 1457 4204; x_wconf 89' lang='lat' dir='ltr'>della</span> <span class='ocrx_word' id='word_1_277' title='bbox 1472 4161 1578 4205; x_wconf 88' lang='lat' dir='ltr'>causa</span> 
     </span>
     <span class='ocr_line' id='line_1_33' title="bbox 294 4246 1578 4331; baseline -0.002 -20"><span class='ocrx_word' id='word_1_278' title='bbox 294 4247 485 4331; x_wconf 89' lang='lat' dir='ltr'>justissima</span> <span class='ocrx_word' id='word_1_279' title='bbox 509 4257 544 4311; x_wconf 92' lang='lat' dir='ltr'>et</span> <span class='ocrx_word' id='word_1_280' title='bbox 568 4249 638 4310; x_wconf 92' lang='lat' dir='ltr'>alle</span> <span class='ocrx_word' id='word_1_281' title='bbox 663 4246 797 4309; x_wconf 91' lang='lat' dir='ltr'>crudeli</span> <span class='ocrx_word' id='word_1_282' title='bbox 819 4246 1039 4309; x_wconf 85' lang='lat' dir='ltr'>enormitade</span> <span class='ocrx_word' id='word_1_283' title='bbox 1064 4246 1100 4307; x_wconf 92' lang='lat' dir='ltr'>di</span> <span class='ocrx_word' id='word_1_284' title='bbox 1113 4247 1247 4309; x_wconf 88' lang='lat' dir='ltr'>Luther</span> <span class='ocrx_word' id='word_1_285' title='bbox 1270 4248 1303 4309; x_wconf 88' lang='lat' dir='ltr'>le</span> <span class='ocrx_word' id='word_1_286' title='bbox 1327 4248 1423 4329; x_wconf 87' lang='lat' dir='ltr'>quali</span> <span class='ocrx_word' id='word_1_287' title='bbox 1438 4268 1578 4331; x_wconf 87' lang='lat' dir='ltr'>semper</span> 
     </span>
     <span class='ocr_line' id='line_1_34' title="bbox 298 4353 1576 4436; baseline -0.002 -18"><span class='ocrx_word' id='word_1_288' title='bbox 298 4354 432 4418; x_wconf 85' lang='lat' dir='ltr'>adduxi</span> <span class='ocrx_word' id='word_1_289' title='bbox 457 4354 542 4418; x_wconf 91' lang='lat' dir='ltr'>dalli</span> <span class='ocrx_word' id='word_1_290' title='bbox 567 4353 648 4417; x_wconf 89' lang='lat' dir='ltr'>libri</span> <span class='ocrx_word' id='word_1_291' title='bbox 672 4374 736 4416; x_wconf 91' lang='lat' dir='ltr'>suo</span> <span class='ocrx_word' id='word_1_292' title='bbox 760 4354 919 4434; x_wconf 85' lang='lat' dir='ltr'>presenti</span> <span class='ocrx_word' id='word_1_293' title='bbox 943 4363 979 4415; x_wconf 88' lang='lat' dir='ltr'>et</span> <span class='ocrx_word' id='word_1_294' title='bbox 993 4363 1120 4434; x_wconf 88' lang='lat' dir='ltr'>postea</span> <span class='ocrx_word' id='word_1_295' title='bbox 1136 4354 1356 4435; x_wconf 87' lang='lat' dir='ltr'>refellebam,</span> <span class='ocrx_word' id='word_1_296' title='bbox 1381 4363 1417 4417; x_wconf 91' lang='lat' dir='ltr'>et</span> <span class='ocrx_word' id='word_1_297' title='bbox 1432 4354 1494 4436; x_wconf 92' lang='lat' dir='ltr'>poi</span> <span class='ocrx_word' id='word_1_298' title='bbox 1509 4355 1576 4418; x_wconf 89' lang='lat' dir='ltr'>feci</span> 
     </span>
     <span class='ocr_line' id='line_1_35' title="bbox 298 4459 1579 4543; baseline -0.002 -18"><span class='ocrx_word' id='word_1_299' title='bbox 298 4464 331 4525; x_wconf 97' lang='grc'>13</span> <span class='ocrx_word' id='word_1_300' title='bbox 363 4461 655 4526; x_wconf 86' lang='lat' dir='ltr'>demonstrationi</span> <span class='ocrx_word' id='word_1_301' title='bbox 686 4459 772 4523; x_wconf 90' lang='lat' dir='ltr'>delli</span> <span class='ocrx_word' id='word_1_302' title='bbox 801 4460 1042 4523; x_wconf 88' lang='lat' dir='ltr'>incovenienti</span> <span class='ocrx_word' id='word_1_303' title='bbox 1073 4462 1139 4523; x_wconf 87' lang='lat' dir='ltr'>che</span> <span class='ocrx_word' id='word_1_304' title='bbox 1164 4470 1320 4543; x_wconf 90' lang='lat' dir='ltr'>puteano</span> <span class='ocrx_word' id='word_1_305' title='bbox 1345 4463 1519 4526; x_wconf 88' lang='lat' dir='ltr'>accadere</span> <span class='ocrx_word' id='word_1_306' title='bbox 1544 4471 1579 4524; x_wconf 89' lang='lat' dir='ltr'>et</span> 
     </span>
     <span class='ocr_line' id='line_1_36' title="bbox 298 4566 1576 4651; baseline -0.001 -21"><span class='ocrx_word' id='word_1_307' title='bbox 298 4569 333 4630; x_wconf 88' lang='grc'>13</span> <span class='ocrx_word' id='word_1_308' title='bbox 367 4569 560 4651; x_wconf 81' lang='lat' dir='ltr'>ignominia</span> <span class='ocrx_word' id='word_1_309' title='bbox 585 4579 621 4632; x_wconf 91' lang='lat' dir='ltr'>et</span> <span class='ocrx_word' id='word_1_310' title='bbox 643 4567 788 4631; x_wconf 87' lang='lat' dir='ltr'>infamia</span> <span class='ocrx_word' id='word_1_311' title='bbox 812 4569 856 4629; x_wconf 90' lang='lat' dir='ltr'>de</span> <span class='ocrx_word' id='word_1_312' title='bbox 881 4576 1008 4649; x_wconf 91' lang='lat' dir='ltr'>questa</span> <span class='ocrx_word' id='word_1_313' title='bbox 1030 4566 1174 4631; x_wconf 90' lang='lat' dir='ltr'>natione</span> <span class='ocrx_word' id='word_1_314' title='bbox 1199 4568 1304 4631; x_wconf 89' lang='lat' dir='ltr'>etiarn</span> <span class='ocrx_word' id='word_1_315' title='bbox 1329 4570 1576 4632; x_wconf 89' lang='lat' dir='ltr'>recordandoli</span> 
     </span>
     <span class='ocr_line' id='line_1_37' title="bbox 298 4674 1576 4757; baseline 0 -20"><span class='ocrx_word' id='word_1_316' title='bbox 298 4676 364 4739; x_wconf 91' lang='lat' dir='ltr'>che</span> <span class='ocrx_word' id='word_1_317' title='bbox 396 4675 585 4757; x_wconf 89' lang='lat' dir='ltr'>Imperium</span> <span class='ocrx_word' id='word_1_318' title='bbox 618 4677 672 4738; x_wconf 91' lang='lat' dir='ltr'>his</span> <span class='ocrx_word' id='word_1_319' title='bbox 706 4674 841 4738; x_wconf 89' lang='lat' dir='ltr'>artibus</span> <span class='ocrx_word' id='word_1_320' title='bbox 872 4684 1104 4737; x_wconf 86' lang='lat' dir='ltr'>conservatur</span> <span class='ocrx_word' id='word_1_321' title='bbox 1135 4674 1263 4756; x_wconf 88' lang='lat' dir='ltr'>quibus</span> <span class='ocrx_word' id='word_1_322' title='bbox 1287 4685 1428 4757; x_wconf 87' lang='lat' dir='ltr'>parturn</span> <span class='ocrx_word' id='word_1_323' title='bbox 1453 4686 1517 4757; x_wconf 88' lang='lat' dir='ltr'>est,</span> <span class='ocrx_word' id='word_1_324' title='bbox 1543 4686 1576 4738; x_wconf 89' lang='lat' dir='ltr'>et</span> 
     </span>
     <span class='ocr_line' id='line_1_38' title="bbox 298 4780 1577 4865; baseline -0.002 -20"><span class='ocrx_word' id='word_1_325' title='bbox 298 4785 363 4846; x_wconf 88' lang='lat' dir='ltr'>che</span> <span class='ocrx_word' id='word_1_326' title='bbox 387 4785 465 4845; x_wconf 91' lang='lat' dir='ltr'>loro</span> <span class='ocrx_word' id='word_1_327' title='bbox 492 4802 703 4864; x_wconf 88' lang='lat' dir='ltr'>pensassero</span> <span class='ocrx_word' id='word_1_328' title='bbox 729 4783 794 4844; x_wconf 88' lang='lat' dir='ltr'>che</span> <span class='ocrx_word' id='word_1_329' title='bbox 818 4780 923 4844; x_wconf 87' lang='lat' dir='ltr'>Cario</span> <span class='ocrx_word' id='word_1_330' title='bbox 939 4781 1073 4863; x_wconf 92' lang='lat' dir='ltr'>Magno</span> <span class='ocrx_word' id='word_1_331' title='bbox 1099 4792 1134 4844; x_wconf 91' lang='lat' dir='ltr'>et</span> <span class='ocrx_word' id='word_1_332' title='bbox 1157 4783 1182 4845; x_wconf 94' lang='lat' dir='ltr'>li</span> <span class='ocrx_word' id='word_1_333' title='bbox 1199 4782 1332 4847; x_wconf 93' lang='lat' dir='ltr'>Othoni</span> <span class='ocrx_word' id='word_1_334' title='bbox 1356 4803 1422 4865; x_wconf 89' lang='lat' dir='ltr'>per</span> <span class='ocrx_word' id='word_1_335' title='bbox 1444 4782 1577 4847; x_wconf 87' lang='lat' dir='ltr'>favorir</span> 
     </span>
     <span class='ocr_line' id='line_1_39' title="bbox 299 4888 1576 4972; baseline 0 -21"><span class='ocrx_word' id='word_1_336' title='bbox 299 4892 370 4952; x_wconf 87' lang='lat' dir='ltr'>alla</span> <span class='ocrx_word' id='word_1_337' title='bbox 393 4890 478 4953; x_wconf 87' lang='lat' dir='ltr'>sede</span> <span class='ocrx_word' id='word_1_338' title='bbox 495 4889 707 4970; x_wconf 88' lang='lat' dir='ltr'>Apostolica</span> <span class='ocrx_word' id='word_1_339' title='bbox 729 4892 892 4952; x_wconf 90' lang='lat' dir='ltr'>haveano</span> <span class='ocrx_word' id='word_1_340' title='bbox 914 4889 1112 4970; x_wconf 85' lang='lat' dir='ltr'>acquistato</span> <span class='ocrx_word' id='word_1_341' title='bbox 1129 4889 1151 4951; x_wconf 83' lang='lat' dir='ltr'>l&#39;</span> <span class='ocrx_word' id='word_1_342' title='bbox 1165 4888 1318 4972; x_wconf 87' lang='lat' dir='ltr'>Imperio</span> <span class='ocrx_word' id='word_1_343' title='bbox 1335 4890 1371 4952; x_wconf 92' lang='lat' dir='ltr'>in</span> <span class='ocrx_word' id='word_1_344' title='bbox 1386 4890 1576 4954; x_wconf 86' lang='lat' dir='ltr'>Germania</span> 
     </span>
    </p>
   </div>
   <div class='ocr_carea' id='block_1_15' title="bbox 0 0 1718 5700">
    <p class='ocr_par' dir='ltr' id='par_1_15' title="bbox 0 0 1718 5700">
     <span class='ocr_line' id='line_1_40' title="bbox 0 0 1718 5700; baseline 0 0"><span class='ocrx_word' id='word_1_345' title='bbox 0 0 1718 5700; x_wconf 95' lang='lat' dir='ltr'> </span> 
     </span>
    </p>
   </div>
  </div>
 </body>
</html>
