3425 5700
825 548 1071 607 443343&

308 714 422 781 pocco
447 700 512 761 che
537 697 647 760 niuno
683 699 715 759 el
749 700 926 778 potrebbe
951 700 1092 775 credet,
1129 718 1185 760 ma
1220 716 1286 779 per
1320 699 1354 759 el
1389 698 1507 759 denno
1541 697 1578 758 de

308 814 407 867 tante
431 823 565 885 povere
590 802 723 866 anime:
758 812 798 887 et
824 804 956 886 perche
981 804 1132 867 amando
1158 802 1231 866 Sua
1254 796 1392 866 Maesta
1420 800 1466 864 de
1489 820 1578 865 amor
1675 787 1676 806 i

308 911 516 991 Paternale‚
542 911 566 972 li
591 911 687 991 dole,
713 914 779 973 che
827 932 848 974 a
876 912 901 974 li
933 911 1044 993 tempi
1067 911 1113 974 de
1138 913 1273 993 quella,
1306 904 1577 973 smembrandosi
1675 902 1677 908 ’

307 1020 366 1080 dal
391 1037 504 1099 grege
528 1018 565 1080 di
588 1017 658 1081 Dio
683 1022 717 1081 la
741 1019 862 1081 nation
888 1018 1118 1100 Germanica,
1150 1038 1189 1082 se
1221 1019 1432 1101 imputasse,
1463 1038 1486 1081 a
1515 1017 1579 1079 Sua

306 1124 447 1187 Maestd
473 1128 538 1189 che
562 1146 628 1207 per
652 1125 787 1189 defetto
813 1128 857 1189 de
882 1126 1071 1208 prudentia
1101 1127 1123 1188 l'
1140 1127 1291 1191 havesse
1319 1128 1451 1190 lassato
1475 1126 1578 1187 incor-

308 1252 365 1295 rer
390 1233 506 1313 questi
531 1233 655 1315 populi
679 1234 732 1296 soi
756 1234 888 1297 subditi
912 1233 948 1296 in
971 1244 1071 1297 tanto
1095 1253 1213 1314 error,
1243 1254 1265 1296 o
1292 1234 1390 1298 fusse
1414 1241 1508 1297 stata
1531 1252 1579 1294 ne·

308 1339 470 1421 gligente
496 1340 531 1402 in
556 1340 742 1403 retraherli
766 1341 811 1403 de
835 1350 934 1403 tanto
957 1342 1068 1404 male:
1094 1340 1233 1404 Perche
1255 1361 1325 1404 non
1351 1341 1438 1403 ede
1462 1340 1580 1402 credet

308 1448 374 1509 che
401 1444 476 1509 Sua
505 1446 643 1511 Maesti
672 1448 812 1512 manchi
842 1468 909 1530 per
940 1450 976 1511 la
1003 1449 1202 1530 piccolezza
1233 1449 1278 1511 de
1305 1448 1419 1528 fone,
1451 1455 1581 1509 attento

309 1555 374 1615 che
399 1554 508 1617 niuno
537 1555 736 1636 Imperator
766 1556 810 1618 de
842 1554 1035 1618 Germania
1065 1554 1133 1618 mai
1167 1556 1208 1620 sii
1242 1564 1335 1617 stato
1364 1554 1393 1617 si
1426 1561 1580 1635 potente:

312 1662 343 1723 ΙΙ
367 1663 432 1723 che
457 1680 522 1742 par
546 1663 611 1724 che
635 1662 670 1724 la
697 1662 828 1724 Divina
851 1660 1078 1745 providentia
1107 1662 1203 1725 habii
1234 1661 1398 1726 ordinato
1430 1680 1453 1723 a
1481 1658 1584 1723 nostri

309 1768 435 1851 tempi,
460 1788 525 1849 per
549 1768 614 1831 dar
638 1768 794 1832 remedio
827 1789 849 1831 a
885 1768 1000 1849 questi
1034 1769 1164 1849 errori,
1194 1769 1229 1831 in
1259 1769 1283 1830 li
1316 1768 1411 1850 quali
1439 1767 1510 1831 Dio
1541 1769 1582 1831 ha

311 1896 494 1958 permesso
529 1896 600 1939 una
641 1885 744 1957 parte
780 1876 838 1939 del
874 1872 947 1938 Suo
984 1876 1123 1959 Populo
1157 1875 1317 1938 incorrer
1350 1894 1417 1957 per
1452 1875 1478 1937 li
1512 1876 1583 1937 loro

307 1984 458 2065 peccati.

398 2092 443 2154 Et
473 2113 539 2174 per
571 2093 693 2155 ultima
721 2093 948 2156 conclusione
978 2093 1068 2174 sapii
1098 2088 1171 2154 Sua
1194 2090 1334 2154 Maesta
1365 2091 1430 2153 che
1457 2089 1583 2153 Nostro

309 2197 464 2281 Signore
489 2200 597 2281 dopoi
620 2199 710 2262 fatte
734 2199 820 2281 ogni
844 2200 1031 2282 diligentia
1054 2200 1120 2261 che
1143 2198 1188 2261 ad
1213 2218 1252 2261 se
1282 2196 1495 2280 appartiene
1524 2208 1586 2277 pet

311 2327 381 2370 non
405 2307 519 2369 lassar
542 2307 638 2388 perir
662 2315 787 2388 questa
811 2306 982 2386 Natione,
1014 2306 1044 2369 si
1076 2305 1186 2369 vedrt
1218 2308 1284 2369 che
1316 2304 1349 2368 d'
1365 2304 1472 2368 altrui
1495 2322 1583 2366 man·

308 2413 414 2476 chino
438 2412 463 2477 li
488 2413 600 2476 debiti
623 2412 781 2494 remedii,
806 2434 844 2477 se
869 2425 1069 2492 remettera,
1094 2434 1115 2476 a
1138 2416 1174 2477 le
1196 2415 1344 2477 volunta
1367 2412 1413 2475 de
1436 2410 1524 2488 Dio,
1553 2417 1586 2470 et

308 2520 495 2583 attendere
519 2540 598 2583 cum
622 2521 656 2583 lo
681 2521 803 2585 adiuto
828 2522 864 2583 di
888 2520 957 2585 Dio
981 2524 1162 2603 gubernat
1196 2523 1229 2583 el
1262 2528 1358 2583 resto
1383 2520 1440 2581 del
1467 2517 1585 2598 Grege

309 2629 354 2691 ad
378 2647 417 2690 se
442 2647 655 2708 commess0,
681 2638 717 2691 et
741 2648 822 2691 sara
845 2648 989 2710 sempre
1011 2648 1099 2691 vero
1123 2625 1315 2700 Pontifice3
1340 2637 1377 2689 et
1399 2624 1470 2689 iam
1494 2627 1587 2687 bona

301 2725 527 2797 'conscientia
550 2755 620 2797 non
645 2746 750 2816 potra
778 2755 877 2799 esser
906 2756 945 2799 se
969 2755 1037 2798 non
1063 2734 1218 2817 grande:
1243 2733 1394 2797 Mache
1419 2730 1494 2795 Sua
1515 2730 1587 2793 Ma-

309 2840 385 2905 estd
412 2861 457 2904 ne
481 2841 567 2906 hard
591 2842 651 2925 pid
687 2865 708 2907 a
731 2844 879 2928 perdor,
911 2843 1171 2908 considerando
1200 2842 1294 2906 oltra
1323 2842 1357 2904 el
1388 2840 1506 2903 cat-ico
1543 2839 1588 2899 de

308 2950 328 3012 l’
350 2949 467 3012 anima
497 2962 532 3013 et
556 2951 605 3014 dil
630 2952 764 3032 honor,
800 2935 906 3016 etiam
942 2955 977 3014 la
1011 2951 1149 3014 iactura
1183 2952 1251 3013 che
1285 2947 1363 3011 fara
1387 2949 1432 3011 de
1457 2943 1589 3010 libeni

308 3057 509 3138 temporali,
548 3060 607 3121 del
641 3063 707 3124 che
741 3079 808 3124 non
841 3060 954 3122 solum
985 3056 1059 3122 Sua
1088 3057 1227 3121 Maesta
1258 3077 1315 3120 ma
1344 3075 1456 3118 ancor
1488 3053 1511 3117 li
1536 3053 1590 3115 soi

309 3161 516 3229 Successori
548 3176 583 3230 et
612 3169 644 3230 el
669 3187 804 3248 sangue
836 3187 900 3229 suo
925 3187 969 3230 ne
993 3165 1100 3230 harrd
1122 3164 1365 3243 incommodo,
1397 3164 1590 3238 deshonor‚

312 3279 346 3333 et
370 3272 499 3355 denno,
524 3295 595 3337 non
620 3277 696 3337 solo
721 3273 755 3338 in
781 3275 814 3337 le
839 3294 922 3336 cose
947 3276 992 3337 de
1016 3272 1218 3352 Germania,
1242 3292 1301 3335 ma
1324 3271 1404 3350 (che
1421 3269 1494 3331 Dio
1519 3287 1590 3330 non

308 3379 343 3441 lo
366 3379 464 3462 volii)
488 3379 584 3444 forse
609 3401 718 3443 ancor
741 3401 785 3443 ne
810 3380 833 3443 li
858 3381 939 3443 altri
963 3380 1015 3443 soi
1039 3379 1142 3460 regni
1167 3389 1203 3443 et
1235 3377 1501 3460 Dominii‚lche
1526 3394 1593 3457 per

309 3485 408 3549 simel
438 3488 603 3567 exemplo
642 3507 680 3550 se
715 3491 940 3569 potrebbeno
972 3486 1176 3550 facilmente
1212 3488 1328 3565 levat,
1363 3484 1532 3547 vedendo
1568 3481 1593 3544 li

309 3592 420 3655 errori
446 3595 490 3656 de
521 3591 692 3657 Germani
727 3615 823 3657 esser
863 3615 929 3677 per
957 3593 1030 3657 Sua
1060 3594 1198 3657 Maestd
1231 3589 1403 3675 impuniti·
1451 3589 1593 3655 Perche

309 3699 333 3760 li
364 3699 492 3781 Populi
529 3720 670 3782 sempre
702 3723 790 3764 sono
822 3701 943 3784 cupidi
978 3703 1023 3764 de
1054 3701 1237 3780 novitade,
1269 3711 1305 3763 et
1335 3698 1594 3782 specialmento

309 3803 520 3868 desiderano
544 3806 674 3873 levarsi
699 3809 757 3874 dal
783 3810 874 3875 collo
898 3808 923 3872 il
949 3807 1033 3892 iugo
1057 3809 1103 3873 de
1127 3809 1161 3871 la
1185 3806 1417 3870 subiectione.

864 3989 924 3998 mmm.
937 3989 1041 3998 amensex-

913 4157 988 4224 155,

611 4267 771 4350 Clemens
799 4267 878 4347 llIL
907 4263 1101 4346 Archiduoi
1128 4264 1305 4345 lustriae.

707 4417 829 4487 (Amr.
847 4414 896 4473 E
915 4429 988 4488 caps.
1006 4412 1070 4471 m
1088 4413 1122 4472 ll.
1140 4411 1194 4481 tt.)

826 4536 881 4603 (11.
901 4535 967 4584 Maii
988 4529 1076 4602 1524.)

401 4664 540 4727 Dilecte
563 4661 614 4725 fili
639 4672 706 4725 etc.
764 4661 819 4724 De
843 4669 905 4723 tuo
936 4657 1111 4741 prestanti
1145 4657 1264 4721 animo
1294 4655 1330 4719 in
1363 4655 1605 4720 christianam

312 4791 387 4833 rem
412 4781 447 4833 et
469 4770 586 4851 fidem,
611 4789 731 4832 amore
756 4788 842 4850 erga
867 4787 941 4848 nos,
965 4767 1001 4828 in
1026 4763 1195 4828 Sanctam
1211 4761 1343 4826 Sedem
1359 4764 1607 4845 apostolicam

312 4876 443 4961 officio,
467 4878 535 4948 iarn
559 4877 726 4946 usitatum
750 4883 804 4938 est
828 4873 931 4938 nobis
954 4871 1088 4956 aliquid
1111 4870 1235 4934 audire
1255 4869 1432 4952 quotidie;
1456 4879 1498 4932 et
1515 4891 1608 4953 quo·
