3425 5700
653 564 900 620 earet&

142 707 276 772 rusticis
310 707 520 792 profligaret
552 710 770 794 Episcopos,
804 721 983 775 everteret
1016 714 1230 778 monasteria
1242 763 1251 796 ,
1283 736 1324 778 ac
1348 715 1419 778 alia

143 816 229 878 mala
253 825 424 889 tentaret;
450 819 541 880 adeo
565 839 735 900 perverse
760 829 916 901 aguntur
940 820 1067 883 omnia.

141 960 144 980 2
225 923 529 1006 Archiepiscopus
542 922 829 1007 Saltaburgensis
845 936 901 990 est
916 934 1014 990 certe
1037 926 1073 990 in
1097 947 1226 1008 magno
1242 928 1417 1011 periculo;

142 1051 217 1093 narn
240 1051 297 1093 me
320 1050 386 1112 per
409 1031 630 1113 provinciam
653 1053 752 1096 suam
781 1043 1004 1114 transeunte,
1035 1034 1113 1116 ipse
1147 1035 1234 1098 meis
1267 1036 1411 1099 auribus

141 1137 256 1199 audivi
279 1137 541 1202 mussitationes
564 1140 779 1204 rebellionis.

225 1246 346 1308 Duces
369 1246 547 1309 Bavariae
571 1247 769 1329 spoliarunt
782 1247 998 1312 monasteria
1012 1248 1115 1312 bonis
1140 1249 1222 1330 suis,
1235 1249 1418 1331 potissime

141 1350 310 1415 clenodiis
335 1361 441 1433 atque
466 1353 544 1416 aliis
569 1353 673 1416 etiam
697 1354 752 1417 his
776 1375 868 1437 quae
892 1355 927 1418 in
952 1355 1121 1418 Ecclesiis
1146 1365 1257 1420 erant.

225 1459 498 1541 Herbipolensis
522 1460 721 1544 Episcopus
745 1462 929 1525 obsidetur
952 1461 988 1524 in
1013 1471 1140 1526 castro.

225 1567 300 1630 Nec
324 1566 439 1630 minus
462 1589 568 1649 quam
592 1578 733 1632 centum
756 1568 972 1632 monasteria
994 1568 1127 1651 passim
1150 1569 1186 1632 in
1211 1571 1357 1651 predam
1383 1579 1419 1634 et

142 1683 286 1737 exausta
308 1673 462 1753 fuerunt,
486 1695 601 1756 neque
625 1675 802 1758 baptismo
827 1695 943 1756 neque
967 1675 1121 1739 sacrario
1145 1676 1311 1757 parcitur.

224 1781 266 1844 In
289 1779 487 1844 Waldshuc
511 1781 598 1845 nihil
621 1783 765 1846 omnino
790 1783 835 1845 de
852 1779 1092 1846 Sacramentis
1116 1791 1268 1864 curatur,
1294 1804 1419 1846 eversa

144 1897 221 1949 sunt
245 1887 382 1969 altaria,
406 1909 509 1952 nemo
534 1889 745 1971 baptizatur,
760 1910 877 1971 neque
892 1891 959 1952 sub
975 1908 1045 1952 una
1063 1910 1178 1972 neque
1199 1891 1265 1952 sub
1290 1890 1423 1972 duplici

143 1994 257 2076 specie
281 1994 321 2057 fit
345 1995 563 2070 communi0;
597 1997 643 2060 de
675 1996 901 2060 confessione
933 2004 969 2060 et
1001 1995 1078 2059 aliis
1102 1997 1209 2059 rebus
1233 1995 1343 2059 sacris
1366 2017 1421 2062 ac·

144 2112 212 2165 tum
235 2110 298 2165 est

228 2209 329 2290 Quae
346 2209 527 2292 Zuinglius
541 2210 577 2273 in
594 2210 839 2275 Eucharistiae
856 2209 996 2273 laudem
1013 2209 1155 2291 scripsit
1169 2208 1237 2274 iam
1253 2229 1422 2273 revocan-

146 2329 197 2379 tur
218 2325 253 2380 et
275 2316 369 2380 ridet
393 2337 471 2380 eum
496 2317 709 2380 Carbstadio
732 2319 801 2381 hoc
826 2314 1105 2381 Sacramentum.

226 2425 427 2487 Verulanus
452 2423 642 2507 episcopus
667 2433 856 2488 revocatus
880 2425 1000 2488 Roma
1023 2423 1138 2487 rediit.

226 2530 400 2594 Dominus
424 2532 469 2594 de
493 2532 636 2595 Bredan
661 2530 766 2595 rediit
796 2551 818 2593 a
846 2530 998 2594 Caesare
1030 2551 1072 2592 ac
1100 2529 1299 2613 reportavit
1326 2531 1421 2612 quod

145 2637 305 2720 princeps
333 2638 393 2719 qui
423 2637 521 2720 prius
561 2638 597 2702 in
630 2639 753 2722 Tyroli
787 2639 973 2701 dumtaxat
1002 2636 1262 2718 gubernatione
1293 2627 1420 2719 fuerat,

145 2746 243 2809 modo
266 2748 382 2808 laetus
405 2743 451 2808 sit
474 2745 646 2810 dominus.

226 2850 356 2916 Elvetii
379 2852 471 2916 inter
494 2873 532 2916 se
550 2852 723 2917 dissident
739 2862 812 2916 tum
826 2860 975 2935 propter
989 2835 1211 2915 lutheranam
1225 2849 1418 2914 factionem

145 2968 212 3022 tum
232 2956 382 3042 propter
403 2980 528 3043 regem
552 2958 745 3024 Gallorum.

225 3068 309 3131 Dux
334 3066 670 3149 Vertembergensis
694 3067 804 3129 habet
833 3086 953 3130 secum
977 3085 1049 3128 non
1073 3063 1187 3128 minus
1211 3084 1316 3146 quam
1340 3064 1419 3127 XX

142 3174 248 3237 millia
271 3173 493 3239 rusticorum.

228 3281 355 3346 Comes
388 3280 574 3345 Palatinus
608 3291 662 3344 est
696 3279 803 3345 etiam
838 3279 874 3343 in
912 3279 1040 3360 armis,
1075 3300 1156 3342 nam
1192 3277 1318 3343 seditio
1354 3298 1419 3361 per

141 3388 305 3452 Rhenum
330 3388 545 3451 extenditur.

226 3496 359 3559 Dicunt
382 3493 570 3559 Caesarem
594 3495 630 3558 in
654 3494 755 3559 brevi
779 3494 1007 3557 traiecturum
1031 3493 1066 3556 in
1091 3492 1239 3559 Italiam.

227 3603 426 3687 Episcopus
451 3603 732 3667 Constantiensis
755 3611 851 3665 totus
876 3604 1075 3666 destructus
1100 3608 1163 3665 est.

227 3711 314 3775 Item
338 3721 374 3775 et
398 3712 636 3793 Augustensis
659 3711 791 3774 nullam
815 3709 966 3792 amplius
990 3706 1230 3772 obedientiam
1253 3707 1373 3770 habet.

229 3817 449 3882 Brixinensis
472 3838 599 3901 passus
623 3825 677 3880 est
700 3817 1003 3880 saechezationem
1026 3816 1062 3878 in
1087 3812 1244 3877 Brixina.

229 3924 315 3990 Item
338 3925 435 4008 quod
459 3945 529 4007 ego
554 3926 598 3988 de
623 3927 720 3987 nullo
743 3924 917 3987 beneficio
943 3922 1177 4006 quadrantem
1199 3922 1327 3985 habeo.

230 4032 315 4096 Item
338 4031 434 4115 quod
457 4033 526 4096 hoe
549 4032 629 4114 ipso
652 4041 831 4095 momento
856 4030 999 4113 quidam
1029 4037 1244 4092 mercatores
1268 4047 1333 4109 per

133 4138 334 4203 referentes
357 4139 482 4202 nullibi
506 4158 577 4202 non
602 4159 680 4201 esse
704 4138 883 4203 tumultus.

232 4246 331 4326 Quod
355 4245 481 4310 nullibi
509 4255 606 4308 tutus
635 4244 702 4309 erit
731 4244 900 4309 manendi
927 4245 1026 4308 locus
1059 4242 1202 4307 domino
1232 4242 1417 4305 Reveren-

133 4353 284 4417 dissimo
306 4367 428 4437 preter
452 4374 556 4435 quam
580 4353 616 4416 in
641 4352 786 4416 civitate
809 4372 913 4417 nova.

675 4647 882 4662 ΜΜΜΜΛ
