3425 5700
643 558 890 615 *sactes

145 704 274 767 materia
297 702 401 782 fidei,
435 723 541 784 quem
564 724 717 784 morum,
750 725 850 767 come
874 703 982 786 quelli
1007 706 1074 767 che
1097 724 1186 766 sono
1209 704 1293 766 stati
1315 721 1405 765 com·

145 810 220 892 posti
243 830 307 892 per
332 809 560 889 Cancellieri,
585 822 620 873 et
644 810 840 874 Conselieri
864 811 1055 890 lutherani,
1082 824 1117 873 et
1141 831 1179 873 :e
1204 830 1271 892 pur
1294 825 1359 892 per
1382 809 1406 871 li

144 916 235 997 tempi
266 916 402 999 passati
437 918 482 979 ad
513 917 750 997 grandissima
781 917 953 981 instantia
984 919 1087 981 dela
1111 920 1205 981 bona
1237 916 1408 982 memoria

143 1022 387 1104 Maximillam,
423 1032 459 1087 et
491 1026 536 1087 de
559 1014 640 1085 altri
663 1023 821 1105 Principi
852 1025 898 1087 de
921 1023 1131 1105 Germania,
1165 1023 1185 1087 e
1210 1033 1303 1087 stata
1326 1044 1405 1087 con·
1436 1075 1439 1079 r

144 1150 227 1191 cessa
250 1130 377 1194 alcuna
401 1150 485 1205 cosa
508 1150 579 1195 non
604 1134 695 1194 cossl
716 1131 907 1210 ordinaria,
931 1132 991 1213 gii
1007 1132 1139 1195 Nostro
1155 1129 1308 1214 Signore
1330 1130 1405 1193 feli-

142 1248 284 1301 cemente
308 1247 485 1326 regnante
509 1238 610 1320 Papa
634 1238 772 1319 Leone,
808 1248 843 1301 et
868 1238 977 1320 dopoi
1000 1237 1180 1319 Adriano,
1211 1247 1248 1304 et
1270 1239 1305 1300 31
1328 1257 1401 1319 pre-

142 1352 227 1407 sente
250 1343 382 1407 Nostro
406 1342 561 1426 Signore
586 1344 687 1427 Papa
703 1344 886 1409 Clemente
910 1365 1050 1427 sempre
1073 1347 1192 1408 hanno
1216 1347 1405 1408 abstenuto

141 1448 186 1513 far
206 1450 265 1514 tali
290 1452 526 1531 concessioni,
559 1465 594 1515 et
621 1452 641 1515 ὲ
665 1452 891 1534 paratissima
913 1451 986 1515 Sua
1010 1451 1149 1516 Sannts
1172 1454 1315 1534 quando
1340 1453 1405 1514 che

140 1576 234 1637 pero
258 1558 507 1622 ambasciatori
532 1560 577 1621 de
602 1557 674 1622 Sua
697 1560 851 1638 Maesti,
883 1580 904 1622 o
929 1560 1056 1623 alcime
1079 1562 1227 1624 honeste
1251 1579 1406 1641 persone

141 1682 194 1743 per
215 1684 317 1727 nome
347 1664 383 1727 di
406 1675 533 1747 questa
557 1666 719 1729 Nationc'
739 1666 998 1746 debitamente,
1030 1676 1066 1729 et
1089 1687 1168 1729 curn
1191 1665 1299 1730 filiale
1323 1668 1392 1729 obe

141 1768 259 1833 dientia
283 1770 325 1834 sii
349 1772 527 1836 advertite
552 1772 588 1836 di
612 1772 738 1837 alcuna
763 1792 847 1836 cosa
872 1775 991 1855 degne
1015 1774 1060 1837 de
1085 1774 1318 1853 correttione,
1351 1773 1407 1835 far

140 1885 204 1940 tuto
226 1880 345 1960 quello
370 1878 435 1943 che
460 1880 699 1963 appartenghi
723 1902 744 1943 a
767 1884 839 1943 bon
867 1882 979 1963 padre
1003 1890 1040 1943 et
1055 1890 1199 1962 pastore
1227 1879 1277 1943 dil
1292 1899 1406 1962 grege

140 1982 344 2067 Christiane,
381 1996 417 2049 et
440 1988 533 2049 cossi
555 1986 651 2067 fara,
688 1998 723 2049 et
745 1988 793 2049 ha
816 1986 907 2049 fatto
931 2006 1011 2050 cum
1034 1987 1157 2050 effetto
1185 2007 1312 2069 perse
1337 2007 1404 2049 me·
1464 1971 1469 1982 „

139 2092 264 2173 desma,
302 2088 494 2176 dovunque
529 2095 565 2156 13
594 2095 686 2156 vede
719 2114 816 2157 esser
844 2094 1047 2157 necessaria
1075 2095 1204 2157 alcuna
1237 2093 1404 2157 reforma-

137 2196 230 2265 tione.
278 2198 331 2263 Ne
356 2198 436 2263 sari
456 2200 654 2283 debisogno
680 2202 746 2263 che
771 2199 800 2263 si
823 2200 942 2263 facino
957 2201 1073 2281 questi
1087 2202 1237 2281 tumulti,
1262 2222 1306 2263 ne
1321 2211 1404 2263 stre·

136 2304 191 2385 piti
222 2327 288 2388 per
320 2306 408 2389 ogni
428 2306 489 2369 via
520 2306 828 2389 perniciosissimi,
864 2328 886 2369 3
910 2309 945 2370 13
967 2309 1081 2371 salute
1114 2310 1160 2371 de
1182 2308 1204 2371 l'
1220 2308 1337 2371 anima
1370 2318 1406 2371 et

135 2412 208 2474 beni
232 2413 419 2494 temporali
443 2412 488 2476 de
512 2424 588 2477 tuto
613 2416 645 2477 el
670 2414 958 2477 Christianesmo.

212 2520 267 2582 De
290 2527 366 2583 tute
390 2530 514 2601 queste
540 2541 622 2583 cose
647 2522 778 2586 Nostro
796 2517 949 2602 Signore
973 2523 1020 2583 ha
1042 2523 1167 2584 voluto
1191 2523 1256 2585 che
1280 2521 1322 2584 sii
1345 2524 1404 2584 ad·

135 2625 252 2689 vestita
276 2630 310 2689 la
326 2626 505 2690 Caesarea
519 2627 658 2691 Maesti
682 2630 727 2691 ad
751 2629 873 2707 lung0,
898 2647 967 2689 non
991 2629 1068 2690 solo
1092 2648 1156 2709 per
1181 2627 1320 2709 privato
1341 2649 1404 2691 suo

135 2734 326 2813 commodo,
352 2754 373 2796 0
398 2734 447 2796 dil
473 2732 575 2796 Stato
600 2733 871 2813 Ecclesiastic0‚
896 2754 953 2796 ma
975 2754 1042 2815 per
1058 2735 1302 2798 communicer
1325 2756 1405 2799 cum

134 2835 198 2902 Sua
220 2840 357 2904 Maesti
390 2861 490 2904 come
522 2842 639 2922 quella
674 2840 740 2903 che
776 2840 850 2926 eil
881 2842 1038 2904 secondo
1068 2843 1161 2904 lume
1193 2841 1242 2905 dil
1269 2844 1403 2925 populo

134 2944 334 3027 Christian0,
359 2948 458 3011 accio
484 2949 550 3010 che
575 2949 621 3010 da
646 2949 670 3011 li
689 2947 888 3029 sopradetti
904 2948 967 3010 atti
992 2951 1026 3010 la
1042 2949 1219 3011 consideri
1234 2970 1273 3012 se
1288 2950 1404 3031 questi

132 3053 246 3132 populi
276 3053 387 3117 fanno
411 3073 524 3136 pocco
550 3065 693 3135 compto
717 3055 764 3117 de
787 3053 875 3135 Dic,
908 3065 944 3116 et
967 3055 1017 3117 dil
1041 3052 1114 3117 Suo
1138 3055 1302 3136 Vicari0,
1339 3058 1404 3119 che

132 3164 222 3222 tanto
253 3180 374 3240 men0,
411 3181 433 3222 a
457 3161 491 3223 la
515 3160 680 3243 giornata
704 3161 829 3223 sarano
854 3163 901 3224 de
924 3158 998 3224 Sua
1020 3161 1159 3225 Maesti
1189 3171 1226 3226 et
1254 3163 1299 3226 de
1324 3163 1404 3226 altri

132 3259 276 3346 Segnori
300 3267 498 3349 temporali.
545 3265 591 3330 Et
613 3266 673 3348 gii
698 3288 742 3330 ne
766 3268 885 3331 hanno
910 3277 1105 3330 monstrato
1129 3268 1224 3332 assai
1239 3269 1403 3332 evidente

131 3376 303 3456 exemplo:
327 3375 459 3455 perche
485 3376 576 3435 oltra
601 3375 666 3436 che
691 3373 792 3454 quasi
817 3395 958 3456 sempre
983 3375 1091 3457 quelli
1115 3376 1237 3458 populi
1259 3376 1403 3441 habiino

131 3488 224 3542 ussto
246 3499 360 3564 pocca
384 3480 608 3560 obedientia,
646 3501 667 3542 a
690 3480 714 3542 li
739 3481 815 3544 suoi
839 3480 1069 3563 imperatori,
1104 3481 1344 3546 ultimamente
1368 3484 1403 3547 in

131 3598 247 3667 questa
271 3589 401 3654 Diaeta
434 3609 504 3651 non
539 3592 705 3652 obstante
739 3590 805 3651 che
829 3588 920 3651 siino
945 3588 1069 3651 vasalli
1100 3590 1145 3651 de
1169 3586 1242 3651 Sua
1266 3589 1403 3653 Maesti

132 3702 163 3754 et
184 3695 367 3776 prestatoli
392 3697 426 3758 el
448 3695 645 3758 iuramento
671 3715 741 3757 non
765 3695 907 3757 dimeno
932 3696 978 3757 da
1002 3716 1040 3756 se
1054 3696 1224 3758 medesmi
1241 3698 1403 3761 haveano

130 3802 291 3865 concluso
321 3803 469 3864 mandat
494 3801 756 3865 Ambasciatori
787 3801 821 3896 31
846 3802 905 3864 Re
929 3803 974 3864 de
998 3802 1151 3882 Franza,
1187 3803 1211 3865 il
1242 3805 1404 3885 chepar

130 3907 192 3970 che
216 3929 284 3972 non
309 3911 403 3972 bene
428 3907 631 3990 convenghi
655 3909 697 3971 ne
723 3929 743 3970 a
767 3909 789 3971 l'
803 3911 918 3972 honor
938 3909 981 3971 ne
1006 3909 1040 3970 31
1061 3911 1246 3972 commodo
1267 3912 1313 3972 de
1331 3909 1404 3974 Sua

130 4012 272 4096 Maesti,
298 4026 334 4079 et
351 4016 470 4098 dopoi,
495 4017 646 4080 essendo
662 4016 738 4078 loro
753 4015 935 4097 prohibito
951 4016 1010 4078 dal
1024 4014 1265 4078 Illustrissimo
1281 4017 1403 4081 Archi-

131 4121 226 4202 duca,
250 4133 285 4185 et
309 4124 368 4186 dal
384 4122 514 4188 Orator
532 4121 685 4186 Cesareo
710 4124 775 4184 che
799 4142 871 4185 non
896 4122 1075 4185 facessero
1100 4124 1147 4184 tal
1167 4142 1262 4203 cosa,
1284 4125 1403 4187 hanno

131 4225 216 4291 fatto
240 4231 365 4293 alcune
380 4229 631 4312 protestationi
647 4249 759 4311 poceo
780 4229 991 4293 honorevoli
1015 4250 1036 4293 a
1052 4226 1126 4291 Sua
1142 4229 1281 4292 Maesti
1302 4250 1404 4294 como

131 4337 243 4414 quella
267 4355 313 4400 ne
337 4338 429 4400 deve
454 4355 551 4399 esser
576 4337 622 4398 da
646 4335 721 4398 suoi
745 4336 804 4417 piu
831 4337 1067 4417 amplamente
1089 4334 1289 4400 informata.

216 4442 266 4506 Le
290 4443 385 4525 quali
403 4462 486 4506 cose
508 4453 584 4505 tute
608 4445 679 4505 ben
703 4442 941 4524 considerate,
965 4439 1037 4505 Sua
1049 4441 1190 4505 Maesta
1212 4443 1303 4506 deve
1326 4445 1404 4508 hor·

130 4547 197 4611 mai
221 4551 314 4632 aprir
337 4550 361 4614 li
386 4549 492 4630 ochii,
516 4559 552 4634 et
575 4559 762 4631 postposta
785 4549 871 4629 ogni
890 4550 982 4611 altra
1006 4569 1088 4611 cosa
1110 4550 1275 4612 attendet
1298 4570 1320 4613 a
1339 4551 1405 4613 dar

131 4657 281 4720 remedio
315 4679 334 4721 a
366 4665 466 4720 tanto
491 4657 677 4737 scandalo,
712 4658 777 4719 che
812 4676 880 4738 par
901 4658 1029 4720 tendet
1063 4679 1083 4720 3
1113 4639 1202 4720 total
1225 4660 1326 4721 ruina
1358 4660 1403 4721 de

130 4760 162 4820 la
177 4761 414 4844 Christianiti,
439 4772 475 4826 et
498 4763 710 4844 gravissima
733 4775 818 4826 nota
843 4765 889 4826 de
904 4762 977 4827 Sua
992 4763 1129 4826 Maesti
1153 4766 1189 4827 13
1212 4767 1296 4846 qual
1311 4765 1404 4828 oltra

130 4868 194 4932 che
218 4868 238 4932 ὲ
260 4872 435 4935 advocato
460 4869 627 4951 primario
652 4871 697 4933 de
722 4872 756 4933 13
772 4869 982 4934 Chiesiade
997 4871 1076 4952 Dio,
1102 4891 1233 4934 ancora
1255 4871 1274 4934 ὲ
1294 4874 1403 4935 molto
