3425 5700
613 545 860 631 eomer&

116 720 338 803 Reipublicae
360 721 500 785 iactura
523 721 681 803 videtur,
710 721 739 784 si
763 720 819 782 hic
843 721 893 782 ita
916 719 1115 801 provideat,
1139 730 1178 782 ut
1201 719 1375 801 praedicti

116 828 197 890 cives
218 849 256 890 se
280 827 414 910 liquido
437 847 608 910 peccasse
638 836 869 908 cognoscant.
927 825 1052 908 Neque
1084 827 1177 890 enim
1210 827 1266 889 hic
1298 847 1374 909 spe·

116 934 245 996 randum
278 944 351 1014 est,
383 943 421 996 ut
455 955 518 998 eos
548 934 770 1017 indulgentia
804 933 961 1016 mitiget,
997 933 1081 1015 quin
1116 932 1235 1016 potius
1270 932 1375 997 etiam

117 1041 275 1122 etiamque
298 1040 526 1104 metuendum
551 1040 733 1121 existim0,
767 1060 812 1102 ne
843 1039 872 1102 si
906 1039 961 1102 his
992 1049 1169 1104 tantorum
1203 1042 1375 1103 malorum

116 1147 207 1210 initiis
229 1167 298 1210 non
323 1147 436 1231 primo
461 1166 601 1228 quoque
626 1157 787 1229 tempore
811 1157 1037 1227 occurratur,
1073 1147 1309 1229 gliscentibus
1338 1145 1374 1208 in

117 1254 179 1316 dies
200 1256 265 1316 hoc
295 1273 411 1336 genus
441 1254 635 1318 factionum
665 1254 795 1336 turbis,
829 1274 899 1316 non
934 1254 1082 1338 perinde
1113 1263 1239 1336 postea
1269 1252 1375 1316 facile

117 1359 224 1423 obsisti
246 1359 359 1442 possit
382 1361 524 1442 quando
549 1360 583 1424 in
609 1363 702 1424 hunc
726 1361 813 1424 istos
838 1361 979 1424 modum
1004 1361 1195 1442 cernimus,
1217 1360 1254 1424 in
1279 1361 1374 1423 dete·

116 1466 196 1530 riora
218 1467 374 1550 quotidie
398 1467 548 1550 prolabi.
595 1468 737 1531 Interea
760 1488 865 1549 quam
889 1467 1114 1530 foelicissime
1138 1468 1257 1530 valeat
1281 1467 1318 1532 T.
1338 1463 1374 1531 S.

117 1574 162 1635 cui
179 1594 232 1636 me
245 1582 357 1636 totum
372 1594 478 1655 quam
495 1553 638 1657 prissum
654 1573 971 1656 obsequentissime
987 1575 1149 1638 devoveo
1166 1573 1374 1656 dedicoque.

190 1697 354 1780 Lugduni
377 1677 511 1762 Mensis
533 1699 656 1763 Martii
681 1699 765 1764 XII.

309 1821 350 1886 E.
374 1821 412 1887 S.
435 1823 476 1887 T.

826 1939 985 1989 Humillime
1004 1939 1130 1988 Creatura

690 2039 725 2084 10
744 2037 934 2086 Cardinalis
953 2038 990 2086 de
1010 2037 1242 2100 Lothoringia.

635 2251 841 2262 mamam

506 2479 676 2560 Eiusdem
702 2481 968 2583 postsoriptum.

701 2622 774 2685 198.

471 2876 596 2945 (tuturo
614 2876 733 2950 Prtudp.
751 2876 811 2935 Vol
829 2876 851 2935 t
870 2876 936 2950 toul
954 2877 1006 2950 tv.)

596 2985 651 3053 (η.
672 2988 762 3035 Martii
785 2986 872 3054 1525.)

190 3128 318 3208 Hodie,
342 3149 449 3210 quum
472 3129 578 3191 hasce
603 3128 725 3191 literas
741 3128 930 3191 tabellario
946 3137 1129 3210 posterum
1146 3129 1191 3191 ad
1209 3129 1256 3192 R.
1273 3130 1318 3191 D.
1335 3128 1379 3193 V.

111 3233 333 3312 perferendas
356 3244 570 3313 statueram,
594 3245 771 3298 venerunt
793 3237 862 3299 huc
887 3235 956 3298 duo
982 3236 1128 3298 comites
1151 3255 1220 3298 non
1246 3256 1380 3318 parvae

111 3340 311 3405 conditionis
334 3342 371 3405 in
395 3353 471 3404 toto
495 3342 661 3423 Imperi0,
677 3341 738 3424 qui
752 3343 951 3405 retulerunt
975 3342 1058 3405 mihi
1079 3342 1171 3406 inter
1187 3342 1267 3422 alia,
1283 3344 1378 3423 quod

111 3442 435 3511 Reverendissimus
448 3448 621 3511 Dominus
630 3447 786 3529 Legatus
804 3447 1019 3532 Campegius
1033 3448 1102 3511 iam
1115 3450 1189 3513 fere
1201 3450 1379 3512 Bohemos

110 3552 149 3612 ab
172 3555 350 3619 erroribus
375 3556 446 3619 suis
470 3565 701 3636 avocaverat,
735 3567 771 3618 et
802 3575 945 3618 eorem
970 3556 1185 3637 deduxerat,
1218 3564 1256 3618 ut
1287 3558 1380 3618 bene

109 3658 148 3720 de
170 3660 220 3724 eis
245 3666 476 3744 sperabatur;
514 3681 637 3726 verum
660 3662 832 3725 timebant
864 3663 954 3725 hanc
984 3660 1203 3725 Sanctissimi
1238 3662 1381 3725 Domini

110 3762 220 3830 Nostri
244 3768 282 3830 in
305 3768 447 3832 Gallum
470 3768 735 3833 inclinationem
759 3789 865 3851 posse
888 3790 949 3833 eos
965 3768 1124 3831 fortassis
1142 3771 1187 3831 ab
1212 3768 1381 3831 institutis

109 3890 297 3941 removere.

186 4000 384 4064 Praeterea
408 4003 514 4064 modo
538 4021 604 4083 per
628 3999 853 4064 Germaniam
879 4020 976 4063 more
1000 4001 1211 4062 hebreorum
1236 3998 1379 4061 circum-

108 4102 250 4171 cidendo
275 4107 474 4171 Infantulos
491 4116 594 4170 natos
619 4108 722 4190 (proh
746 4106 862 4191 dolor)
886 4104 1057 4187 baptisari
1079 4114 1254 4179 asserunt;
1280 4126 1380 4187 quor·

108 4225 272 4277 sumtum
299 4216 388 4278 haec
412 4216 571 4295 tendant,
594 4214 720 4296 juditio
744 4209 792 4276 R.
817 4214 861 4277 D.
887 4214 930 4276 V.
955 4212 1184 4293 cogitandum
1208 4212 1381 4293 relinquo.
