3425 5700
749 571 996 631 epoto&

233 722 360 787 dirizzo
397 723 465 787 alle
496 742 579 787 cose
615 722 717 805 gravi
753 730 789 783 et
824 719 961 784 difficili
993 741 1014 782 a
1037 718 1139 783 farne
1163 717 1441 799 deliberatione,
1477 725 1514 778 et

231 830 416 894 facendosi
440 832 475 892 la
500 830 596 893 dieta
620 832 773 892 sarebbe
797 830 843 890 da
867 846 1060 910 procurare
1084 847 1184 889 come
1209 826 1340 889 Cesare
1373 828 1439 888 che
1468 826 1515 887 de

231 939 265 1002 le
290 958 373 1002 cose
397 941 442 1001 de
466 941 501 1001 la
524 938 618 1017 fede,
643 938 688 999 de
712 935 737 998 li
760 934 958 1018 gravamini
983 937 1039 997 del
1066 934 1225 997 Concilio
1250 942 1285 996 et
1309 933 1399 996 simil
1423 934 1514 994 altre

233 1027 380 1108 materie
406 1065 475 1107 non
501 1046 530 1107 si
554 1048 706 1107 havesse
731 1064 752 1105 a
775 1046 932 1124 parlare‚
966 1063 1022 1104 ma
1054 1043 1131 1105 solo
1162 1052 1198 1104 et
1229 1041 1513 1104 absolutamente

232 1174 271 1216 se
295 1172 496 1216 recercasse
522 1153 587 1214 che
621 1155 654 1214 le
686 1170 769 1212 cose
793 1149 824 1212 si
858 1149 1078 1212 riducessino
1112 1151 1182 1212 alla
1212 1148 1361 1230 pristina
1394 1149 1512 1209 obser-

231 1260 351 1322 vantia
376 1268 412 1321 et
445 1257 721 1330 consuetudine;
761 1258 899 1321 benche
936 1257 970 1318 di
1005 1256 1087 1320 iarli
1121 1267 1242 1319 tacere
1274 1255 1370 1328 circa
1397 1254 1512 1336 questi

233 1366 334 1449 punti
358 1364 490 1429 iudichi
514 1386 633 1428 essere
658 1366 767 1427 molto
791 1363 949 1445 difficile,
973 1364 1173 1426 ordinando
1197 1362 1234 1424 di
1257 1382 1374 1425 nuovo
1398 1360 1514 1423 cheli

233 1472 473 1555 oppugnatori
502 1482 537 1535 et
561 1472 734 1535 turbatori
758 1474 803 1534 de
828 1473 879 1552 gli
912 1472 1027 1534 ordini
1057 1470 1189 1534 antichi
1222 1470 1323 1533 iuxta
1355 1470 1388 1531 el
1419 1489 1512 1531 man·

233 1582 317 1642 dato
346 1580 383 1641 di
411 1577 448 1642 S.
479 1578 542 1641 Ml*
566 1579 713 1642 fusseno
749 1578 914 1661 castigati
947 1592 983 1641 et
1010 1579 1168 1641 secondo
1198 1577 1224 1639 il
1258 1587 1382 1639 tenore
1410 1577 1455 1638 de
1479 1578 1513 1637 le

231 1686 334 1749 Bolle
359 1687 404 1748 de
435 1688 470 1748 la
494 1683 589 1748 Sede
613 1686 842 1767 Apostolica3
875 1694 911 1749 et
939 1705 1005 1767 per
1029 1685 1159 1748 indurli
1182 1707 1203 1748 a
1227 1692 1352 1765 questo
1376 1682 1428 1765 gli
1449 1702 1510 1764 po-

230 1794 358 1855 trebbe
382 1794 468 1854 dare
492 1790 689 1855 intentione
714 1792 749 1858 S.
774 1793 839 1855 Ml*
856 1814 956 1855 come
980 1794 1026 1855 da
1050 1814 1089 1855 se
1114 1793 1150 1855 di
1166 1812 1358 1874 procurare
1375 1802 1411 1853 et
1423 1789 1512 1853 Con·

230 1899 310 1962 cilio
336 1908 371 1962 et
394 1898 515 1961 debita
538 1899 743 1980 provisione
767 1908 803 1963 et
827 1899 1079 1963 reformatione
1103 1902 1137 1962 al
1154 1908 1256 1980 tutto,
1272 1897 1513 1981 soggiugnen·

230 2007 303 2069 doli
328 2009 393 2071 che
425 2026 491 2088 per
518 2008 552 2069 la
581 2007 718 2086 grande
749 2006 977 2087 importantia
1005 2008 1050 2069 de
1079 2010 1112 2069 le
1146 2026 1230 2069 cose
1261 2006 1446 2068 tractande
1475 2004 1512 2065 in

230 2114 324 2177 dicta
348 2114 444 2177 dieta
468 2112 504 2176 S.
530 2113 576 2176 M.
602 2114 766 2176 desidera
781 2113 1003 2176 intervenirli
1019 2116 1307 2196 personalmente
1324 2123 1359 2175 et
1374 2112 1512 2174 intanto

229 2220 258 2283 si
282 2218 426 2282 trovara
449 2220 554 2282 modo
580 2230 616 2282 et
645 2220 703 2283 via
735 2220 770 2282 di
802 2230 952 2283 trattare
985 2241 1052 2283 con
1082 2218 1119 2283 S.
1144 2220 1190 2283 M.
1217 2239 1325 2301 super
1348 2219 1513 2281 omnibus

230 2336 266 2389 et
289 2326 438 2389 dirizare
463 2329 496 2390 le
520 2346 604 2389 cose
636 2348 657 2389 a
688 2328 826 2390 camino
858 2328 952 2391 dove
983 2328 1035 2389 sia
1068 2328 1090 2389 l'
1115 2330 1251 2389 honore
1283 2337 1319 2389 et
1349 2336 1441 2388 stato
1475 2326 1512 2385 di

231 2432 286 2496 S‘⁸
301 2432 429 2496 Chiesa
453 2442 489 2496 et
512 2435 533 2495 l'
550 2434 717 2497 auttorita
742 2444 777 2496 et
802 2435 940 2517 dignita
964 2436 1000 2498 di
1025 2435 1066 2499 N.
1092 2431 1129 2498 S.

323 2540 368 2603 Et
391 2541 522 2622 perche
545 2541 582 2604 in
606 2544 640 2604 la
663 2543 791 2605 lettera
820 2542 879 2605 del
902 2542 1110 2605 Tridentino
1139 2541 1250 2603 fanno
1274 2540 1452 2603 mentione
1475 2539 1514 2599 di

229 2649 350 2712 volere
374 2647 536 2710 intimare
562 2650 596 2710 la
620 2647 716 2711 dieta
740 2669 761 2710 a
785 2646 821 2711 S.
837 2649 1025 2730 Michaele,
1048 2649 1165 2713 iudico
1194 2651 1260 2711 che
1289 2647 1341 2712 sia
1366 2646 1512 2728 expedi-

230 2765 311 2818 ente
336 2758 401 2817 che
425 2754 541 2817 subito
566 2754 608 2817 N.
634 2752 669 2817 S.
696 2754 890 2837 expedisca
914 2758 948 2818 el
963 2756 1096 2822 Nontio
1121 2758 1155 2819 al
1172 2755 1396 2819 serenissimo
1412 2754 1509 2817 Prin-

230 2862 309 2944 cipe
333 2861 512 2924 dicendoli
529 2863 595 2924 che
609 2861 861 2925 intendendosi
891 2865 956 2926 che
985 2864 1015 2927 si
1039 2867 1145 2926 vuole
1168 2863 1331 2925 intimare
1355 2865 1389 2924 la
1413 2861 1512 2924 dieta

229 2979 265 3033 et
289 2971 354 3033 che
378 2969 501 3051 voglia
525 2989 621 3032 esser
651 2978 818 3032 contenta
849 2969 923 3033 Sua
951 2969 1116 3034 Serenita
1148 2971 1361 3052 prorogarla
1388 2970 1510 3031 sinche

229 3079 276 3140 ha
290 3096 408 3140 nuova
425 3075 669 3139 commissione
687 3078 733 3138 da
751 3076 892 3156 Cesare,
910 3078 980 3140 alla
1004 3081 1108 3160 quale
1133 3079 1212 3140 dica
1235 3080 1368 3140 havere
1385 3077 1511 3139 scritto

228 3204 293 3266 per
316 3187 421 3246 homo
446 3203 466 3245 a
489 3185 907 3283 postappersoadendola
931 3205 998 3248 con
1023 3195 1113 3248 tutte
1138 3186 1255 3266 quelle
1279 3183 1419 3266 regioni
1442 3185 1511 3246 che

228 3313 249 3354 a
273 3289 309 3354 S.
335 3289 386 3354 ga
412 3309 672 3353 occorreranno
696 3291 754 3372 pin
781 3303 991 3374 opportune.

317 3396 365 3460 Se
388 3397 424 3458 la
448 3396 543 3458 dieta
568 3397 598 3458 si
621 3396 760 3461 facesse
785 3419 852 3461 con
883 3410 1007 3480 questa
1039 3399 1246 3462 limitatione
1282 3400 1348 3461 che
1377 3419 1446 3460 non
1477 3398 1509 3460 si

230 3505 390 3586 parlasse
423 3503 460 3564 di
491 3502 648 3566 Concilio
681 3505 725 3567 ne
759 3505 794 3567 di
819 3526 903 3568 cosa
926 3507 1127 3588 pertinente
1152 3509 1222 3570 alla
1244 3506 1328 3569 fede
1352 3527 1422 3568 non
1445 3525 1507 3588 po-

230 3615 357 3675 trebbe
381 3611 544 3673 risultare
569 3631 653 3672 cosa
677 3613 836 3675 dannosa
860 3614 904 3675 nd
929 3616 1080 3676 sarebbe
1104 3613 1306 3676 necessaria
1330 3615 1351 3674 l'
1377 3614 1510 3674 andata

233 3719 268 3782 di
293 3739 340 3781 un
364 3721 485 3799 legato
510 3726 547 3780 et
569 3721 836 3783 bastarebbono
867 3722 984 3783 alcuni
1008 3720 1116 3784 buoni
1147 3720 1248 3783 brevi
1276 3719 1509 3782 exhortatorii

231 3849 253 3889 a
266 3827 364 3889 ridur
376 3827 409 3888 le
427 3845 509 3888 cose
526 3827 560 3887 al
572 3825 722 3906 pristino
739 3835 841 3907 stato,
864 3828 1045 3890 mettendo
1063 3828 1177 3890 ordini
1194 3828 1302 3889 buoni
1332 3836 1368 3889 et
1390 3826 1510 3888 stabili

232 3954 296 4015 per
320 3931 445 4016 punire
470 3931 493 3993 li
518 3931 666 3994 heretici
691 3941 726 3994 et
750 3942 875 4013 potere
908 3955 971 3995 sua
999 3931 1051 3995 ga
1069 3944 1202 4015 quanto
1233 3933 1257 3995 li
1290 3932 1418 4014 parera
1449 3953 1509 3994 ex·

230 4040 399 4122 pediente
424 4049 460 4102 et
483 4038 629 4101 offerirli
654 4047 691 4101 et
714 4040 910 4102 sumetterli
932 4042 1116 4122 seguendo
1141 4040 1259 4122 quello
1285 4042 1351 4103 che
1375 4040 1420 4101 da
1444 4039 1509 4102 Ce-

230 4166 309 4209 sare
334 4145 358 4208 li
381 4145 461 4208 sara
485 4144 586 4207 iuxta
608 4145 782 4227 premissa
805 4147 905 4210 detto
930 4157 965 4210 et
988 4168 1183 4229 promesso.

318 4252 363 4314 Et
388 4253 528 4334 quando
552 4272 619 4332 pur
643 4255 677 4314 la
700 4253 921 4316 intimatione
945 4255 982 4316 di
1007 4266 1132 4336 questa
1156 4255 1253 4318 dieta
1287 4275 1358 4318 non
1387 4255 1417 4318 si
1446 4277 1509 4338 po-

230 4370 324 4423 tesse
349 4358 566 4440 prolongare
590 4359 632 4421 ne
657 4360 791 4423 havere
815 4363 850 4423 la
874 4361 972 4424 detta
995 4361 1200 4444 provisione
1225 4365 1272 4425 da
1296 4362 1440 4442 Cesare‚
1471 4363 1509 4426 io

231 4487 296 4529 con
322 4466 443 4528 debita
473 4465 675 4528 reverentia
703 4467 795 4531 sarei
836 4470 881 4531 de
907 4469 1074 4551 opinione
1103 4473 1168 4532 che
1200 4472 1296 4532 nullo
1327 4481 1433 4553 pacto
1467 4491 1510 4534 se

232 4574 283 4657 gli
306 4574 494 4636 mandasse
519 4573 650 4655 legato,
675 4575 808 4656 perche
832 4575 955 4638 dubito
971 4579 1037 4640 che
1061 4580 1214 4640 sarebbe
1245 4596 1345 4640 come
1370 4580 1388 4640 ἐ
1412 4586 1508 4640 stato

230 4691 266 4743 et
289 4701 359 4742 non
384 4684 541 4775 petendo
566 4682 600 4744 in
625 4691 717 4745 tutto
741 4681 914 4764 reprimet
945 4694 1071 4764 questa
1103 4693 1205 4766 peste
1233 4694 1269 4746 et
1296 4683 1433 4747 insania
1461 4685 1510 4747 ne

230 4796 390 4850 ottenere
414 4789 448 4850 le
473 4788 592 4850 debite
616 4787 810 4870 provisioni
834 4810 856 4852 a
884 4789 955 4869 oid,
986 4794 1139 4853 sarebbe
1174 4790 1267 4853 assai
1295 4790 1509 4855 detrimento

229 4896 299 4960 alla
324 4894 460 4978 dignit‘a
484 4905 520 4957 et
536 4897 672 4958 honore
697 4897 741 4958 de
766 4899 800 4959 la
823 4895 918 4960 Sede
944 4898 1167 4981 Apostolica;
1192 4901 1280 4980 pero
1303 4895 1350 4961 mi
1366 4899 1510 4981 pareria
