3425 5700
688 512 837 567 04533
877 510 935 565 ΕΗ

170 679 259 721 sona
283 679 304 742 a
328 658 413 739 ogni
437 656 568 721 rischio
594 668 629 721 et
653 667 779 740 aperto
804 658 981 740 pericolo;
1015 678 1073 720 ma
1096 678 1166 720 non
1191 658 1283 720 vedo
1308 658 1374 719 che
1398 656 1452 719 sia

170 764 257 827 utile
282 766 325 827 ne
351 764 552 828 necessario
576 764 678 845 far10‚
704 767 769 827 che
786 766 809 827 ’l
834 765 910 827 dire
934 766 1001 827 che
1024 765 1053 826 si
1077 784 1123 826 va
1146 764 1250 845 peril
1267 784 1377 846 paese
1392 765 1451 827 del

169 872 341 954 Principe
370 872 404 935 io
437 882 568 954 troppo
604 893 644 935 so
677 873 712 934 la
743 872 801 934 via
833 881 869 935 et
892 874 1006 934 anche
1030 880 1161 952 quanto
1186 867 1259 932 Sua
1284 868 1375 933 Ser‘*
1400 870 1452 932 sia

170 980 318 1043 obedita
346 989 381 1041 et
404 999 505 1042 come
528 982 597 1041 ben
624 978 652 1041 si
676 1000 721 1041 va
745 1000 766 1041 a
790 977 1002 1041 discretione
1032 976 1087 1039 de'
1113 976 1233 1039 villani
1260 998 1281 1039 a
1304 996 1453 1058 quorum
1504 966 1507 972 ¹

169 1086 292 1149 furore
316 1084 444 1148 liberet
467 1105 532 1149 nos
555 1086 668 1157 Deus;
706 1096 741 1147 et
771 1086 831 1167 poi
864 1086 929 1148 che
958 1104 1024 1165 per
1056 1084 1240 1166 benignita
1272 1084 1393 1147 divina
1416 1084 1451 1147 io

171 1212 261 1256 sono
287 1201 432 1274 ereptus
457 1194 564 1255 tantis
588 1194 756 1276 periculis
781 1200 816 1255 et
838 1200 1058 1273 preservatO,
1092 1212 1162 1254 non
1193 1192 1342 1274 expedit
1367 1190 1452 1254 mihi

169 1301 303 1363 totiens
327 1308 466 1362 tentare
490 1298 668 1362 fortunam
692 1320 822 1373 meam;
847 1302 960 1381 perhb
986 1300 1162 1363 domando
1187 1299 1222 1361 di
1246 1299 1362 1380 gratia
1385 1300 1451 1361 che

170 1405 208 1469 S.
234 1404 288 1469 St*
312 1426 382 1469 non
407 1407 435 1469 si
451 1406 539 1469 volti
561 1427 580 1467 a
605 1415 730 1487 questo
755 1408 931 1488 pensiero,
957 1409 1022 1470 che
1048 1409 1189 1489 quando
1214 1408 1294 1468 saro
1318 1425 1385 1468 con
1413 1403 1451 1467 S.
1533 1398 1540 1411 '

169 1512 401 1575 Beatitudine
431 1512 464 1575 io
498 1513 532 1575 le
564 1512 641 1575 diro
678 1514 834 1576 anchora
865 1515 955 1575 altre
988 1513 1127 1595 ragioni
1158 1512 1194 1576 in
1219 1513 1451 1576 excusatione

169 1618 251 1699 mia,
275 1621 309 1681 le
335 1618 429 1700 quali
453 1640 519 1701 per
544 1640 640 1682 esser
663 1621 774 1682 breve
800 1640 863 1683 ora
886 1619 1006 1682 lascio.

261 1742 447 1806 Bononiae
471 1742 581 1805 XVII
605 1743 759 1825 Augusti
782 1743 983 1809 MDXXV.

773 2280 847 2344 251.

448 2394 586 2476 cardin.
620 2395 854 2497 Moguntinus
882 2395 1055 2475 Clementi
1082 2396 1161 2476 VII.

617 2542 715 2617 (Epist.
739 2544 825 2617 prim.
850 2543 902 2602 m
930 2543 1001 2613 245.)

662 2661 718 2729 (29.
737 2664 853 2725 Augusti
876 2664 962 2728 1525.)

262 2797 406 2860 Litteris
424 2798 645 2879 quorundam
662 2796 854 2860 amicorum
873 2797 918 2859 ad
930 2816 986 2860 me
996 2796 1156 2860 defertur
1166 2797 1261 2877 quod
1270 2805 1380 2860 totam
1396 2817 1450 2860 ur·

170 2909 254 2970 bem
270 2925 451 2968 romanam
463 2913 499 2967 et
513 2907 656 2967 multam
673 2904 843 2986 deinceps
855 2904 979 2967 Italiae
994 2913 1131 2985 partem
1147 2923 1267 2967 rumor
1282 2904 1452 2967 invaserit

168 3011 311 3075 rusticis
335 3010 535 3074 hominibus
560 3011 618 3093 qui
649 3011 764 3093 impiis
789 3011 995 3074 tumultibus
1019 3009 1136 3074 omnia
1159 3030 1262 3073 sacra
1284 3031 1327 3073 ac
1351 3012 1451 3093 leges

171 3128 335 3182 evertere
357 3117 475 3180 conati
498 3128 588 3196 sunt,
613 3118 722 3181 aedes
746 3127 781 3180 et
797 3139 878 3181 aras
895 3138 1015 3181 sacras
1031 3119 1311 3200 prophanarunt,
1327 3119 1451 3182 domos

171 3225 373 3308 principum
397 3245 438 3286 ac
463 3224 633 3287 nobilium
657 3223 814 3287 funditus
839 3234 1054 3306 everterunt,
1078 3235 1257 3287 matronas
1280 3245 1322 3288 ac
1345 3225 1451 3307 virgi·

171 3353 236 3396 nes
269 3340 546 3414 constuprarunt
569 3341 605 3394 et
629 3332 664 3394 in
688 3351 824 3394 summa
855 3331 941 3394 nihil
965 3331 1108 3394 omnino
1141 3329 1285 3412 impium
1318 3331 1451 3394 abomi-

172 3439 328 3503 nandum
352 3439 652 3521 nephandumque
675 3439 886 3502 intentatum
910 3438 1143 3519 reliquerunt,
1174 3458 1230 3500 me
1259 3439 1449 3520 machinas,

172 3554 406 3609 commeatum
439 3545 646 3626 reliquaque
679 3545 811 3608 auxilia
842 3545 1146 3624 subministrasse,
1170 3544 1271 3607 simul
1296 3565 1376 3608 cum
1399 3545 1450 3608 eis

174 3652 208 3715 in
227 3653 510 3714 Lutheranorum
526 3661 659 3714 sectam
684 3654 917 3724 concessisse:
941 3653 1087 3734 insuper
1109 3672 1165 3715 me
1189 3653 1225 3714 in
1249 3650 1450 3715 diocesibus

173 3759 261 3822 meis
292 3758 495 3841 permisisse
524 3761 745 3841 presbyteris
768 3758 937 3821 fratribus
968 3760 1007 3821 et
1027 3758 1238 3821 monialibus
1262 3770 1300 3820 ut
1313 3759 1452 3841 possint

173 3867 286 3930 libere
317 3876 402 3929 vota
430 3866 627 3930 monastica
650 3866 863 3947 relinquere,
888 3865 1108 3929 matrimonia
1132 3867 1300 3947 copulare
1324 3875 1390 3928 etc.
1415 3876 1452 3929 et

172 3973 294 4036 nescio
325 3973 409 4055 quid
442 3973 699 4036 mendatiorum
728 3973 856 4035 aemuli
887 3972 954 4036 mei
984 3972 1019 4035 in
1051 3993 1107 4036 me
1137 3972 1227 4035 falso
1258 3993 1328 4034 non
1359 3993 1449 4035 com·

172 4081 281 4144 menti
306 4091 397 4143 sunt.
452 4079 551 4160 Quae
585 4081 692 4142 etiam
723 4079 840 4142 omnia
874 4079 940 4142 etsi
974 4090 1046 4141 tarn
1078 4098 1169 4141 vana
1193 4089 1336 4160 tamque
1359 4078 1451 4141 falsa

172 4188 242 4251 sint
265 4199 305 4249 ut
330 4187 424 4249 nulla
447 4187 589 4268 penitus
613 4186 843 4248 excusatione
869 4195 1000 4268 egeant
1024 4207 1065 4248 ac
1096 4185 1229 4248 veritas
1258 4185 1338 4267 ipsa
1369 4205 1450 4266 quo-

171 4294 260 4357 libet
283 4294 365 4357 fuco
390 4293 481 4356 falsa
503 4293 764 4356 insimulatione
782 4295 934 4356 adversa
948 4291 1171 4374 confictaque
1191 4292 1451 4354 machinatione

171 4401 300 4467 sortior
324 4401 380 4481 sit,
405 4401 558 4482 mihique
581 4400 688 4462 facile
712 4402 912 4482 persuadeo
939 4400 1044 4462 etiarn
1068 4400 1098 4462 si
1121 4400 1207 4463 talia
1230 4400 1275 4462 ad
1296 4399 1450 4462 Beatitu·

171 4509 292 4572 dinem
316 4518 470 4571 vestram
502 4509 620 4570 delata
654 4518 773 4571 essent
801 4517 838 4569 ut
868 4507 938 4569 illis
965 4509 1096 4570 nullam
1127 4507 1234 4570 fidem
1263 4505 1450 4580 adhibeat;

171 4615 230 4678 cui
253 4635 333 4678 mea
355 4614 391 4676 in
416 4615 531 4676 Deum
555 4613 661 4695 inque
685 4613 896 4694 religionem
921 4613 1148 4676 christianam
1172 4613 1316 4676 devotio
1349 4633 1390 4674 ac
1415 4611 1451 4674 in

172 4721 397 4785 sanctitatem
422 4731 483 4783 v*m
508 4721 736 4784 observantia
759 4720 829 4783 iam
853 4720 991 4802 pridem
1021 4719 1166 4801 cognita
1198 4732 1267 4792 est;
1295 4729 1451 4782 attam'en

172 4849 251 4892 curn
276 4826 473 4890 istiusmodi
497 4847 615 4909 nugae
640 4828 685 4889 ad
710 4847 765 4889 me
790 4828 930 4890 delatae
955 4838 1037 4890 sunt
1060 4847 1129 4890 non
1146 4826 1245 4909 potui
1261 4827 1450 4889 obmittere
