3425 5700
626 584 873 648 043261ῢώ

203 732 277 796 Een
301 735 319 796 ὲ
344 743 437 798 stato
457 756 478 798 a
494 736 680 818 proposito
697 740 762 800 che
780 735 854 802 Sua
868 738 1020 802 Maiesta
1036 735 1245 802 commando
1261 740 1388 820 sponte

127 861 179 903 suo
201 842 231 902 al
256 839 483 923 Cancellieri,
517 843 584 905 che
610 843 644 908 io
669 851 783 908 stesso
808 844 945 908 facesse
971 847 1069 909 detto
1094 845 1222 919 editto;
1257 846 1388 927 perche

128 949 164 1010 de
186 958 312 1029 quanto
338 959 441 1012 tocca
471 970 493 1012 a
523 949 544 1010 l’
570 951 724 1016 autorita
753 952 965 1034 Apostolioa
989 973 1045 1015 me
1068 954 1114 1015 ho
1139 953 1294 1016 sforzato
1318 973 1389 1017 non

126 1057 149 1116 si
169 1055 300 1118 facesse
325 1057 476 1137 qualche
506 1056 796 1132 inconveniente;
838 1061 883 1122 de
918 1058 974 1122 far
1009 1062 1107 1123 detto
1141 1061 1309 1124 mandato
1342 1061 1386 1123 al·

126 1172 242 1242 quanto
265 1162 325 1244 piu
351 1164 447 1226 culto
472 1173 507 1228 et
532 1165 711 1246 elegante,
734 1187 804 1229 non
831 1167 848 1229 ἐ
874 1175 968 1229 stato
991 1186 1098 1248 parer
1122 1168 1167 1228 de
1191 1166 1305 1248 questi
1330 1167 1389 1229 del

126 1270 268 1334 conselio
291 1271 425 1352 perche
450 1271 578 1334 dicono
604 1273 745 1336 daversi
777 1293 900 1338 servar
930 1273 955 1334 il
986 1273 1084 1349 stilo,
1119 1273 1285 1337 accioche
1316 1293 1388 1343 non

124 1375 191 1458 pari
213 1377 431 1459 surreptitio:
456 1378 655 1460 Utrumque
680 1399 802 1460 spero,
828 1381 893 1442 che
918 1379 1066 1461 giovara
1090 1379 1182 1444 assai
1207 1388 1242 1442 et
1265 1389 1388 1443 contra

126 1494 237 1564 questa
259 1485 401 1551 heresia
426 1487 470 1547 de
494 1483 630 1548 Luther
654 1495 689 1548 et
713 1495 838 1549 contra
866 1488 955 1549 altre
984 1487 1125 1549 heresie
1152 1486 1186 1549 in
1215 1486 1388 1551 futurum:

125 1590 260 1670 Quando
285 1591 315 1654 si
339 1591 472 1656 vedere
496 1591 521 1654 li
549 1592 609 1654 dui
637 1593 800 1656 luminari
832 1594 891 1656 del
923 1596 1053 1656 mundo
1078 1593 1209 1657 Nostro
1234 1591 1388 1676 Signore

125 1709 154 1760 et
174 1698 420 1780 l'Imperatore
454 1698 610 1763 unanimi
642 1720 818 1764 consensu
850 1721 947 1763 esser
972 1710 1096 1764 contra
1120 1701 1235 1782 questi
1258 1701 1388 1764 ribaldi

125 1805 207 1886 cani,
231 1807 339 1869 credo
364 1808 471 1888 bene,
502 1808 567 1870 che
598 1825 664 1888 ρετ
695 1808 846 1888 qualche
876 1817 995 1890 tempo
1027 1827 1092 1890 per
1116 1807 1227 1870 nostri
1250 1805 1388 1890 peccati

126 1911 237 1974 durerh
262 1934 372 1976 ancor
396 1923 522 1995 questa
546 1913 739 1976 maledetta
764 1924 880 1993 secta,
911 1935 968 1978 ma
1003 1924 1039 1977 et
1069 1915 1138 1978 Dio
1175 1914 1289 1997 primo
1323 1917 1389 1978 che

125 2039 185 2081 uon
207 2021 397 2082 abandona
427 2041 491 2083 sua
515 2020 666 2101 chiesia,
692 2031 727 2084 et
752 2022 785 2084 el
809 2022 921 2085 veder
944 2020 1054 2084 Cesar
1078 2041 1176 2085 esser
1199 2022 1389 2084 obediente

124 2136 281 2190 executor
306 2127 354 2188 dil
380 2126 552 2204 Pontifice
577 2129 613 2190 in
639 2137 765 2208 questa
781 2147 885 2202 cosa;
910 2137 945 2191 et
970 2130 1068 2191 detto
1085 2128 1197 2192 editto
1213 2126 1287 2191 cosi
1309 2130 1388 2191 hor-

123 2232 214 2296 ribile
236 2243 369 2315 quanto
393 2233 463 2297 mai
488 2234 589 2315 altr0,
615 2254 684 2297 non
710 2236 821 2297 solum
847 2234 1027 2317 mitigari,
1058 2256 1114 2297 ma
1146 2235 1252 2298 etiam
1277 2233 1387 2297 extin-

123 2339 223 2420 guara
246 2351 282 2403 et
313 2338 533 2403 annichilara
565 2342 623 2404 del
654 2351 746 2404 tutto
777 2351 903 2424 questa
934 2341 1215 2421 abominatione,
1244 2343 1279 2406 la
1306 2344 1389 2424 qual

125 2446 175 2526 gii
204 2448 238 2510 in
262 2447 500 2529 grandissima
527 2458 630 2530 parte
663 2448 681 2512 ὲ
714 2450 903 2530 abbatuta,
939 2459 974 2512 et
1009 2470 1048 2512 se
1078 2451 1209 2514 abbate
1238 2449 1324 2532 ogni
1354 2448 1389 2512 di

122 2554 184 2634 ρίὺ.
236 2555 382 2618 Ancora
411 2555 435 2617 il
466 2565 602 2637 temp0,
637 2559 703 2619 che
736 2556 811 2618 sole
844 2556 930 2637 ogni
965 2576 1049 2619 cosa
1079 2557 1167 2619 dura
1198 2555 1254 2619 far
1283 2557 1389 2620 molle

124 2663 219 2724 molto
242 2661 319 2726 sarh
343 2673 512 2726 remetter
536 2663 651 2744 questi
675 2663 781 2727 animi
805 2663 976 2744 indurati,
1000 2673 1036 2726 et
1059 2663 1247 2745 presertim
1271 2683 1388 2727 succe-

124 2769 228 2832 dendo
253 2769 276 2832 il
301 2771 372 2832 bon
397 2771 560 2853 guberno
585 2780 621 2832 et
645 2768 832 2852 diligentia
856 2770 891 2832 di
915 2772 951 2833 la
974 2769 1069 2833 Sede
1095 2771 1324 2853 Apostolica,
1354 2779 1389 2834 et

124 2876 152 2937 in
175 2898 305 2941 summa
329 2898 401 2941 non
424 2878 517 2941 vedo
542 2880 588 2940 da
611 2878 671 2960 qui
696 2879 816 2943 avanti
840 2883 932 2942 altra
957 2879 1014 2942 via
1037 2879 1098 2962 piu
1131 2878 1290 2961 proficua
1322 2881 1389 2942 che

123 2982 219 3065 dopoi
254 2987 319 3047 che
354 3006 393 3049 se
417 2987 463 3047 ha
492 2995 594 3049 usato
625 2986 710 3067 ogni
750 2986 908 3049 remedio
945 2987 1011 3048 che
1048 3006 1087 3049 se
1114 2986 1314 3068 richiedea,
1350 3007 1389 3050 se

123 3088 195 3153 lassi
217 3111 282 3173 per
306 3092 456 3174 qualche
494 3090 530 3154 di
565 3091 620 3155 far
656 3093 688 3155 el
725 3102 865 3177 tempo,
899 3092 1032 3175 perche
1069 3094 1184 3175 questi
1219 3092 1390 3157 Germani

25 3210 26 3213 ’
124 3207 210 3261 tanto
233 3198 291 3281 piu
317 3198 346 3263 si
371 3199 555 3279 sdegnano
580 3209 616 3261 et
640 3200 675 3261 la
693 3200 823 3261 voleno
847 3220 980 3263 vencer
1003 3210 1135 3281 quanto
1159 3198 1219 3281 piu
1241 3221 1280 3263 se
1303 3222 1388 3283 pon-

123 3321 220 3381 gono;
245 3306 301 3369 chi
325 3305 351 3368 li
374 3308 467 3369 lassa
490 3307 659 3387 alquanto
683 3303 862 3388 resposar,
885 3327 923 3369 se
938 3306 1192 3371 refrediscono.
1232 3308 1303 3371 Era
1319 3310 1389 3373 ben

124 3412 418 3477 neccessarissimo
456 3412 691 3494 apparechiar
728 3424 851 3495 queste
892 3415 961 3476 due
996 3413 1171 3476 medicine
1201 3414 1224 3477 l'
1246 3436 1317 3479 una
1356 3418 1391 3479 la

123 3520 286 3583 sententia
321 3520 531 3603 Apostolica
565 3520 586 3584 l'
615 3521 707 3583 altra
742 3522 776 3583 la
808 3521 996 3587 execution
1028 3522 1072 3583 de
1103 3520 1228 3602 Cesar,
1264 3544 1322 3586 ma
1356 3524 1391 3587 al

124 3636 276 3701 presente
299 3630 463 3709 besogna
487 3628 553 3689 che
577 3629 795 3708 cataplasma
819 3628 972 3690 insideat
995 3626 1150 3708 hulceri,
1180 3649 1220 3691 se
1250 3628 1280 3691 si
1307 3630 1390 3693 vole

124 3730 181 3793 che
216 3732 304 3796 lacci
341 3754 461 3816 opera.
528 3732 576 3797 Se
612 3736 739 3797 alcuno
775 3735 916 3816 privato
952 3733 1093 3798 interim
1127 3734 1205 3798 fara
1240 3738 1391 3818 qualche

125 3840 248 3919 paccia,
269 3842 294 3903 li
319 3841 518 3924 magistrati
542 3843 574 3904 el
599 3841 851 3923 castigaranno
876 3853 913 3905 et
936 3843 956 3905 ὲ
980 3842 1126 3925 opinion
1151 3842 1195 3907 de
1219 3843 1300 3907 tutti
1324 3845 1391 3907 che

124 3964 180 4023 per
201 3947 301 4030 vigor
328 3958 363 4011 et
387 3949 552 4012 occasion
578 3951 622 4011 de
647 3961 772 4031 questo
797 3953 916 4014 banno
941 3950 1124 4032 imperiale
1150 3950 1246 4013 molti
1269 3950 1390 4015 Nobili

125 4052 182 4113 che
204 4074 311 4117 erano
336 4056 562 4137 grandissimi
587 4058 781 4122 Lutherani
816 4061 894 4121 loro
928 4056 1031 4121 stessi
1062 4058 1213 4121 faranno
1244 4059 1280 4121 la
1310 4080 1390 4122 exe·

125 4160 253 4224 cutione
274 4183 296 4225 a
320 4163 553 4226 mercantanti
578 4172 613 4226 et
637 4164 783 4229 citadini
800 4184 865 4246 per
881 4184 1038 4246 occupat
1055 4164 1079 4226 li
1101 4164 1224 4227 danari
1248 4174 1285 4228 et
1307 4166 1392 4231 beni

124 4262 162 4327 de
184 4268 261 4331 altri
284 4280 379 4333 sotto
403 4271 498 4333 bone
521 4283 678 4352 coperta.
864 4338 868 4345 ,

203 4374 280 4439 Νοη
304 4376 333 4438 si
361 4377 558 4459 maravegli
582 4378 715 4441 Vostra
739 4376 909 4461 Signo'ria
932 4380 1251 4444 Reverendissima
1282 4382 1328 4444 de
1358 4384 1392 4446 la

125 4480 280 4555 prolixita
313 4485 357 4545 de
389 4484 424 4545 la
456 4485 658 4549 narratione
690 4487 735 4549 de
765 4488 864 4549 detto
904 4487 1049 4550 decreto
1081 4488 1215 4569 perche
1246 4488 1266 4551 ὁ
1299 4501 1393 4553 stata

33 4571 38 4596 ¹
127 4588 314 4651 necessaria
337 4609 402 4670 per
425 4590 484 4671 pilr
502 4591 597 4673 capi;
622 4592 737 4675 primo
760 4594 894 4675 perche
918 4593 1011 4657 cossi
1027 4594 1136 4658 Cesar
1152 4598 1199 4659 ha
1214 4596 1392 4660 rechiasto

34 4741 37 4752 .
127 4708 182 4769 per
204 4694 343 4759 satisfar
366 4696 426 4760 alli
459 4699 596 4781 populi,
629 4702 709 4763 chel
739 4721 810 4765 non
847 4702 924 4785 pari
958 4704 1024 4765 che
1056 4705 1220 4767 absolute
1250 4703 1273 4766 1’
1296 4704 1393 4767 habii

34 4785 38 4853 ἶ
128 4802 285 4881 exeguito
307 4806 343 4867 la
365 4807 542 4869 sententia
565 4808 793 4889 Apostolica;
823 4810 844 4871 l'
867 4812 958 4871 altra
981 4809 1148 4873 accioche
1172 4832 1211 4875 se
1234 4812 1393 4893 veghino

35 4939 38 4948 ·
128 4921 206 4982 gran
231 4919 330 4989 parte
354 4910 399 4973 de
423 4913 459 4974 la
490 4914 663 4977 enormitri
692 4917 736 4979 de
765 4927 891 4999 questo
924 4916 1036 4989 Cane;
1074 4918 1098 4980 il
1131 4928 1229 4982 terzo
1259 4920 1394 5001 perche
