3425 5700
829 550 1075 608 ΦΘΒΟΗἩ

313 693 416 773 pulus
441 694 604 758 conferre
628 694 808 759 faciamus.
862 698 1061 761 Dummodo
1090 698 1340 762 liberalitatem
1365 697 1469 762 Sedis
1494 698 1580 780 Apo-

312 799 437 863 stolice
472 800 507 864 in
547 803 677 866 nostris
712 803 804 865 votis
841 825 910 885 que
944 804 1038 868 idem
1074 804 1341 868 Commissarius
1379 807 1424 869 ad
1459 803 1581 868 Sedem

312 906 558 988 Apostolicam
593 909 709 972 defert
749 911 986 992 experiamur.
1044 911 1113 992 Qui
1151 912 1257 975 etiam
1300 933 1365 975 nos
1407 933 1454 975 ex
1486 921 1581 993 parte

313 1011 520 1078 Sanctitatis
552 1027 671 1080 vestre
690 1017 835 1080 ⁴monuit
867 1019 962 1099 quod
992 1039 1112 1082 curam
1142 1019 1383 1083 ecclesiastice
1416 1018 1581 1082 libertatis

311 1140 420 1202 agere
443 1123 624 1187 vellemus.
672 1123 780 1187 Novit
795 1125 893 1188 Deus
910 1137 1080 1206 quantum
1096 1125 1132 1188 in
1156 1146 1199 1188 ea
1215 1136 1317 1209 parte
1337 1126 1577 1218 laboravimus,

312 1238 399 1308 quot
432 1231 581 1294 bellicos
617 1231 766 1295 sudores
803 1241 928 1295 contra
966 1224 1223 1296 atrocissimum
1258 1231 1420 1298 Ecclesie
1452 1235 1581 1296 hostem

313 1335 565 1402 Christiernum
591 1339 702 1402 Dacie
726 1358 849 1420 regem
874 1339 1116 1420 sustinuimus,
1140 1361 1244 1421 quem
1268 1342 1412 1404 tandem
1435 1340 1511 1404 Deo
1534 1361 1581 1402 as·

313 1441 458 1506 sistente
483 1445 677 1509 devicimus
702 1457 736 1508 et
761 1468 782 1510 a
801 1447 923 1528 regnis
946 1447 1225 1529 Aquilonaribus
1248 1447 1450 1510 deiecimus.
1495 1446 1579 1509 Nam

313 1550 402 1613 sicut
426 1573 517 1615 nunc
542 1553 592 1616 ita
616 1553 722 1617 etiam
746 1575 767 1616 a
790 1553 965 1636 principio
989 1553 1093 1636 regni
1116 1553 1227 1618 nostri
1251 1575 1322 1617 non
1347 1553 1459 1616 minus
1472 1553 1582 1616 Eccle-

313 1657 364 1720 sie
389 1679 494 1739 quam
518 1680 649 1724 corone
673 1661 846 1725 rationem
871 1661 1068 1742 habuimus,
1092 1660 1209 1744 parati
1226 1661 1323 1743 prius
1346 1671 1494 1724 mortem
1517 1681 1582 1722 sus·

312 1763 459 1828 tinuisse
503 1787 607 1848 quam
650 1768 781 1830 occisio
817 1767 1212 1831 Reverendissimorum
1251 1766 1506 1850 Episcoporum
1543 1786 1583 1829 ac

311 1871 460 1935 aliorum
485 1873 666 1938 Ecclesiae
690 1877 908 1958 prelatorum
931 1895 997 1956 per
1013 1876 1165 1938 eundem
1180 1875 1291 1938 Dacie
1306 1892 1429 1956 regem
1451 1883 1585 1956 patrata

311 1978 422 2042 inulta
436 1981 630 2044 mansisset.
661 1981 706 2044 Et
719 1981 800 2064 quia
816 1981 1017 2045 libertatem
1040 1980 1201 2044 Ecclesie
1224 1990 1278 2044 tot
1300 1980 1469 2062 periculis
1482 1999 1581 2062 pepe·

311 2084 419 2149 rimus
458 2108 536 2150 eam
566 2109 789 2170 nequaquam
827 2088 974 2171 infringi
1013 2087 1206 2172 patiemur,
1245 2089 1437 2151 dummodo
1476 2085 1584 2150 Sedes

312 2193 523 2274 Apostolica
546 2197 637 2259 tales
659 2197 849 2279 episcopos
873 2217 939 2278 per
962 2207 1076 2260 terras
1109 2205 1250 2258 nostras
1283 2195 1500 2258 ordinaverit
1528 2193 1585 2276 qui

312 2299 384 2362 suis
414 2301 583 2366 limitibus
616 2303 773 2368 contenti
808 2324 935 2385 pacem
968 2312 1005 2366 et
1039 2301 1265 2366 concordiam
1300 2302 1392 2364 inter
1429 2301 1585 2364 subditos

311 2417 452 2470 nostros
476 2419 668 2489 procurent
692 2420 728 2474 et
750 2419 916 2485 servent;
940 2410 1083 2473 fuerant
1106 2408 1200 2472 enim
1223 2408 1465 2490 superioribus
1488 2406 1586 2470 annis

312 2513 419 2594 (quod
455 2516 617 2580 dolenter
652 2517 868 2600 referrimus)
910 2515 1069 2580 nonnulli
1105 2515 1277 2599 Episcopi
1309 2514 1493 2579 nobiscum
1528 2513 1586 2595 qui

311 2620 425 2702 magis
439 2624 485 2684 ad
499 2624 613 2704 patrie
626 2625 931 2706 perturbationem
944 2643 1050 2706 quam
1063 2626 1109 2686 ad
1126 2623 1440 2687 conservacionem
1456 2620 1586 2686 christi·

311 2748 378 2790 ane
402 2729 585 2811 religionis
616 2731 797 2794 constituti
829 2731 1061 2812 videbantur,
1092 2733 1139 2794 ob
1168 2750 1317 2813 quorum
1352 2729 1585 2794 temeritatem

311 2843 383 2898 tam
406 2837 647 2903 ecclesiastica
672 2839 827 2923 dignitas
851 2860 957 2921 quam
989 2838 1160 2903 secularis
1193 2845 1353 2921 potestas
1376 2837 1413 2901 in
1436 2856 1588 2901 summas

311 2944 530 3008 calamitates
561 2946 749 3011 ceciderat.
805 2946 944 3029 Quibus
973 2945 1139 3028 periculis
1171 2965 1243 3008 non
1276 2944 1477 3009 dubitamus
1504 2942 1588 3025 quin

312 3049 503 3115 Beatitudo
527 3052 659 3116 Vestra
683 3074 788 3135 quam
811 3074 934 3117 omnes
968 3063 1005 3117 et
1027 3074 1067 3117 re
1091 3062 1127 3117 et
1159 3052 1302 3116 nomine
1334 3051 1590 3115 sanctissimam

312 3158 499 3239 predicant
523 3180 710 3225 occurrere
733 3162 829 3242 velit,
853 3160 1102 3225 constituendo
1124 3158 1227 3223 nobis
1243 3158 1432 3241 episcopos
1456 3156 1516 3239 qui
1540 3156 1592 3219 ita

312 3266 463 3329 ecclesie
495 3267 696 3331 libertatem
734 3268 931 3332 defendant
967 3269 1063 3349 quod
1104 3287 1237 3330 corone
1279 3265 1380 3348 regie
1418 3264 1456 3328 in
1492 3264 1591 3327 nullo

312 3382 483 3447 noceant;
508 3376 604 3456 quod
628 3395 698 3439 non
723 3376 804 3439 ideo
821 3375 975 3457 petimus
989 3372 1092 3456 quasi
1106 3374 1280 3436 vellemus
1293 3373 1420 3435 tollere
1443 3370 1593 3434 liberam

313 3478 563 3561 episcoporum
588 3482 847 3547 ordinationem
871 3502 894 3543 a
917 3479 1115 3543 Sanctitate
1130 3488 1250 3541 vestra
1266 3498 1336 3560 que
1351 3478 1420 3541 iam
1444 3476 1593 3541 sanctis·

314 3585 409 3649 simis
434 3588 505 3651 suis
535 3588 691 3652 moribus
716 3589 911 3653 Ecclesiam
936 3587 1066 3653 Christi
1094 3598 1132 3649 ut
1162 3584 1387 3669 percepimus
1410 3584 1595 3662 reformat,

311 3694 374 3754 sed
399 3704 437 3755 ut
460 3692 595 3759 firmam
619 3696 807 3759 amicitiam
833 3716 901 3776 que
925 3697 992 3758 hac
1017 3702 1229 3776 tempestate
1253 3691 1345 3755 inter
1360 3690 1457 3753 viros
1481 3693 1596 3755 eccle·

311 3798 474 3864 siasticos
498 3822 540 3865 ac
564 3806 742 3867 seculares
766 3804 873 3866 valde
897 3802 1099 3865 necessarie
1124 3810 1187 3879 est,
1212 3807 1474 3862 connectamus.
1526 3796 1597 3878 Qui

310 3926 398 3969 vero
422 3908 525 3971 nobis
548 3911 642 3991 grati
667 3918 701 3973 et
725 3890 886 3973 Ecclesie
909 3910 1014 3973 utiles
1037 3918 1141 3973 erunt
1164 3907 1251 3971 satis
1270 3904 1493 3969 ostendimus
1517 3924 1596 3987 pre·

311 4012 386 4076 fato
411 4014 554 4079 domino
578 4017 731 4097 Johanni
757 4018 877 4083 Gotho
902 4014 939 4082 S.
963 4016 1006 4079 V.
1032 4018 1164 4098 legato,
1187 4013 1244 4077 cui
1268 4012 1304 4075 in
1327 4011 1494 4075 omnibus
1519 4030 1596 4075 nos·

310 4120 375 4182 tris
392 4122 545 4203 negotiis
562 4134 597 4186 et
613 4125 860 4188 vacationibus
875 4124 1114 4187 Ecclesiarum
1138 4142 1216 4184 eam
1232 4118 1339 4183 fidem
1362 4120 1461 4200 apud
1487 4116 1597 4183 Sanc·

310 4236 383 4289 tam
419 4224 550 4293 Sedem
583 4231 829 4312 Apostolicam
859 4231 936 4295 dari
968 4229 1120 4312 petimus
1150 4248 1220 4310 que
1249 4225 1352 4289 nobis
1384 4227 1487 4308 apud
1519 4247 1598 4290 eam

311 4334 502 4415 agentibus
527 4346 756 4420 prestaretur.
803 4338 838 4401 Is
862 4338 955 4401 enim
986 4346 1096 4400 totam
1129 4345 1283 4398 mentem
1311 4342 1473 4397 nostram
1501 4334 1598 4398 circa

310 4445 441 4505 bonam
466 4443 761 4508 reformacionem
789 4444 972 4508 Ecclesiae
997 4442 1227 4525 Aquilonaris
1257 4450 1494 4523 perceperat,
1526 4450 1597 4505 tan-

310 4561 456 4630 tumque
479 4549 563 4614 fidei
588 4553 683 4633 apud
708 4550 783 4615 eius
807 4550 1016 4614 industriam
1039 4550 1244 4632 reponimus
1267 4548 1364 4629 quod
1386 4546 1506 4629 ipsius
1528 4570 1597 4613 mo

312 4656 494 4720 deracioni
519 4666 628 4722 totum
654 4660 794 4741 pondus
808 4658 1034 4721 reformande
1058 4656 1218 4720 Ecclesie
1240 4674 1306 4737 per
1321 4664 1439 4719 terras
1455 4666 1598 4721 nostras

311 4785 333 4827 a
357 4762 392 4829 S.
418 4762 462 4827 V.
488 4762 658 4827 committi
681 4764 867 4845 vellemus,
890 4764 1041 4827 firmiter
1064 4763 1168 4826 nobis
1192 4762 1383 4825 suadentes
1407 4766 1512 4845 quod
1534 4786 1598 4847 per

312 4890 391 4933 eum
414 4870 542 4953 religio
567 4870 757 4935 christiana
780 4871 1036 4936 incrementum
1059 4870 1148 4936 felix
1172 4868 1342 4953 suscipiat
1365 4878 1403 4932 et
1428 4861 1468 4937 S.
1494 4869 1597 4939 Sedis
