3425 5700
616 1881 686 1979 llil
719 1883 951 1981 lectorem.

231 2105 334 2186 Quae
359 2127 451 2169 nunc
476 2107 510 2168 in
536 2109 649 2170 lucem
674 2108 819 2187 edimus,
845 2109 963 2171 omnia
986 2129 1031 2172 ex
1057 2110 1215 2172 Archivo
1232 2110 1425 2172 secretiore

144 2212 299 2276 Sanctae
340 2215 526 2277 Romanae
560 2215 664 2277 Sedis
703 2226 836 2294 tracta,
868 2215 1009 2296 integra
1047 2226 1082 2278 et
1113 2216 1250 2278 sincera
1284 2218 1424 2288 damus;

145 2339 209 2382 non
235 2321 357 2384 omnia
390 2341 496 2400 nova,
521 2332 676 2383 attamen
703 2323 820 2385 omnia
844 2323 1065 2385 accuratiore
1090 2323 1206 2385 studio
1232 2324 1328 2385 edita
1352 2343 1423 2384 cre·

144 2426 264 2490 dimus*
317 2427 501 2507 Quaedam
526 2428 688 2490 ediderat
703 2429 770 2490 iam
789 2427 1004 2514 Friedrich¹)
1021 2451 1067 2491 ex
1084 2431 1207 2492 codice
1222 2431 1426 2506 tridentin0,

144 2533 196 2594 cui
229 2535 386 2596 fortasse
420 2535 478 2597 ille
513 2535 654 2598 maioris
685 2536 854 2616 ponderis
887 2537 1133 2599 auctoritatem
1167 2537 1290 2599 tribuit
1321 2558 1425 2618 quam

143 2655 339 2712 mereatur;
381 2641 491 2704 edidit
527 2653 644 2704 tamen
677 2643 762 2704 satis
794 2643 964 2706 mendose
998 2653 1033 2709 et
1061 2643 1287 2726 imperfecte,
1319 2664 1424 2725 quum

143 2750 249 2809 multa
275 2748 312 2809 in
339 2747 462 2810 codice
487 2750 652 2811 deessent
674 2749 779 2811 etiam
797 2749 980 2828 Aleandri,
998 2750 1115 2812 omnia
1131 2750 1425 2813 Vicecancellarii

142 2868 175 2915 et
199 2857 364 2919 aliorum.
414 2856 596 2936 Quaedam
622 2859 782 2919 ediderat
808 2856 913 2919 etiam
937 2858 1167 2937 Laemmer2),
1199 2860 1279 2939 sed,
1304 2859 1424 2922 nescio

142 2984 209 3041 quo
235 2964 332 3042 fat0,
368 2964 488 3026 mutila
524 2977 560 3027 et
585 2976 701 3027 errata
725 2966 885 3046 pluribus
908 2966 943 3026 in
969 2966 1064 3029 locis.
1113 2964 1295 3045 Quaedam
1327 2966 1424 3047 Ray·

142 3072 269 3132 ualdus
295 3083 332 3131 et
356 3070 414 3132 alii
440 3072 627 3133 ediderant
652 3093 697 3133 ex
722 3072 873 3134 diversis
903 3072 1096 3135 codicibus.
1150 3072 1224 3133 Nos
1256 3094 1300 3134 ex
1332 3073 1424 3135 codi-

141 3178 241 3240 cibus
270 3178 495 3257 authenticiS,
521 3200 565 3241 ex
589 3178 817 3263 originalibus
841 3179 980 3261 litteras,
1006 3202 1050 3243 ex
1076 3180 1249 3243 Aleandri
1273 3179 1424 3241 collecti-

141 3285 270 3347 onibus
290 3282 451 3369 proprzi'r
480 3284 592 3369 z‘psms
622 3286 779 3349 neanrbus
803 3285 980 3369 ordzizalz's,
999 3286 1223 3371 prop-nisque
1245 3286 1354 3349 oculas
1378 3307 1425 3347 re-

140 3392 223 3455 visis
248 3393 371 3455 omnia
395 3394 679 3474 transcripsimus
704 3396 760 3456 vel
784 3408 906 3456 nostra
930 3397 987 3465 vel
1012 3394 1202 3456 amicorum
1228 3414 1347 3475 opera.

228 3500 276 3561 Et
311 3498 424 3579 primo
457 3500 598 3580 quidem
629 3501 764 3563 litteras
798 3502 969 3563 Aleandri
1002 3522 1046 3563 ex
1080 3501 1191 3582 ipsius
1216 3476 1425 3563 collectione

141 3608 337 3687 pontificiis
361 3607 545 3669 tabulariis
570 3618 768 3687 asservata,
794 3619 827 3670 et
853 3610 1058 3670 charactere
1082 3607 1228 3689 proprio
1254 3606 1425 3669 Aleandri

139 3724 307 3777 correcta
344 3713 413 3775 illis
447 3714 534 3776 locis
568 3714 603 3775 in
637 3714 765 3795 quibus
807 3715 995 3777 oscitantia
1039 3715 1178 3777 scribae
1216 3716 1425 3794 apparebat,

140 3820 445 3901 transcripsimus
500 3822 600 3883 Haec
632 3822 795 3885 collectio
820 3822 911 3883 iusto
934 3822 1113 3883 volumine
1144 3819 1359 3899 continetur,
1390 3819 1426 3880 in

139 3930 238 3991 cuius
263 3928 386 3990 fronte
410 3929 499 3990 haec
523 3931 635 3991 verba
660 3932 705 3991 ab
731 3930 914 3991 Aleandro
938 3928 1108 4009 inscripta
1132 3937 1229 3989 sunt:
1255 3925 1427 4010 Epz'slolrae

140 4034 276 4099 italicae
302 4033 340 4097 in
359 4034 477 4117 prima
502 4057 573 4098 mm
597 4036 760 4119 legatione
789 4036 1002 4099 Germanica.
1049 4036 1128 4097 Hoc
1152 4036 1317 4095 volumen
1344 4033 1424 4095 olim

139 4144 295 4222 primum
322 4142 560 4205 Nunciaturae
585 4142 828 4221 Germanicae,
853 4164 945 4205 nunc
970 4144 1122 4204 liabetur
1146 4140 1269 4203 ordine
1294 4140 1332 4203 L.

229 4250 416 4331 Epistolas
440 4270 580 4331 quoque
606 4250 899 4313 Vicecancellarii
924 4271 969 4312 ex
1000 4249 1146 4331 proprio
1172 4247 1338 4329 originali
1369 4249 1425 4308 de·

140 4359 368 4440 ¹scripsimus
416 4358 599 4419 Aleander
645 4358 737 4420 enim
777 4358 948 4440 epistolas
982 4357 1077 4438 ipsas
1114 4355 1275 4437 collegit,
1310 4354 1427 4434 sigilla

139 4464 214 4527 fere
241 4484 388 4544 semper
411 4464 544 4526 intacta
568 4466 741 4545 servavit,
777 4476 812 4527 et
843 4484 962 4526 secum
995 4463 1110 4525 omnia
1142 4462 1322 4538 referem,
1353 4460 1426 4523 Ro-

139 4592 231 4635 mam
257 4572 296 4633 in
323 4568 518 4633 Pontificiis
543 4572 725 4635 tabulariis
750 4582 928 4651 tamquam
952 4590 1066 4632 rerum
1099 4581 1280 4649 gestarum
1308 4588 1426 4630 monu-

151 4716 358 4727 ——ffl-m

213 4790 235 4857 ¹)
259 4794 291 4839 ln
313 4788 528 4851 Abhandlungen
549 4790 595 4837 der
614 4788 799 4836 Historischen
819 4786 910 4835 Classe
930 4786 977 4834 der
999 4782 1136 4845 kduiglich
1156 4782 1333 4847 Rayerischen
1353 4782 1428 4830 Aka-

138 4874 225 4922 demie
247 4874 299 4920 der
318 4870 557 4923 Wissenschalten.
595 4869 690 4917 Eillter
709 4870 793 4920 Band.
831 4867 974 4915 Miinchen.
997 4866 1072 4927 1870.

213 4954 237 5021 ¹)
259 4956 435 5002 Monumenta
454 4952 584 5000 vaticana.
621 4950 744 5013 Friburgi
765 4948 918 5013 Brisgoviae
941 4946 1016 5003 1861.
