<?xml version="1.0" encoding="UTF-8"?>
<!DOCTYPE html PUBLIC "-//W3C//DTD XHTML 1.0 Transitional//EN"
    "http://www.w3.org/TR/xhtml1/DTD/xhtml1-transitional.dtd">
<html xmlns="http://www.w3.org/1999/xhtml" xml:lang="en" lang="en">
 <head>
  <title>
</title>
<meta http-equiv="Content-Type" content="text/html;charset=utf-8" />
  <meta name='ocr-system' content='tesseract 3.04.00' />
  <meta name='ocr-capabilities' content='ocr_page ocr_carea ocr_par ocr_line ocrx_word'/>
</head>
<body>
  <div class='ocr_page' id='page_1' title='image "./monumentareform00unkngoog_0233.png"; bbox 0 0 3425 5700; ppageno 0'>
   <div class='ocr_carea' id='block_1_1' title="bbox 735 898 789 963">
    <p class='ocr_par' dir='ltr' id='par_1_1' title="bbox 735 898 789 963">
     <span class='ocr_line' id='line_1_1' title="bbox 735 898 789 963; baseline 0.037 -2"><span class='ocrx_word' id='word_1_1' title='bbox 735 898 789 963; x_wconf 72' lang='lat'>74.</span> 
     </span>
    </p>
   </div>
   <div class='ocr_carea' id='block_1_2' title="bbox 453 1012 1064 1096">
    <p class='ocr_par' dir='ltr' id='par_1_2' title="bbox 453 1012 1064 1096">
     <span class='ocr_line' id='line_1_2' title="bbox 453 1012 1064 1096; baseline 0 -1"><span class='ocrx_word' id='word_1_2' title='bbox 453 1015 664 1096; x_wconf 73' lang='lat' dir='ltr'>Aloander</span> <span class='ocrx_word' id='word_1_3' title='bbox 692 1012 1064 1095; x_wconf 82' lang='lat' dir='ltr'>Viceoanoollario.</span> 
     </span>
    </p>
   </div>
   <div class='ocr_carea' id='block_1_3' title="bbox 515 1142 999 1315">
    <p class='ocr_par' dir='ltr' id='par_1_3' title="bbox 515 1142 999 1315">
     <span class='ocr_line' id='line_1_3' title="bbox 515 1142 999 1217; baseline -0.012 -9"><span class='ocrx_word' id='word_1_4' title='bbox 515 1145 656 1208; x_wconf 62' lang='lat' dir='ltr'>tumultu</span> <span class='ocrx_word' id='word_1_5' title='bbox 675 1144 801 1204; x_wconf 71' lang='lat' dir='ltr'>deman</span> <span class='ocrx_word' id='word_1_6' title='bbox 819 1144 850 1202; x_wconf 74' lang='lat' dir='ltr'>L</span> <span class='ocrx_word' id='word_1_7' title='bbox 869 1142 915 1202; x_wconf 81' lang='lat' dir='ltr'>lol.</span> <span class='ocrx_word' id='word_1_8' title='bbox 932 1144 999 1217; x_wconf 76' lang='lat'>102)</span> 
     </span>
     <span class='ocr_line' id='line_1_4' title="bbox 616 1244 905 1315; baseline 0 -20"><span class='ocrx_word' id='word_1_9' title='bbox 616 1244 670 1315; x_wconf 85' lang='lat'>(27.</span> <span class='ocrx_word' id='word_1_10' title='bbox 690 1247 794 1311; x_wconf 82' lang='lat' dir='ltr'>Aprilis</span> <span class='ocrx_word' id='word_1_11' title='bbox 816 1246 905 1311; x_wconf 82' lang='lat'>1521.)</span> 
     </span>
    </p>
   </div>
   <div class='ocr_carea' id='block_1_4' title="bbox 135 1370 1400 2742">
    <p class='ocr_par' dir='ltr' id='par_1_4' title="bbox 135 1370 1400 2742">
     <span class='ocr_line' id='line_1_5' title="bbox 211 1370 1398 1453; baseline 0.001 -20"><span class='ocrx_word' id='word_1_12' title='bbox 211 1370 442 1436; x_wconf 85' lang='lat' dir='ltr'>Scrivessimo</span> <span class='ocrx_word' id='word_1_13' title='bbox 475 1373 650 1434; x_wconf 88' lang='lat' dir='ltr'>communi</span> <span class='ocrx_word' id='word_1_14' title='bbox 682 1392 787 1435; x_wconf 88' lang='lat' dir='ltr'>manu</span> <span class='ocrx_word' id='word_1_15' title='bbox 821 1393 842 1434; x_wconf 90' lang='lat' dir='ltr'>a</span> <span class='ocrx_word' id='word_1_16' title='bbox 866 1371 998 1434; x_wconf 86' lang='lat' dir='ltr'>Vostra</span> <span class='ocrx_word' id='word_1_17' title='bbox 1023 1370 1191 1453; x_wconf 84' lang='lat' dir='ltr'>Signoria</span> <span class='ocrx_word' id='word_1_18' title='bbox 1214 1372 1398 1435; x_wconf 86' lang='lat' dir='ltr'>Reveren-</span> 
     </span>
     <span class='ocr_line' id='line_1_6' title="bbox 136 1477 1398 1560; baseline 0.003 -24"><span class='ocrx_word' id='word_1_19' title='bbox 136 1477 262 1542; x_wconf 86' lang='lat' dir='ltr'>dissima</span> <span class='ocrx_word' id='word_1_20' title='bbox 285 1502 306 1543; x_wconf 93' lang='lat' dir='ltr'>a</span> <span class='ocrx_word' id='word_1_21' title='bbox 330 1482 365 1542; x_wconf 90' lang='lat' dir='ltr'>dl</span> <span class='ocrx_word' id='word_1_22' title='bbox 383 1479 481 1542; x_wconf 87' lang='lat' dir='ltr'>XIX</span> <span class='ocrx_word' id='word_1_23' title='bbox 506 1479 541 1541; x_wconf 89' lang='lat' dir='ltr'>di</span> <span class='ocrx_word' id='word_1_24' title='bbox 566 1490 692 1560; x_wconf 90' lang='lat' dir='ltr'>questo</span> <span class='ocrx_word' id='word_1_25' title='bbox 717 1481 812 1542; x_wconf 88' lang='lat' dir='ltr'>della</span> <span class='ocrx_word' id='word_1_26' title='bbox 835 1487 938 1541; x_wconf 89' lang='lat' dir='ltr'>santa</span> <span class='ocrx_word' id='word_1_27' title='bbox 962 1488 997 1540; x_wconf 86' lang='lat' dir='ltr'>et</span> <span class='ocrx_word' id='word_1_28' title='bbox 1021 1478 1300 1541; x_wconf 88' lang='lat' dir='ltr'>laudabilissima</span> <span class='ocrx_word' id='word_1_29' title='bbox 1315 1478 1398 1541; x_wconf 90' lang='lat' dir='ltr'>deli-</span> 
     </span>
     <span class='ocr_line' id='line_1_7' title="bbox 137 1585 1398 1669; baseline 0 -22"><span class='ocrx_word' id='word_1_30' title='bbox 137 1585 303 1650; x_wconf 86' lang='lat' dir='ltr'>beratione</span> <span class='ocrx_word' id='word_1_31' title='bbox 328 1586 364 1648; x_wconf 91' lang='lat' dir='ltr'>di</span> <span class='ocrx_word' id='word_1_32' title='bbox 389 1587 516 1667; x_wconf 82' lang='lat' dir='ltr'>Cesar,</span> <span class='ocrx_word' id='word_1_33' title='bbox 550 1589 586 1649; x_wconf 94' lang='lat' dir='ltr'>la</span> <span class='ocrx_word' id='word_1_34' title='bbox 609 1589 692 1669; x_wconf 89' lang='lat' dir='ltr'>qual</span> <span class='ocrx_word' id='word_1_35' title='bbox 715 1586 839 1649; x_wconf 89' lang='lat' dir='ltr'>scritta</span> <span class='ocrx_word' id='word_1_36' title='bbox 863 1588 899 1648; x_wconf 93' lang='lat' dir='ltr'>di</span> <span class='ocrx_word' id='word_1_37' title='bbox 924 1586 997 1648; x_wconf 82' lang='lat' dir='ltr'>Sua</span> <span class='ocrx_word' id='word_1_38' title='bbox 1022 1606 1125 1648; x_wconf 89' lang='lat' dir='ltr'>mano</span> <span class='ocrx_word' id='word_1_39' title='bbox 1148 1588 1264 1649; x_wconf 87' lang='lat' dir='ltr'>havea</span> <span class='ocrx_word' id='word_1_40' title='bbox 1288 1586 1398 1669; x_wconf 91' lang='lat' dir='ltr'>publi-</span> 
     </span>
     <span class='ocr_line' id='line_1_8' title="bbox 136 1693 1399 1777; baseline 0.002 -25"><span class='ocrx_word' id='word_1_41' title='bbox 136 1703 202 1755; x_wconf 84' lang='lat' dir='ltr'>cata</span> <span class='ocrx_word' id='word_1_42' title='bbox 223 1696 280 1757; x_wconf 89' lang='lat' dir='ltr'>alli</span> <span class='ocrx_word' id='word_1_43' title='bbox 304 1694 468 1777; x_wconf 85' lang='lat' dir='ltr'>principi,</span> <span class='ocrx_word' id='word_1_44' title='bbox 494 1715 564 1757; x_wconf 92' lang='lat' dir='ltr'>non</span> <span class='ocrx_word' id='word_1_45' title='bbox 589 1716 696 1758; x_wconf 89' lang='lat' dir='ltr'>senza</span> <span class='ocrx_word' id='word_1_46' title='bbox 719 1696 857 1777; x_wconf 82' lang='lat' dir='ltr'>grande</span> <span class='ocrx_word' id='word_1_47' title='bbox 881 1694 1087 1773; x_wconf 88' lang='lat' dir='ltr'>anteveder‚</span> <span class='ocrx_word' id='word_1_48' title='bbox 1113 1693 1212 1755; x_wconf 77' lang='lat' dir='ltr'>accio</span> <span class='ocrx_word' id='word_1_49' title='bbox 1237 1695 1302 1757; x_wconf 91' lang='lat' dir='ltr'>che</span> <span class='ocrx_word' id='word_1_50' title='bbox 1323 1694 1399 1756; x_wconf 90' lang='lat' dir='ltr'>loro</span> 
     </span>
     <span class='ocr_line' id='line_1_9' title="bbox 135 1799 1400 1884; baseline 0.001 -23"><span class='ocrx_word' id='word_1_51' title='bbox 135 1799 255 1864; x_wconf 77' lang='lat' dir='ltr'>iussero</span> <span class='ocrx_word' id='word_1_52' title='bbox 279 1802 468 1884; x_wconf 90' lang='lat' dir='ltr'>prevenuti</span> <span class='ocrx_word' id='word_1_53' title='bbox 488 1802 523 1863; x_wconf 94' lang='lat' dir='ltr'>di</span> <span class='ocrx_word' id='word_1_54' title='bbox 546 1822 616 1866; x_wconf 91' lang='lat' dir='ltr'>non</span> <span class='ocrx_word' id='word_1_55' title='bbox 638 1802 838 1864; x_wconf 88' lang='lat' dir='ltr'>deliberare</span> <span class='ocrx_word' id='word_1_56' title='bbox 853 1802 1064 1863; x_wconf 83' lang='lat' dir='ltr'>altramente</span> <span class='ocrx_word' id='word_1_57' title='bbox 1089 1803 1154 1864; x_wconf 90' lang='lat' dir='ltr'>che</span> <span class='ocrx_word' id='word_1_58' title='bbox 1171 1800 1244 1863; x_wconf 83' lang='lat' dir='ltr'>Sua</span> <span class='ocrx_word' id='word_1_59' title='bbox 1261 1800 1400 1863; x_wconf 78' lang='lat' dir='ltr'>Maesta</span> 
     </span>
     <span class='ocr_line' id='line_1_10' title="bbox 135 1908 1398 1989; baseline 0.001 -22"><span class='ocrx_word' id='word_1_60' title='bbox 135 1908 256 1972; x_wconf 88' lang='lat' dir='ltr'>haveva</span> <span class='ocrx_word' id='word_1_61' title='bbox 278 1910 380 1973; x_wconf 85' lang='lat' dir='ltr'>fatto.</span> <span class='ocrx_word' id='word_1_62' title='bbox 419 1910 449 1972; x_wconf 91' lang='lat' dir='ltr'>ll</span> <span class='ocrx_word' id='word_1_63' title='bbox 473 1912 540 1972; x_wconf 89' lang='lat' dir='ltr'>che</span> <span class='ocrx_word' id='word_1_64' title='bbox 563 1911 687 1972; x_wconf 91' lang='lat' dir='ltr'>invero</span> <span class='ocrx_word' id='word_1_65' title='bbox 705 1909 897 1971; x_wconf 83' lang='lat' dir='ltr'>benissimo</span> <span class='ocrx_word' id='word_1_66' title='bbox 914 1908 1088 1971; x_wconf 88' lang='lat' dir='ltr'>succedea</span> <span class='ocrx_word' id='word_1_67' title='bbox 1112 1909 1243 1989; x_wconf 72' lang='lat' dir='ltr'>perche</span> <span class='ocrx_word' id='word_1_68' title='bbox 1260 1908 1283 1970; x_wconf 92' lang='lat' dir='ltr'>li</span> <span class='ocrx_word' id='word_1_69' title='bbox 1302 1908 1398 1969; x_wconf 91' lang='lat' dir='ltr'>Prin·</span> 
     </span>
     <span class='ocr_line' id='line_1_11' title="bbox 135 2014 1398 2098; baseline 0.002 -25"><span class='ocrx_word' id='word_1_70' title='bbox 135 2014 192 2096; x_wconf 87' lang='lat' dir='ltr'>cipi</span> <span class='ocrx_word' id='word_1_71' title='bbox 215 2018 331 2097; x_wconf 89' lang='lat' dir='ltr'>quello</span> <span class='ocrx_word' id='word_1_72' title='bbox 355 2017 549 2080; x_wconf 90' lang='lat' dir='ltr'>medesimo</span> <span class='ocrx_word' id='word_1_73' title='bbox 574 2016 701 2098; x_wconf 87' lang='lat' dir='ltr'>giorno</span> <span class='ocrx_word' id='word_1_74' title='bbox 730 2017 824 2078; x_wconf 91' lang='lat' dir='ltr'>intra</span> <span class='ocrx_word' id='word_1_75' title='bbox 847 2035 886 2078; x_wconf 89' lang='lat' dir='ltr'>se</span> <span class='ocrx_word' id='word_1_76' title='bbox 910 2014 1013 2078; x_wconf 86' lang='lat' dir='ltr'>stessi</span> <span class='ocrx_word' id='word_1_77' title='bbox 1038 2016 1244 2077; x_wconf 83' lang='lat' dir='ltr'>conclusere</span> <span class='ocrx_word' id='word_1_78' title='bbox 1269 2016 1303 2076; x_wconf 92' lang='lat' dir='ltr'>in</span> <span class='ocrx_word' id='word_1_79' title='bbox 1329 2035 1398 2076; x_wconf 92' lang='lat' dir='ltr'>om·</span> 
     </span>
     <span class='ocr_line' id='line_1_12' title="bbox 137 2120 1398 2205; baseline 0.004 -25"><span class='ocrx_word' id='word_1_80' title='bbox 137 2120 225 2185; x_wconf 87' lang='lat' dir='ltr'>nibus</span> <span class='ocrx_word' id='word_1_81' title='bbox 248 2124 348 2205; x_wconf 89' lang='lat' dir='ltr'>sequi</span> <span class='ocrx_word' id='word_1_82' title='bbox 372 2126 593 2185; x_wconf 86' lang='lat' dir='ltr'>voluntatem</span> <span class='ocrx_word' id='word_1_83' title='bbox 617 2123 772 2201; x_wconf 79' lang='lat' dir='ltr'>CesariS,</span> <span class='ocrx_word' id='word_1_84' title='bbox 803 2122 834 2184; x_wconf 87' lang='lat' dir='ltr'>si</span> <span class='ocrx_word' id='word_1_85' title='bbox 857 2142 957 2184; x_wconf 87' lang='lat' dir='ltr'>come</span> <span class='ocrx_word' id='word_1_86' title='bbox 982 2124 1014 2184; x_wconf 90' lang='lat' dir='ltr'>el</span> <span class='ocrx_word' id='word_1_87' title='bbox 1039 2122 1261 2185; x_wconf 87' lang='lat' dir='ltr'>Treverense</span> <span class='ocrx_word' id='word_1_88' title='bbox 1285 2142 1350 2205; x_wconf 89' lang='lat' dir='ltr'>per</span> <span class='ocrx_word' id='word_1_89' title='bbox 1373 2122 1398 2185; x_wconf 91' lang='lat' dir='ltr'>il</span> 
     </span>
     <span class='ocr_line' id='line_1_13' title="bbox 135 2228 1397 2303; baseline 0.005 -17"><span class='ocrx_word' id='word_1_90' title='bbox 135 2247 186 2289; x_wconf 92' lang='lat' dir='ltr'>suo</span> <span class='ocrx_word' id='word_1_91' title='bbox 207 2228 359 2292; x_wconf 85' lang='lat' dir='ltr'>officiale</span> <span class='ocrx_word' id='word_1_92' title='bbox 391 2229 424 2293; x_wconf 92' lang='lat' dir='ltr'>ci</span> <span class='ocrx_word' id='word_1_93' title='bbox 448 2229 527 2292; x_wconf 86' lang='lat' dir='ltr'><strong>fece</strong></span> <span class='ocrx_word' id='word_1_94' title='bbox 552 2230 777 2303; x_wconf 89' lang='lat' dir='ltr'>dechiarare;</span> <span class='ocrx_word' id='word_1_95' title='bbox 814 2250 871 2291; x_wconf 86' lang='lat' dir='ltr'>ma</span> <span class='ocrx_word' id='word_1_96' title='bbox 895 2249 940 2291; x_wconf 92' lang='lat' dir='ltr'>un</span> <span class='ocrx_word' id='word_1_97' title='bbox 966 2250 1084 2292; x_wconf 91' lang='lat' dir='ltr'>nuovo</span> <span class='ocrx_word' id='word_1_98' title='bbox 1109 2250 1191 2291; x_wconf 87' lang='lat' dir='ltr'>caso</span> <span class='ocrx_word' id='word_1_99' title='bbox 1224 2250 1339 2294; x_wconf 87' lang='lat' dir='ltr'>messe</span> <span class='ocrx_word' id='word_1_100' title='bbox 1363 2230 1397 2293; x_wconf 91' lang='lat' dir='ltr'>in</span> 
     </span>
     <span class='ocr_line' id='line_1_14' title="bbox 135 2336 1394 2420; baseline 0.002 -23"><span class='ocrx_word' id='word_1_101' title='bbox 135 2355 210 2415; x_wconf 83' lang='lat' dir='ltr'>gran</span> <span class='ocrx_word' id='word_1_102' title='bbox 238 2336 534 2420; x_wconf 46' lang='lat' dir='ltr'>perturbationi}</span> <span class='ocrx_word' id='word_1_103' title='bbox 559 2346 667 2417; x_wconf 87' lang='lat' dir='ltr'>tutto,</span> <span class='ocrx_word' id='word_1_104' title='bbox 704 2338 836 2419; x_wconf 71' lang='lat' dir='ltr'>perche</span> <span class='ocrx_word' id='word_1_105' title='bbox 862 2336 980 2418; x_wconf 89' lang='lat' dir='ltr'>quella</span> <span class='ocrx_word' id='word_1_106' title='bbox 1003 2336 1194 2400; x_wconf 87' lang='lat' dir='ltr'>medesima</span> <span class='ocrx_word' id='word_1_107' title='bbox 1224 2346 1322 2401; x_wconf 89' lang='lat' dir='ltr'>notte</span> <span class='ocrx_word' id='word_1_108' title='bbox 1346 2358 1394 2400; x_wconf 87' lang='lat' dir='ltr'>se-</span> 
     </span>
     <span class='ocr_line' id='line_1_15' title="bbox 135 2442 1398 2527; baseline 0.005 -25"><span class='ocrx_word' id='word_1_109' title='bbox 135 2454 248 2521; x_wconf 86' lang='lat' dir='ltr'>quente</span> <span class='ocrx_word' id='word_1_110' title='bbox 278 2443 302 2506; x_wconf 93' lang='lat' dir='ltr'>li</span> <span class='ocrx_word' id='word_1_111' title='bbox 327 2443 521 2507; x_wconf 89' lang='lat' dir='ltr'>Lutherani</span> <span class='ocrx_word' id='word_1_112' title='bbox 555 2442 584 2506; x_wconf 88' lang='lat' dir='ltr'>si</span> <span class='ocrx_word' id='word_1_113' title='bbox 617 2464 682 2527; x_wconf 86' lang='lat' dir='ltr'>per</span> <span class='ocrx_word' id='word_1_114' title='bbox 714 2443 951 2524; x_wconf 85' lang='lat' dir='ltr'>grandissimo</span> <span class='ocrx_word' id='word_1_115' title='bbox 986 2444 1123 2525; x_wconf 87' lang='lat' dir='ltr'>sdegno</span> <span class='ocrx_word' id='word_1_116' title='bbox 1156 2453 1319 2507; x_wconf 84' lang='lat' dir='ltr'>concetto</span> <span class='ocrx_word' id='word_1_117' title='bbox 1353 2446 1398 2508; x_wconf 89' lang='lat' dir='ltr'>da</span> 
     </span>
     <span class='ocr_line' id='line_1_16' title="bbox 135 2550 1397 2632; baseline 0.003 -22"><span class='ocrx_word' id='word_1_118' title='bbox 135 2560 243 2627; x_wconf 85' lang='lat' dir='ltr'>questo</span> <span class='ocrx_word' id='word_1_119' title='bbox 266 2553 367 2614; x_wconf 91' lang='lat' dir='ltr'>voler</span> <span class='ocrx_word' id='word_1_120' title='bbox 392 2550 426 2612; x_wconf 91' lang='lat' dir='ltr'>di</span> <span class='ocrx_word' id='word_1_121' title='bbox 451 2551 597 2632; x_wconf 85' lang='lat' dir='ltr'>Cesare,</span> <span class='ocrx_word' id='word_1_122' title='bbox 623 2570 723 2613; x_wconf 90' lang='lat' dir='ltr'>come</span> <span class='ocrx_word' id='word_1_123' title='bbox 746 2570 813 2630; x_wconf 89' lang='lat' dir='ltr'>per</span> <span class='ocrx_word' id='word_1_124' title='bbox 837 2560 964 2612; x_wconf 90' lang='lat' dir='ltr'>metter</span> <span class='ocrx_word' id='word_1_125' title='bbox 988 2571 1099 2631; x_wconf 89' lang='lat' dir='ltr'>paura</span> <span class='ocrx_word' id='word_1_126' title='bbox 1123 2552 1183 2614; x_wconf 86' lang='lat' dir='ltr'>alli</span> <span class='ocrx_word' id='word_1_127' title='bbox 1208 2553 1397 2614; x_wconf 85' lang='lat' dir='ltr'>orthodoxi</span> 
     </span>
     <span class='ocr_line' id='line_1_17' title="bbox 136 2657 1399 2742; baseline 0.006 -27"><span class='ocrx_word' id='word_1_128' title='bbox 136 2658 190 2719; x_wconf 87' lang='lat' dir='ltr'>che</span> <span class='ocrx_word' id='word_1_129' title='bbox 216 2680 285 2722; x_wconf 94' lang='lat' dir='ltr'>non</span> <span class='ocrx_word' id='word_1_130' title='bbox 316 2660 579 2742; x_wconf 83' lang='lat' dir='ltr'>procedesseno</span> <span class='ocrx_word' id='word_1_131' title='bbox 611 2658 682 2720; x_wconf 84' lang='lat' dir='ltr'>ulla</span> <span class='ocrx_word' id='word_1_132' title='bbox 711 2657 923 2720; x_wconf 81' lang='lat' dir='ltr'>executione</span> <span class='ocrx_word' id='word_1_133' title='bbox 954 2666 1159 2721; x_wconf 88' lang='lat' dir='ltr'>attaccorno</span> <span class='ocrx_word' id='word_1_134' title='bbox 1191 2661 1262 2722; x_wconf 91' lang='lat' dir='ltr'>alla</span> <span class='ocrx_word' id='word_1_135' title='bbox 1294 2670 1399 2741; x_wconf 90' lang='lat' dir='ltr'>porta</span> 
     </span>
    </p>
   </div>
   <div class='ocr_carea' id='block_1_5' title="bbox 40 2762 1397 2847">
    <p class='ocr_par' dir='ltr' id='par_1_5' title="bbox 40 2762 1397 2847">
     <span class='ocr_line' id='line_1_18' title="bbox 40 2762 1397 2847; baseline 0.004 -24"><span class='ocrx_word' id='word_1_136' title='bbox 40 2829 41 2832; x_wconf 8' lang='grc' dir='ltr'><strong>Ἴ</strong></span> <span class='ocrx_word' id='word_1_137' title='bbox 135 2762 214 2827; x_wconf 90' lang='lat' dir='ltr'>della</span> <span class='ocrx_word' id='word_1_138' title='bbox 236 2765 326 2829; x_wconf 85' lang='lat' dir='ltr'>Casa</span> <span class='ocrx_word' id='word_1_139' title='bbox 351 2766 543 2829; x_wconf 88' lang='lat' dir='ltr'>Commune</span> <span class='ocrx_word' id='word_1_140' title='bbox 573 2765 609 2827; x_wconf 93' lang='lat' dir='ltr'>di</span> <span class='ocrx_word' id='word_1_141' title='bbox 634 2773 758 2846; x_wconf 88' lang='lat' dir='ltr'>questa</span> <span class='ocrx_word' id='word_1_142' title='bbox 783 2764 867 2826; x_wconf 64' lang='lat' dir='ltr'>cittii</span> <span class='ocrx_word' id='word_1_143' title='bbox 899 2763 993 2826; x_wconf 88' lang='lat' dir='ltr'>etin</span> <span class='ocrx_word' id='word_1_144' title='bbox 1018 2765 1134 2827; x_wconf 91' lang='lat' dir='ltr'>alcuni</span> <span class='ocrx_word' id='word_1_145' title='bbox 1166 2767 1246 2828; x_wconf 88' lang='lat' dir='ltr'>altri</span> <span class='ocrx_word' id='word_1_146' title='bbox 1274 2767 1397 2847; x_wconf 85' lang='lat' dir='ltr'>luoghi</span> 
     </span>
    </p>
   </div>
   <div class='ocr_carea' id='block_1_6' title="bbox 136 2872 1397 4878">
    <p class='ocr_par' dir='ltr' id='par_1_6' title="bbox 136 2872 1397 4878">
     <span class='ocr_line' id='line_1_19' title="bbox 136 2872 1396 2956; baseline 0.004 -24"><span class='ocrx_word' id='word_1_147' title='bbox 136 2873 249 2951; x_wconf 86' lang='lat' dir='ltr'>publici</span> <span class='ocrx_word' id='word_1_148' title='bbox 273 2883 401 2956; x_wconf 86' lang='lat' dir='ltr'>questa</span> <span class='ocrx_word' id='word_1_149' title='bbox 424 2875 570 2936; x_wconf 88' lang='lat' dir='ltr'>scedula</span> <span class='ocrx_word' id='word_1_150' title='bbox 587 2872 680 2935; x_wconf 90' lang='lat' dir='ltr'>della</span> <span class='ocrx_word' id='word_1_151' title='bbox 705 2872 788 2953; x_wconf 91' lang='lat' dir='ltr'>qual</span> <span class='ocrx_word' id='word_1_152' title='bbox 807 2873 996 2934; x_wconf 87' lang='lat' dir='ltr'>mandamo</span> <span class='ocrx_word' id='word_1_153' title='bbox 1020 2874 1055 2935; x_wconf 89' lang='lat' dir='ltr'>la</span> <span class='ocrx_word' id='word_1_154' title='bbox 1078 2873 1192 2954; x_wconf 84' lang='lat' dir='ltr'>copia,</span> <span class='ocrx_word' id='word_1_155' title='bbox 1218 2876 1282 2937; x_wconf 89' lang='lat' dir='ltr'>che</span> <span class='ocrx_word' id='word_1_156' title='bbox 1299 2886 1396 2937; x_wconf 88' lang='lat' dir='ltr'>certo</span> 
     </span>
     <span class='ocr_line' id='line_1_20' title="bbox 136 2979 1395 3061; baseline 0.005 -23"><span class='ocrx_word' id='word_1_157' title='bbox 136 2999 166 3040; x_wconf 84' lang='lat' dir='ltr'>se</span> <span class='ocrx_word' id='word_1_158' title='bbox 185 2982 330 3045; x_wconf 84' lang='lat' dir='ltr'>havesse</span> <span class='ocrx_word' id='word_1_159' title='bbox 354 2983 489 3044; x_wconf 90' lang='lat' dir='ltr'>havuto</span> <span class='ocrx_word' id='word_1_160' title='bbox 512 2981 745 3043; x_wconf 87' lang='lat' dir='ltr'>fundamento</span> <span class='ocrx_word' id='word_1_161' title='bbox 769 2999 867 3060; x_wconf 86' lang='lat' dir='ltr'>ver0,</span> <span class='ocrx_word' id='word_1_162' title='bbox 892 2981 1044 3041; x_wconf 87' lang='lat' dir='ltr'>sarebbe</span> <span class='ocrx_word' id='word_1_163' title='bbox 1061 2982 1168 3043; x_wconf 90' lang='lat' dir='ltr'>molto</span> <span class='ocrx_word' id='word_1_164' title='bbox 1186 2979 1395 3061; x_wconf 89' lang='lat' dir='ltr'>pericolosa,</span> 
     </span>
     <span class='ocr_line' id='line_1_21' title="bbox 136 3085 1396 3170; baseline 0.003 -23"><span class='ocrx_word' id='word_1_165' title='bbox 136 3089 249 3165; x_wconf 70' lang='lat' dir='ltr'>perche</span> <span class='ocrx_word' id='word_1_166' title='bbox 273 3090 392 3170; x_wconf 92' lang='lat' dir='ltr'>quelle</span> <span class='ocrx_word' id='word_1_167' title='bbox 416 3098 470 3152; x_wconf 88' lang='lat' dir='ltr'>tre</span> <span class='ocrx_word' id='word_1_168' title='bbox 495 3086 635 3149; x_wconf 88' lang='lat' dir='ltr'>dittioni</span> <span class='ocrx_word' id='word_1_169' title='bbox 659 3085 853 3148; x_wconf 78' lang='lat' dir='ltr'>alemanico</span> <span class='ocrx_word' id='word_1_170' title='bbox 878 3086 1106 3168; x_wconf 81' lang='lat' dir='ltr'>sottoscritte‚</span> <span class='ocrx_word' id='word_1_171' title='bbox 1131 3088 1197 3150; x_wconf 88' lang='lat' dir='ltr'>che</span> <span class='ocrx_word' id='word_1_172' title='bbox 1221 3109 1289 3150; x_wconf 91' lang='lat' dir='ltr'>non</span> <span class='ocrx_word' id='word_1_173' title='bbox 1308 3109 1396 3151; x_wconf 90' lang='lat' dir='ltr'>sono</span> 
     </span>
     <span class='ocr_line' id='line_1_22' title="bbox 136 3193 1394 3280; baseline 0.004 -26"><span class='ocrx_word' id='word_1_174' title='bbox 136 3195 272 3258; x_wconf 86' lang='lat' dir='ltr'>tradutte</span> <span class='ocrx_word' id='word_1_175' title='bbox 296 3196 331 3258; x_wconf 91' lang='lat' dir='ltr'>in</span> <span class='ocrx_word' id='word_1_176' title='bbox 357 3195 479 3274; x_wconf 85' lang='lat' dir='ltr'>latino,</span> <span class='ocrx_word' id='word_1_177' title='bbox 503 3193 712 3275; x_wconf 87' lang='lat' dir='ltr'>significano</span> <span class='ocrx_word' id='word_1_178' title='bbox 738 3193 1028 3256; x_wconf 82' lang='lat' dir='ltr'>acclamationem</span> <span class='ocrx_word' id='word_1_179' title='bbox 1053 3204 1088 3257; x_wconf 90' lang='lat' dir='ltr'>et</span> <span class='ocrx_word' id='word_1_180' title='bbox 1113 3196 1311 3278; x_wconf 92' lang='lat' dir='ltr'>symbolum</span> <span class='ocrx_word' id='word_1_181' title='bbox 1335 3217 1394 3280; x_wconf 92' lang='lat' dir='ltr'>po-</span> 
     </span>
     <span class='ocr_line' id='line_1_23' title="bbox 137 3299 1397 3384; baseline 0.003 -23"><span class='ocrx_word' id='word_1_182' title='bbox 137 3302 196 3379; x_wconf 90' lang='lat' dir='ltr'>puli</span> <span class='ocrx_word' id='word_1_183' title='bbox 216 3305 258 3365; x_wconf 91' lang='lat' dir='ltr'>ad</span> <span class='ocrx_word' id='word_1_184' title='bbox 283 3325 382 3366; x_wconf 90' lang='lat' dir='ltr'>arma</span> <span class='ocrx_word' id='word_1_185' title='bbox 408 3312 533 3366; x_wconf 91' lang='lat' dir='ltr'>contra</span> <span class='ocrx_word' id='word_1_186' title='bbox 556 3301 719 3364; x_wconf 89' lang='lat' dir='ltr'>dominos</span> <span class='ocrx_word' id='word_1_187' title='bbox 743 3309 779 3363; x_wconf 92' lang='lat' dir='ltr'>et</span> <span class='ocrx_word' id='word_1_188' title='bbox 801 3299 970 3364; x_wconf 86' lang='lat' dir='ltr'>maiores:</span> <span class='ocrx_word' id='word_1_189' title='bbox 996 3310 1032 3363; x_wconf 87' lang='lat' dir='ltr'>et</span> <span class='ocrx_word' id='word_1_190' title='bbox 1056 3300 1165 3363; x_wconf 90' lang='lat' dir='ltr'>dicesi</span> <span class='ocrx_word' id='word_1_191' title='bbox 1191 3303 1256 3364; x_wconf 89' lang='lat' dir='ltr'>che</span> <span class='ocrx_word' id='word_1_192' title='bbox 1278 3306 1397 3384; x_wconf 91' lang='lat' dir='ltr'>quella</span> 
     </span>
     <span class='ocr_line' id='line_1_24' title="bbox 137 3408 1396 3490; baseline 0.004 -22"><span class='ocrx_word' id='word_1_193' title='bbox 137 3411 308 3474; x_wconf 89' lang='lat' dir='ltr'>medesima</span> <span class='ocrx_word' id='word_1_194' title='bbox 334 3420 432 3473; x_wconf 90' lang='lat' dir='ltr'>notte</span> <span class='ocrx_word' id='word_1_195' title='bbox 464 3411 510 3472; x_wconf 90' lang='lat' dir='ltr'>da</span> <span class='ocrx_word' id='word_1_196' title='bbox 534 3429 604 3471; x_wconf 92' lang='lat' dir='ltr'>uno</span> <span class='ocrx_word' id='word_1_197' title='bbox 629 3409 666 3470; x_wconf 87' lang='lat' dir='ltr'>fu</span> <span class='ocrx_word' id='word_1_198' title='bbox 690 3408 826 3470; x_wconf 90' lang='lat' dir='ltr'>cridato</span> <span class='ocrx_word' id='word_1_199' title='bbox 851 3416 977 3489; x_wconf 88' lang='lat' dir='ltr'>questa</span> <span class='ocrx_word' id='word_1_200' title='bbox 1002 3411 1072 3470; x_wconf 86' lang='lat' dir='ltr'>tale</span> <span class='ocrx_word' id='word_1_201' title='bbox 1095 3428 1185 3470; x_wconf 87' lang='lat' dir='ltr'>voce</span> <span class='ocrx_word' id='word_1_202' title='bbox 1216 3429 1281 3490; x_wconf 92' lang='lat' dir='ltr'>per</span> <span class='ocrx_word' id='word_1_203' title='bbox 1305 3419 1396 3473; x_wconf 77' lang='lat' dir='ltr'>tutta</span> 
     </span>
     <span class='ocr_line' id='line_1_25' title="bbox 138 3513 1394 3599; baseline 0.006 -25"><span class='ocrx_word' id='word_1_204' title='bbox 138 3513 165 3575; x_wconf 90' lang='lat' dir='ltr'>la</span> <span class='ocrx_word' id='word_1_205' title='bbox 183 3527 286 3597; x_wconf 85' lang='lat' dir='ltr'>terra,</span> <span class='ocrx_word' id='word_1_206' title='bbox 323 3519 367 3580; x_wconf 73' lang='lat' dir='ltr'>ne</span> <span class='ocrx_word' id='word_1_207' title='bbox 392 3519 479 3599; x_wconf 80' lang='lat' dir='ltr'>perd</span> <span class='ocrx_word' id='word_1_208' title='bbox 508 3517 546 3580; x_wconf 89' lang='lat' dir='ltr'>fu</span> <span class='ocrx_word' id='word_1_209' title='bbox 570 3515 662 3578; x_wconf 84' lang='lat' dir='ltr'>fatto</span> <span class='ocrx_word' id='word_1_210' title='bbox 686 3518 813 3578; x_wconf 91' lang='lat' dir='ltr'>alcuno</span> <span class='ocrx_word' id='word_1_211' title='bbox 844 3525 956 3595; x_wconf 88' lang='lat' dir='ltr'>moto,</span> <span class='ocrx_word' id='word_1_212' title='bbox 993 3516 1110 3578; x_wconf 86' lang='lat' dir='ltr'>donde</span> <span class='ocrx_word' id='word_1_213' title='bbox 1142 3517 1171 3581; x_wconf 90' lang='lat' dir='ltr'>si</span> <span class='ocrx_word' id='word_1_214' title='bbox 1194 3527 1279 3599; x_wconf 91' lang='lat' dir='ltr'>pote</span> <span class='ocrx_word' id='word_1_215' title='bbox 1305 3541 1394 3582; x_wconf 90' lang='lat' dir='ltr'>com·</span> 
     </span>
     <span class='ocr_line' id='line_1_26' title="bbox 138 3622 1394 3700; baseline 0.006 -19"><span class='ocrx_word' id='word_1_216' title='bbox 138 3625 292 3700; x_wconf 81' lang='lat' dir='ltr'>prendere</span> <span class='ocrx_word' id='word_1_217' title='bbox 327 3627 393 3686; x_wconf 89' lang='lat' dir='ltr'>che</span> <span class='ocrx_word' id='word_1_218' title='bbox 417 3626 452 3686; x_wconf 87' lang='lat' dir='ltr'>la</span> <span class='ocrx_word' id='word_1_219' title='bbox 476 3622 719 3687; x_wconf 87' lang='lat' dir='ltr'>coniuratione</span> <span class='ocrx_word' id='word_1_220' title='bbox 743 3642 813 3684; x_wconf 92' lang='lat' dir='ltr'>non</span> <span class='ocrx_word' id='word_1_221' title='bbox 847 3625 895 3684; x_wconf 90' lang='lat' dir='ltr'>ha</span> <span class='ocrx_word' id='word_1_222' title='bbox 922 3630 1021 3685; x_wconf 86' lang='lat' dir='ltr'>tanto</span> <span class='ocrx_word' id='word_1_223' title='bbox 1045 3623 1285 3688; x_wconf 86' lang='lat' dir='ltr'>fundamento.</span> <span class='ocrx_word' id='word_1_224' title='bbox 1335 3627 1394 3688; x_wconf 85' lang='lat' dir='ltr'>Ut·</span> 
     </span>
     <span class='ocr_line' id='line_1_27' title="bbox 138 3729 1396 3812; baseline 0.009 -26"><span class='ocrx_word' id='word_1_225' title='bbox 138 3747 266 3811; x_wconf 87' lang='lat' dir='ltr'>cumque</span> <span class='ocrx_word' id='word_1_226' title='bbox 295 3752 367 3794; x_wconf 91' lang='lat' dir='ltr'>uno</span> <span class='ocrx_word' id='word_1_227' title='bbox 398 3730 434 3793; x_wconf 90' lang='lat' dir='ltr'>di</span> <span class='ocrx_word' id='word_1_228' title='bbox 466 3730 581 3812; x_wconf 90' lang='lat' dir='ltr'>questi</span> <span class='ocrx_word' id='word_1_229' title='bbox 606 3729 763 3810; x_wconf 85' lang='lat' dir='ltr'>Principi</span> <span class='ocrx_word' id='word_1_230' title='bbox 793 3749 814 3791; x_wconf 88' lang='lat' dir='ltr'>a</span> <span class='ocrx_word' id='word_1_231' title='bbox 839 3729 895 3791; x_wconf 90' lang='lat' dir='ltr'>chi</span> <span class='ocrx_word' id='word_1_232' title='bbox 919 3729 978 3810; x_wconf 72' lang='lat' dir='ltr'>piri</span> <span class='ocrx_word' id='word_1_233' title='bbox 1010 3730 1171 3810; x_wconf 88' lang='lat' dir='ltr'>pertiene</span> <span class='ocrx_word' id='word_1_234' title='bbox 1201 3733 1396 3797; x_wconf 82' lang='lat' dir='ltr'>defendere</span> 
     </span>
     <span class='ocr_line' id='line_1_28' title="bbox 139 3839 1396 3922; baseline 0.006 -28"><span class='ocrx_word' id='word_1_235' title='bbox 139 3846 243 3912; x_wconf 85' lang='lat' dir='ltr'>questa</span> <span class='ocrx_word' id='word_1_236' title='bbox 274 3857 397 3917; x_wconf 87' lang='lat' dir='ltr'>causa,</span> <span class='ocrx_word' id='word_1_237' title='bbox 436 3847 539 3919; x_wconf 88' lang='lat' dir='ltr'>parte</span> <span class='ocrx_word' id='word_1_238' title='bbox 564 3857 629 3919; x_wconf 90' lang='lat' dir='ltr'>per</span> <span class='ocrx_word' id='word_1_239' title='bbox 658 3857 723 3899; x_wconf 89' lang='lat' dir='ltr'>sua</span> <span class='ocrx_word' id='word_1_240' title='bbox 753 3846 879 3899; x_wconf 88' lang='lat' dir='ltr'>natura</span> <span class='ocrx_word' id='word_1_241' title='bbox 903 3844 1033 3918; x_wconf 88' lang='lat' dir='ltr'>troppo</span> <span class='ocrx_word' id='word_1_242' title='bbox 1065 3839 1242 3919; x_wconf 91' lang='lat' dir='ltr'>modesta,</span> <span class='ocrx_word' id='word_1_243' title='bbox 1277 3860 1297 3900; x_wconf 96' lang='lat' dir='ltr'>o</span> <span class='ocrx_word' id='word_1_244' title='bbox 1328 3860 1396 3922; x_wconf 94' lang='lat' dir='ltr'>pur</span> 
     </span>
     <span class='ocr_line' id='line_1_29' title="bbox 141 3939 1394 4027; baseline 0.008 -29"><span class='ocrx_word' id='word_1_245' title='bbox 141 3939 257 4025; x_wconf 82' lang='lat' dir='ltr'>timida,</span> <span class='ocrx_word' id='word_1_246' title='bbox 280 3953 384 4027; x_wconf 89' lang='lat' dir='ltr'>parte</span> <span class='ocrx_word' id='word_1_247' title='bbox 407 3964 473 4026; x_wconf 85' lang='lat' dir='ltr'>per</span> <span class='ocrx_word' id='word_1_248' title='bbox 496 3945 653 4008; x_wconf 89' lang='lat' dir='ltr'>conselio</span> <span class='ocrx_word' id='word_1_249' title='bbox 679 3945 714 4006; x_wconf 91' lang='lat' dir='ltr'>di</span> <span class='ocrx_word' id='word_1_250' title='bbox 738 3943 832 4025; x_wconf 83' lang='lat' dir='ltr'>suoi,</span> <span class='ocrx_word' id='word_1_251' title='bbox 864 3944 888 4006; x_wconf 91' lang='lat' dir='ltr'>li</span> <span class='ocrx_word' id='word_1_252' title='bbox 911 3943 1007 4025; x_wconf 84' lang='lat' dir='ltr'>quali</span> <span class='ocrx_word' id='word_1_253' title='bbox 1031 3945 1078 4006; x_wconf 87' lang='lat' dir='ltr'>ha</span> <span class='ocrx_word' id='word_1_254' title='bbox 1102 3945 1135 4006; x_wconf 90' lang='lat' dir='ltr'>in</span> <span class='ocrx_word' id='word_1_255' title='bbox 1162 3965 1243 4007; x_wconf 85' lang='lat' dir='ltr'>casa</span> <span class='ocrx_word' id='word_1_256' title='bbox 1270 3946 1394 4008; x_wconf 78' lang='lat' dir='ltr'>luthe-</span> 
     </span>
     <span class='ocr_line' id='line_1_30' title="bbox 142 4049 1394 4133; baseline 0.009 -28"><span class='ocrx_word' id='word_1_257' title='bbox 142 4049 211 4127; x_wconf 88' lang='lat' dir='ltr'>rani,</span> <span class='ocrx_word' id='word_1_258' title='bbox 233 4051 316 4114; x_wconf 88' lang='lat' dir='ltr'>velit</span> <span class='ocrx_word' id='word_1_259' title='bbox 341 4050 445 4131; x_wconf 88' lang='lat' dir='ltr'>nolit,</span> <span class='ocrx_word' id='word_1_260' title='bbox 474 4061 510 4113; x_wconf 91' lang='lat' dir='ltr'>et</span> <span class='ocrx_word' id='word_1_261' title='bbox 534 4051 629 4133; x_wconf 90' lang='lat' dir='ltr'>quali</span> <span class='ocrx_word' id='word_1_262' title='bbox 654 4051 847 4113; x_wconf 88' lang='lat' dir='ltr'>dubitiamo</span> <span class='ocrx_word' id='word_1_263' title='bbox 871 4052 983 4113; x_wconf 88' lang='lat' dir='ltr'>haver</span> <span class='ocrx_word' id='word_1_264' title='bbox 1007 4051 1076 4112; x_wconf 90' lang='lat' dir='ltr'>essi</span> <span class='ocrx_word' id='word_1_265' title='bbox 1102 4051 1280 4114; x_wconf 87' lang='lat' dir='ltr'>medesimi</span> <span class='ocrx_word' id='word_1_266' title='bbox 1305 4052 1394 4116; x_wconf 84' lang='lat' dir='ltr'>fatto</span> 
     </span>
     <span class='ocr_line' id='line_1_31' title="bbox 141 4155 1395 4241; baseline 0.006 -26"><span class='ocrx_word' id='word_1_267' title='bbox 141 4155 180 4215; x_wconf 81' lang='lat' dir='ltr'>tal</span> <span class='ocrx_word' id='word_1_268' title='bbox 198 4160 351 4241; x_wconf 89' lang='lat' dir='ltr'>scedula,</span> <span class='ocrx_word' id='word_1_269' title='bbox 382 4158 420 4221; x_wconf 87' lang='lat' dir='ltr'>fu</span> <span class='ocrx_word' id='word_1_270' title='bbox 444 4179 559 4222; x_wconf 90' lang='lat' dir='ltr'>messo</span> <span class='ocrx_word' id='word_1_271' title='bbox 583 4158 618 4220; x_wconf 91' lang='lat' dir='ltr'>in</span> <span class='ocrx_word' id='word_1_272' title='bbox 644 4159 693 4220; x_wconf 89' lang='lat' dir='ltr'>tal</span> <span class='ocrx_word' id='word_1_273' title='bbox 717 4178 830 4239; x_wconf 88' lang='lat' dir='ltr'>paura</span> <span class='ocrx_word' id='word_1_274' title='bbox 861 4159 926 4220; x_wconf 90' lang='lat' dir='ltr'>che</span> <span class='ocrx_word' id='word_1_275' title='bbox 951 4157 1080 4220; x_wconf 75' lang='lat' dir='ltr'>mandi)</span> <span class='ocrx_word' id='word_1_276' title='bbox 1105 4167 1187 4220; x_wconf 89' lang='lat' dir='ltr'>ante</span> <span class='ocrx_word' id='word_1_277' title='bbox 1212 4159 1325 4220; x_wconf 89' lang='lat' dir='ltr'>lucem</span> <span class='ocrx_word' id='word_1_278' title='bbox 1349 4161 1395 4222; x_wconf 90' lang='lat' dir='ltr'>ad</span> 
     </span>
     <span class='ocr_line' id='line_1_32' title="bbox 144 4257 1396 4347; baseline 0.005 -25"><span class='ocrx_word' id='word_1_279' title='bbox 144 4257 317 4347; x_wconf 72' lang='lat' dir='ltr'>Caesarem,</span> <span class='ocrx_word' id='word_1_280' title='bbox 341 4266 387 4330; x_wconf 93' lang='lat' dir='ltr'>ad</span> <span class='ocrx_word' id='word_1_281' title='bbox 413 4265 502 4328; x_wconf 89' lang='lat' dir='ltr'>alios</span> <span class='ocrx_word' id='word_1_282' title='bbox 519 4263 702 4346; x_wconf 90' lang='lat' dir='ltr'>Principes</span> <span class='ocrx_word' id='word_1_283' title='bbox 727 4273 763 4326; x_wconf 89' lang='lat' dir='ltr'>et</span> <span class='ocrx_word' id='word_1_284' title='bbox 783 4266 829 4326; x_wconf 88' lang='lat' dir='ltr'>ad</span> <span class='ocrx_word' id='word_1_285' title='bbox 844 4285 919 4344; x_wconf 77' lang='grc' dir='ltr'><strong>ηοε,</strong></span> <span class='ocrx_word' id='word_1_286' title='bbox 946 4273 981 4326; x_wconf 86' lang='lat' dir='ltr'>et</span> <span class='ocrx_word' id='word_1_287' title='bbox 996 4265 1064 4326; x_wconf 91' lang='lat' dir='ltr'>Dio</span> <span class='ocrx_word' id='word_1_288' title='bbox 1081 4267 1181 4327; x_wconf 90' lang='lat' dir='ltr'>volse</span> <span class='ocrx_word' id='word_1_289' title='bbox 1205 4267 1270 4328; x_wconf 92' lang='lat' dir='ltr'>che</span> <span class='ocrx_word' id='word_1_290' title='bbox 1288 4265 1396 4328; x_wconf 83' lang='lat' dir='ltr'>Cesar</span> 
     </span>
     <span class='ocr_line' id='line_1_33' title="bbox 144 4371 1394 4454; baseline 0.003 -23"><span class='ocrx_word' id='word_1_291' title='bbox 144 4386 172 4426; x_wconf 80' lang='lat' dir='ltr'>se</span> <span class='ocrx_word' id='word_1_292' title='bbox 191 4389 229 4432; x_wconf 87' lang='lat' dir='ltr'>ne</span> <span class='ocrx_word' id='word_1_293' title='bbox 250 4373 316 4436; x_wconf 89' lang='lat' dir='ltr'>rise</span> <span class='ocrx_word' id='word_1_294' title='bbox 341 4382 377 4436; x_wconf 88' lang='lat' dir='ltr'>et</span> <span class='ocrx_word' id='word_1_295' title='bbox 400 4371 556 4435; x_wconf 90' lang='lat' dir='ltr'>mandoli</span> <span class='ocrx_word' id='word_1_296' title='bbox 580 4393 601 4434; x_wconf 93' lang='lat' dir='ltr'>a</span> <span class='ocrx_word' id='word_1_297' title='bbox 625 4372 680 4433; x_wconf 92' lang='lat' dir='ltr'>dir</span> <span class='ocrx_word' id='word_1_298' title='bbox 704 4373 781 4434; x_wconf 86' lang='lat' dir='ltr'>chel</span> <span class='ocrx_word' id='word_1_299' title='bbox 808 4391 869 4433; x_wconf 88' lang='lat' dir='ltr'>era</span> <span class='ocrx_word' id='word_1_300' title='bbox 892 4381 1021 4453; x_wconf 90' lang='lat' dir='ltr'>troppo</span> <span class='ocrx_word' id='word_1_301' title='bbox 1046 4371 1180 4452; x_wconf 87' lang='lat' dir='ltr'>timido,</span> <span class='ocrx_word' id='word_1_302' title='bbox 1205 4382 1240 4433; x_wconf 89' lang='lat' dir='ltr'>et</span> <span class='ocrx_word' id='word_1_303' title='bbox 1264 4375 1394 4454; x_wconf 75' lang='lat' dir='ltr'>perche</span> 
     </span>
     <span class='ocr_line' id='line_1_34' title="bbox 145 4478 1395 4561; baseline 0.004 -24"><span class='ocrx_word' id='word_1_304' title='bbox 145 4485 289 4550; x_wconf 79' lang='lat' dir='ltr'>pertenea</span> <span class='ocrx_word' id='word_1_305' title='bbox 311 4502 333 4542; x_wconf 92' lang='lat' dir='ltr'>a</span> <span class='ocrx_word' id='word_1_306' title='bbox 357 4479 407 4542; x_wconf 89' lang='lat' dir='ltr'>lui</span> <span class='ocrx_word' id='word_1_307' title='bbox 431 4499 632 4561; x_wconf 78' lang='lat' dir='ltr'>congregat</span> <span class='ocrx_word' id='word_1_308' title='bbox 656 4479 680 4540; x_wconf 93' lang='lat' dir='ltr'>li</span> <span class='ocrx_word' id='word_1_309' title='bbox 704 4478 880 4559; x_wconf 88' lang='lat' dir='ltr'>Principi,</span> <span class='ocrx_word' id='word_1_310' title='bbox 905 4479 1054 4540; x_wconf 81' lang='lat' dir='ltr'>sarebbe</span> <span class='ocrx_word' id='word_1_311' title='bbox 1079 4481 1147 4540; x_wconf 90' lang='lat' dir='ltr'>ben</span> <span class='ocrx_word' id='word_1_312' title='bbox 1173 4480 1315 4542; x_wconf 92' lang='lat' dir='ltr'>subbito</span> <span class='ocrx_word' id='word_1_313' title='bbox 1340 4481 1395 4542; x_wconf 82' lang='lat' dir='ltr'>far</span> 
     </span>
     <span class='ocr_line' id='line_1_35' title="bbox 145 4585 1394 4667; baseline 0.004 -22"><span class='ocrx_word' id='word_1_314' title='bbox 145 4585 268 4660; x_wconf 77' lang='lat' dir='ltr'>expedit</span> <span class='ocrx_word' id='word_1_315' title='bbox 290 4586 425 4648; x_wconf 86' lang='lat' dir='ltr'>Luther</span> <span class='ocrx_word' id='word_1_316' title='bbox 457 4596 493 4648; x_wconf 87' lang='lat' dir='ltr'>et</span> <span class='ocrx_word' id='word_1_317' title='bbox 525 4587 758 4648; x_wconf 79' lang='lat' dir='ltr'>remandarlo</span> <span class='ocrx_word' id='word_1_318' title='bbox 805 4585 925 4667; x_wconf 91' lang='lat' dir='ltr'>Dopoi</span> <span class='ocrx_word' id='word_1_319' title='bbox 959 4587 990 4648; x_wconf 90' lang='lat' dir='ltr'>ci</span> <span class='ocrx_word' id='word_1_320' title='bbox 1023 4587 1116 4648; x_wconf 89' lang='lat' dir='ltr'>disse</span> <span class='ocrx_word' id='word_1_321' title='bbox 1141 4585 1250 4649; x_wconf 86' lang='lat' dir='ltr'>Cesar</span> <span class='ocrx_word' id='word_1_322' title='bbox 1282 4609 1303 4649; x_wconf 89' lang='lat' dir='ltr'>a</span> <span class='ocrx_word' id='word_1_323' title='bbox 1336 4587 1394 4650; x_wconf 91' lang='lat' dir='ltr'>noi</span> 
     </span>
     <span class='ocr_line' id='line_1_36' title="bbox 146 4683 1395 4775; baseline 0.008 -29"><span class='ocrx_word' id='word_1_324' title='bbox 146 4683 191 4748; x_wconf 84' lang='lat' dir='ltr'>doi</span> <span class='ocrx_word' id='word_1_325' title='bbox 209 4689 361 4775; x_wconf 84' lang='lat' dir='ltr'>ridendo,</span> <span class='ocrx_word' id='word_1_326' title='bbox 386 4695 453 4754; x_wconf 89' lang='lat' dir='ltr'>che</span> <span class='ocrx_word' id='word_1_327' title='bbox 477 4693 630 4755; x_wconf 89' lang='lat' dir='ltr'>sarebbe</span> <span class='ocrx_word' id='word_1_328' title='bbox 654 4702 780 4772; x_wconf 89' lang='lat' dir='ltr'>questa</span> <span class='ocrx_word' id='word_1_329' title='bbox 802 4692 1045 4756; x_wconf 85' lang='lat' dir='ltr'>coniuratione</span> <span class='ocrx_word' id='word_1_330' title='bbox 1070 4693 1154 4756; x_wconf 90' lang='lat' dir='ltr'>delli</span> <span class='ocrx_word' id='word_1_331' title='bbox 1179 4715 1243 4772; x_wconf 88' lang='lat'>400</span> <span class='ocrx_word' id='word_1_332' title='bbox 1265 4694 1395 4775; x_wconf 87' lang='lat' dir='ltr'>Nobili,</span> 
     </span>
     <span class='ocr_line' id='line_1_37' title="bbox 147 4798 1394 4878; baseline 0.006 -23"><span class='ocrx_word' id='word_1_333' title='bbox 147 4809 225 4857; x_wconf 79' lang='lat' dir='ltr'>tome</span> <span class='ocrx_word' id='word_1_334' title='bbox 251 4800 350 4862; x_wconf 91' lang='lat' dir='ltr'>lade</span> <span class='ocrx_word' id='word_1_335' title='bbox 374 4799 488 4862; x_wconf 76' lang='lat' dir='ltr'>Mulio</span> <span class='ocrx_word' id='word_1_336' title='bbox 514 4798 668 4862; x_wconf 89' lang='lat' dir='ltr'>Scevola</span> <span class='ocrx_word' id='word_1_337' title='bbox 701 4801 766 4861; x_wconf 88' lang='lat' dir='ltr'>che</span> <span class='ocrx_word' id='word_1_338' title='bbox 790 4800 894 4862; x_wconf 88' lang='lat' dir='ltr'>dicea</span> <span class='ocrx_word' id='word_1_339' title='bbox 927 4820 1023 4863; x_wconf 87' lang='lat' dir='ltr'>esser</span> <span class='ocrx_word' id='word_1_340' title='bbox 1047 4821 1128 4878; x_wconf 80' lang='lat'><em>300,</em></span> <span class='ocrx_word' id='word_1_341' title='bbox 1165 4801 1316 4863; x_wconf 89' lang='lat' dir='ltr'>essendo</span> <span class='ocrx_word' id='word_1_342' title='bbox 1347 4800 1394 4863; x_wconf 89' lang='lat' dir='ltr'>lui</span> 
     </span>
    </p>
   </div>
   <div class='ocr_carea' id='block_1_7' title="bbox 148 4899 1396 5077">
    <p class='ocr_par' dir='ltr' id='par_1_7' title="bbox 148 4899 1396 5077">
     <span class='ocr_line' id='line_1_38' title="bbox 148 4899 1396 4990; baseline 0.014 -32"><span class='ocrx_word' id='word_1_343' title='bbox 148 4899 215 4965; x_wconf 84' lang='lat' dir='ltr'>solo.</span> <span class='ocrx_word' id='word_1_344' title='bbox 255 4905 384 4970; x_wconf 85' lang='lat' dir='ltr'>Tamen</span> <span class='ocrx_word' id='word_1_345' title='bbox 409 4927 481 4969; x_wconf 93' lang='lat' dir='ltr'>non</span> <span class='ocrx_word' id='word_1_346' title='bbox 505 4908 600 4969; x_wconf 80' lang='lat' dir='ltr'>resto</span> <span class='ocrx_word' id='word_1_347' title='bbox 624 4905 774 4970; x_wconf 87' lang='lat' dir='ltr'>l&#39;amico</span> <span class='ocrx_word' id='word_1_348' title='bbox 798 4907 939 4990; x_wconf 78' lang='lat' dir='ltr'>timido,</span> <span class='ocrx_word' id='word_1_349' title='bbox 974 4909 1122 4972; x_wconf 78' lang='lat' dir='ltr'>mandat</span> <span class='ocrx_word' id='word_1_350' title='bbox 1152 4909 1183 4970; x_wconf 88' lang='lat' dir='ltr'>el</span> <span class='ocrx_word' id='word_1_351' title='bbox 1212 4907 1396 4976; x_wconf 75' lang='lat' dir='ltr'>fratelloa</span> 
     </span>
     <span class='ocr_line' id='line_1_39' title="bbox 168 5013 1236 5077; baseline 0 -7"><span class='ocrx_word' id='word_1_352' title='bbox 168 5021 379 5077; x_wconf 56' lang='lat' dir='ltr'>Nummorum</span> <span class='ocrx_word' id='word_1_353' title='bbox 388 5033 528 5073; x_wconf 64' lang='lat' dir='ltr'>bulherum.</span> <span class='ocrx_word' id='word_1_354' title='bbox 1203 5013 1236 5070; x_wconf 81' lang='lat'>13</span> 
     </span>
    </p>
   </div>
   <div class='ocr_carea' id='block_1_8' title="bbox 0 0 1719 5700">
    <p class='ocr_par' dir='ltr' id='par_1_8' title="bbox 0 0 1719 5700">
     <span class='ocr_line' id='line_1_40' title="bbox 0 0 1719 5700; baseline 0 0"><span class='ocrx_word' id='word_1_355' title='bbox 0 0 1719 5700; x_wconf 95' lang='lat' dir='ltr'> </span> 
     </span>
    </p>
   </div>
  </div>
 </body>
</html>
