3425 5700
820 539 1068 598 ⁰·<idbi[>·⁰

306 690 372 754 eile
397 701 472 773 est,
507 691 603 773 quod
636 710 757 753 omnes
785 688 916 771 passim
941 699 1069 769 parent
1105 698 1140 750 et
1172 691 1416 770 obsequuntur
1451 689 1496 751 ad
1518 690 1577 752 has

304 798 448 880 rapinas
461 797 742 879 committendas,
758 796 853 859 nulla
869 794 905 858 in
919 794 1005 876 ipsis
1018 793 1053 857 vi
1066 793 1175 874 illata,
1189 815 1255 859 nec
1272 795 1457 859 coactione
1474 795 1576 868 facta;

305 925 376 986 quo
404 903 453 984 fit,
478 912 517 967 ut
540 903 743 987 superiores
767 913 802 965 et
826 901 959 965 domini
983 901 1178 964 remedium
1201 912 1364 984 prestare
1396 914 1577 985 nequeant,

305 1010 334 1074 si
359 1011 502 1092 quidem
533 1009 664 1074 subditi
694 1031 760 1092 per
792 1029 881 1091 quos
909 1008 1075 1072 resistere
1104 1007 1253 1090 quisque
1282 1009 1449 1091 deberet,
1482 1007 1579 1091 primi

305 1127 428 1181 contra
457 1117 619 1181 dominos
647 1117 851 1198 insurgunt,
890 1115 951 1197 qui
981 1115 1030 1178 sic
1064 1136 1085 1177 a
1117 1114 1188 1178 suis
1222 1115 1399 1198 destituti,
1429 1117 1499 1180 alio
1525 1115 1578 1180 mi·

305 1244 410 1306 grate
440 1226 712 1307 compelluntur;
746 1224 814 1286 hoc
848 1221 889 1284 fit
919 1231 957 1284 ut
981 1242 1097 1304 neque
1121 1239 1177 1285 me
1201 1222 1287 1286 satis
1310 1231 1422 1286 tutum
1447 1244 1524 1288 esse
1547 1223 1579 1286 in

305 1331 475 1394 Tridento
504 1330 719 1412 putaverim,
752 1329 816 1393 sed
849 1329 956 1392 ilhinc
1000 1329 1203 1393 abeundum
1245 1329 1426 1410 duxerim,
1459 1351 1578 1412 meque

304 1438 340 1502 in
364 1439 456 1502 hanc
490 1458 607 1501 arcem
637 1437 761 1521 Rippe
786 1437 1000 1518 receperim,
1031 1436 1090 1498 ubi
1126 1437 1233 1520 paulo
1269 1436 1427 1500 securius
1463 1438 1579 1500 vivere

305 1544 389 1607 mihi
415 1545 539 1608 videor
562 1553 598 1607 et
621 1562 731 1626 agere
753 1563 871 1626 posse.

395 1651 547 1715 Accedit
573 1651 644 1732 his,
669 1653 765 1733 quod
790 1650 858 1713 iam
883 1671 953 1713 non
978 1649 1065 1713 nulli
1090 1671 1136 1712 ex
1166 1650 1368 1714 hominibus
1392 1649 1578 1732 Episcopa-

306 1773 362 1821 tus
387 1758 455 1821 mei
484 1757 579 1822 dicto
615 1760 739 1820 horum
769 1757 955 1820 audientes
991 1767 1073 1820 sunt
1104 1765 1139 1819 et
1172 1756 1232 1818 alii
1266 1757 1312 1819 ad
1348 1757 1579 1820 defectionem

306 1865 549 1932 sollicitantur.
589 1863 629 1928 Si
650 1864 728 1947 quis
743 1864 864 1946 itaque
880 1865 946 1926 hos
970 1883 1183 1945 progressus
1207 1862 1413 1946 diligentius
1429 1863 1515 1927 velit
1537 1863 1579 1926 in-

306 1972 408 2052 tueri,
439 1982 476 2035 et
508 1970 608 2035 initia
630 1972 708 2054 ipsa
732 1971 968 2053 perscrutari,
998 1981 1034 2034 et
1057 1991 1145 2052 quas
1168 1970 1264 2034 vires
1288 1971 1474 2052 conquirat
1497 1973 1581 2034 haec

308 2079 436 2142 seditio
460 2099 580 2142 secum
603 2078 720 2141 animo
749 2080 916 2157 volvere,
954 2077 1059 2140 fateri
1091 2097 1236 2140 necesse
1261 2089 1333 2159 est,
1367 2087 1403 2141 et
1436 2079 1582 2142 maxime

308 2185 501 2248 verendum
526 2205 571 2248 ne
601 2186 709 2268 (quod
734 2181 841 2266 absit)
865 2205 976 2266 usque
1001 2184 1036 2246 in
1065 2184 1178 2267 ipsam
1202 2184 1339 2247 Italiam
1358 2195 1583 2267 pervagetur,

308 2300 343 2354 et
366 2294 466 2354 labes
490 2293 556 2355 hec
580 2292 790 2355 universalis
815 2312 895 2355 esse
919 2291 1065 2374 feratur,
1087 2291 1122 2354 id
1138 2292 1234 2376 quod
1248 2291 1403 2356 futurum
1419 2292 1581 2356 Vestram

308 2399 543 2462 Sanctitatem
578 2399 769 2481 aliquando
803 2397 890 2462 meis
921 2399 1103 2480 admonui,
1138 2410 1175 2462 et
1205 2401 1251 2462 ad
1274 2399 1362 2462 alios
1395 2402 1582 2481 plerosque

308 2505 444 2588 scripsi.
491 2506 592 2570 Haec
617 2506 713 2569 v'olui
737 2505 890 2569 Vestrae
915 2505 1133 2569 Beatitudini
1164 2526 1351 2570 recensere
1380 2516 1418 2568 ut
1450 2507 1481 2570 si
1515 2525 1582 2587 quo

309 2612 414 2674 modo
452 2621 571 2694 potest
607 2615 713 2676 rebus
744 2613 947 2676 labentibus
978 2633 1201 2692 succurrere,
1237 2613 1273 2676 id
1307 2634 1372 2696 pro
1408 2633 1473 2676 sua
1506 2633 1584 2696 pru·

309 2719 431 2782 dentia
454 2717 574 2783 facere
599 2719 776 2804 dignetur,
801 2720 857 2784 cui
880 2741 937 2784 me
961 2719 1153 2786 humillime
1178 2721 1397 2786 commendo.

399 2844 455 2907 Ex
479 2844 576 2909 Arce
599 2843 723 2929 Rippe
753 2848 800 2909 18.
824 2844 899 2908 Mai
928 2866 1022 2925 15²5·

397 2970 459 3033 Me
486 2980 604 3035 autem
628 2969 663 3033 in
688 2968 809 3052 specie
832 2970 1058 3052 persequitur
1080 2970 1137 3033 hic
1161 2969 1270 3052 furor,
1296 2971 1390 3052 quod
1415 2992 1477 3035 suo
1501 2985 1585 3034 tem-

308 3098 397 3160 pore
420 3077 574 3140 Vestrae
598 3076 816 3140 Beatitudini
842 3076 1029 3141 constabit.

398 3182 438 3247 E.
463 3183 616 3247 Vestrae
646 3184 893 3247 Beatitudinis

1131 3293 1212 3340 1111111.
1232 3291 1357 3341 Creatura

1074 3378 1103 3440 1.
1122 3378 1216 3453 Epist.
1235 3377 1427 3442 1111111111.

848 3523 1006 3537 WWVWv-n'zur
1015 3525 1053 3535 *ma

915 3716 989 3785 210.

603 3832 763 3913 Clemens
790 3832 869 3911 VII.
897 3832 1092 3913 1111111111
1119 3834 1296 3915 lustriae.
1333 3818 1336 3823 ’

575 3980 700 4055 (11911111.
718 3980 755 4039 ad
773 3981 914 4055 Principes
932 3998 982 4056 per
1001 3982 1164 4041 &addetum
1181 3982 1227 4043 tu
1246 3984 1312 4057 ltu)

825 4090 878 4161 (19.
899 4093 964 4143 Maii
987 4090 1073 4161 1525.)

398 4214 538 4279 Dilecte
561 4214 639 4281 Fili.
695 4214 782 4279 Cum
817 4216 969 4300 primum
1010 4218 1055 4280 ad
1086 4238 1151 4281 nos
1181 4217 1249 4281 fuit
1280 4220 1424 4282 allatum
1462 4221 1507 4283 de
1535 4218 1583 4282 eis

309 4323 517 4386 tumultibus
540 4322 600 4403 qui
629 4343 694 4406 per
718 4326 910 4405 populares
946 4334 982 4387 et
1010 4324 1160 4388 rusticos
1190 4325 1225 4388 in
1251 4323 1443 4389 Germania
1476 4324 1581 4389 conci-

309 4427 374 4492 tati
398 4428 553 4491 omnium
583 4428 735 4492 fortunis
771 4439 806 4492 et
830 4429 1064 4511 dignitatibus
1089 4432 1321 4511 minarentur,
1358 4433 1424 4495 etsi
1448 4454 1504 4497 res
1526 4434 1581 4496 illa
1697 4460 1698 4525 ,

309 4534 413 4598 nobis
447 4533 570 4598 auditu
600 4535 667 4598 fuit
700 4535 964 4612 molestissima,
998 4537 1058 4617 qui
1090 4536 1403 4603 innumerabilibus
1430 4540 1523 4603 curis
1549 4548 1581 4603 et

309 4640 484 4723 angustiis
513 4642 734 4706 circumsessi
759 4644 805 4706 ad
830 4664 952 4707 omnes
976 4644 1037 4707 vix
1062 4646 1179 4709 animo
1203 4644 1367 4710 sufficere
1391 4666 1580 4729 possumus,

309 4760 428 4812 tamen
444 4769 586 4830 semper
601 4750 821 4831 speravimus
838 4749 1058 4815 nobilitatem
1084 4761 1179 4815 tuam
1204 4773 1266 4815 sua
1291 4755 1444 4834 quadam
1468 4755 1580 4817 dexte·

308 4854 414 4919 ritate
438 4864 475 4918 et
497 4856 687 4939 prudentia
710 4877 781 4920 non
806 4856 1000 4921 difficiliter
1022 4857 1092 4921 illis
1112 4858 1279 4940 periculis
1302 4880 1528 4925 occursuram
1549 4868 1581 4922 et
