3425 5700
658 596 905 657 *etue-0

138 756 221 807 tunc
246 746 390 827 quando
415 745 675 809 matrimonium
699 746 901 809 huiusmodi
924 746 1017 808 inter
1033 765 1094 808 eos
1110 753 1331 809 contractum
1354 740 1422 808 fuit

137 861 326 934 presentes
350 851 493 916 fuerant
516 854 631 916 adhuc
655 853 836 917 vivebant.
882 853 957 915 Nos
980 874 1026 917 ne
1050 872 1200 916 erronea
1222 850 1423 915 huiusmodi

138 968 176 1022 et
199 980 295 1041 vaga
318 960 415 1022 fama
445 959 587 1023 veritati
618 970 764 1043 noceat,
798 960 835 1023 in
873 958 1092 1023 Consistorio
1124 968 1246 1023 nostro
1282 966 1421 1023 secreto

137 1065 331 1129 Francisco
356 1075 559 1129 sanctorum
581 1068 729 1147 Joannis
753 1077 789 1132 et
813 1067 916 1131 Pauli
940 1077 975 1131 et
999 1066 1187 1131 Leonardo
1211 1076 1333 1131 sancte
1357 1062 1421 1128 Su·

142 1194 256 1237 sanne
271 1182 310 1239 tt.
330 1174 539 1256 presbiteris
555 1174 803 1239 Cardinalibus
827 1174 966 1239 dilectis
990 1172 1069 1237 filiis
1093 1174 1234 1255 nostris,
1258 1180 1296 1236 ut
1314 1192 1423 1255 super

137 1300 249 1343 causa
282 1290 317 1343 et
352 1281 505 1363 negocio
540 1280 774 1363 legitimitatis
810 1303 850 1346 ac
886 1280 1146 1363 illegitimitatis
1176 1300 1219 1345 ac
1253 1279 1420 1343 natalium

136 1387 222 1467 Julii
245 1387 361 1451 Electi
383 1388 584 1451 huiusmodi
607 1388 713 1452 etiam
738 1410 781 1453 eo
806 1390 865 1453 vel
894 1388 963 1453 alio
986 1408 1053 1471 pro
1077 1408 1120 1451 eo
1152 1407 1222 1451 non
1255 1385 1421 1461 instante,

142 1495 282 1557 vocatis
306 1516 370 1558 sua
393 1494 429 1557 in
452 1486 634 1577 premissis
658 1496 828 1561 interesse
845 1496 1064 1579 putantibus,
1088 1516 1135 1558 ex
1166 1492 1285 1559 officio
1308 1492 1419 1576 inqui·

137 1612 260 1665 rerent
284 1612 320 1665 et
352 1613 613 1685 cognoscerent
636 1604 840 1686 veritatem,
865 1603 951 1687 ipsis
975 1603 1141 1684 invicem,
1165 1621 1274 1666 unum
1297 1621 1344 1665 ex
1368 1600 1420 1665 eis

136 1719 200 1772 aut
224 1709 330 1772 alium
354 1710 413 1772 vel
436 1709 525 1773 alios
549 1720 656 1792 prout
683 1710 735 1774 eis
764 1712 946 1774 videretur
976 1709 1235 1793 subdelegandi
1263 1709 1309 1773 ad
1339 1728 1419 1792 pro-

136 1817 338 1879 cedendum
361 1815 397 1879 in
422 1816 614 1900 premissis,
639 1818 744 1881 etiam
767 1817 867 1882 feriis
892 1819 936 1882 de
961 1838 1080 1883 mense
1104 1813 1327 1899 Septembris
1355 1834 1420 1898 per

136 1922 214 1985 Nos
236 1923 399 2003 indictis,
433 1943 503 1987 non
529 1925 770 2007 obstantibus,
795 1926 1011 2006 facultatem,
1034 1924 1235 2005 tribuend0,
1260 1944 1301 1986 ac
1325 1931 1419 2005 post-

139 2030 285 2093 modum
310 2014 477 2113 quicquid
502 2052 610 2114 super
634 2032 833 2095 huiusmodi
857 2032 1081 2116 legitimitate
1097 2032 1155 2095 vel
1169 2028 1419 2113 illegitimitate

140 2136 373 2219 inveniretur,
396 2137 432 2200 in
457 2140 583 2201 eodem
601 2137 819 2203 Consistorio
842 2138 1033 2219 referendi,
1057 2139 1139 2203 vive
1162 2138 1261 2202 vocis
1276 2137 1420 2200 oraculo

140 2253 182 2305 ut
205 2242 241 2305 in
266 2241 438 2307 similibus
467 2244 544 2308 lieri
575 2246 760 2309 consuevit
791 2247 1063 2327 commissimus,
1098 2266 1140 2310 ac
1175 2246 1281 2309 etiam
1313 2262 1420 2326 super

136 2352 208 2412 hoc
233 2349 480 2415 comissionem
503 2373 609 2415 manu
633 2363 755 2416 nostra
786 2354 963 2435 signatam
993 2374 1060 2435 per
1092 2356 1180 2417 duos
1213 2373 1259 2415 ex
1290 2349 1420 2415 nostris

138 2456 352 2521 Cursoribus
376 2459 574 2541 presentari
604 2460 848 2524 mandavimus
878 2482 920 2523 ac
945 2460 1102 2541 fecimus,
1132 2460 1271 2543 ipsique
1301 2457 1419 2523 Cardi-

138 2565 240 2626 nales
273 2565 530 2629 commissionis
560 2566 760 2631 huiusmodi
791 2568 916 2651 vigore
951 2567 1089 2651 seipsos
1123 2569 1168 2630 ad
1204 2566 1355 2630 invicem
1385 2574 1422 2629 et

137 2670 291 2734 dilectos
325 2672 418 2736 filios
456 2674 653 2753 Johannem
691 2674 875 2738 Pascbalis
907 2684 944 2739 et
972 2675 1149 2739 Gentilem
1181 2674 1226 2737 de
1260 2671 1420 2737 Catienis

137 2778 301 2858 clericos,
325 2800 447 2843 eorum
470 2781 675 2862 Auditores,
701 2783 746 2845 ad
770 2782 806 2844 in
829 2782 1030 2846 huiusmodi
1053 2780 1289 2865 inquisitionis
1313 2798 1421 2843 causa

138 2887 424 2968 procedendum,
454 2897 489 2951 et
521 2888 689 2971 quicquid
718 2910 785 2972 per
813 2910 876 2952 eos
905 2889 941 2953 in
973 2891 1098 2953 eadem
1121 2887 1303 2951 inventum
1326 2886 1420 2950 foret

138 2994 191 3056 eis
217 2992 442 3056 referendum
474 2996 764 3078 subdelegarunt,
787 3017 829 3058 ac
863 2997 1013 3059 dilectus
1035 2995 1127 3058 filius
1151 2993 1324 3078 Magister
1347 2993 1418 3056 An·

140 3101 245 3182 gelus
269 3101 315 3164 de
340 3100 440 3164 Cesis
464 3103 580 3165 Aulae
597 3113 717 3166 nostre
735 3103 997 3167 consistorialis
1011 3103 1230 3180 Advocatus,
1255 3119 1419 3164 asserens

138 3229 178 3271 se
204 3208 362 3271 eiusdem
386 3208 468 3288 Julii
493 3209 605 3272 Electi
630 3209 789 3273 intimum
813 3221 849 3273 et
874 3211 1081 3294 precipuum
1112 3209 1262 3274 amicum
1289 3228 1332 3270 ac
1355 3227 1419 3271 sua

138 3316 334 3395 interesse,
358 3335 403 3378 ne
429 3316 506 3398 quis
530 3317 689 3380 indebite
713 3319 770 3379 vel
801 3317 929 3380 iniuste
958 3317 1217 3397 diffamaretur,
1251 3327 1418 3396 tanquam

140 3421 222 3485 talis
245 3441 288 3484 ac
312 3421 400 3485 alias
424 3433 462 3485 ut
485 3444 575 3486 unus
600 3426 644 3486 de
678 3426 810 3506 populo
842 3444 962 3487 coram
992 3424 1142 3506 prefatis
1172 3421 1418 3486 Cardinalibus

141 3549 353 3610 comparens
377 3549 582 3612 processum
605 3531 641 3594 in
664 3531 864 3594 huiusmodi
889 3552 995 3594 causa
1017 3551 1084 3614 per
1113 3530 1274 3593 Edictum
1305 3527 1416 3610 publi·

140 3655 218 3696 cum
244 3635 279 3696 in
306 3636 411 3698 Alma
443 3637 543 3700 Urbe
575 3647 696 3702 nostra
730 3650 766 3700 et
789 3637 915 3702 Valvis
946 3638 1167 3702 Cancellarie
1205 3633 1416 3718 Apostolice

141 3763 182 3804 ac
208 3741 298 3804 Acie
322 3742 524 3824 Campiflori
548 3744 766 3826 affigendum
791 3757 915 3810 contra
938 3767 1059 3809 omnes
1090 3757 1126 3808 et
1162 3744 1323 3825 singulos
1354 3761 1419 3804 sua

142 3851 177 3912 in
202 3849 382 3932 premissis
406 3852 637 3914 communiter
659 3855 717 3915 vel
746 3853 887 3916 divisim
910 3853 1081 3916 interesse
1113 3860 1282 3933 putantes
1304 3849 1334 3911 si
1357 3847 1416 3930 qui

142 3957 260 4020 forent
282 3957 536 4022 instituendum
561 3969 596 4022 et
613 3959 890 4023 continuandum
906 3981 947 4022 ac
963 3958 1165 4022 citationem
1182 3977 1247 4040 per
1263 3955 1416 4019 edictum

143 4074 266 4127 contra
301 4085 365 4126 sua
400 4064 572 4129 interesse
608 4076 775 4148 putantes
803 4068 839 4129 in
881 4065 1008 4129 Valvis
1048 4075 1085 4128 et
1121 4063 1212 4128 Acie
1247 4060 1417 4146 predictis

142 4171 358 4254 affigendam
383 4183 508 4234 contra
525 4172 622 4255 ipsos
638 4193 702 4236 sua
716 4173 888 4236 interesse
912 4183 1079 4254 putantes
1103 4173 1147 4235 ad
1171 4171 1357 4233 dicendum
1381 4178 1418 4231 et

144 4278 392 4359 excipiendum
416 4278 584 4360 quicquid
608 4281 720 4342 verbo
743 4281 801 4342 vel
831 4280 866 4342 in
890 4278 1031 4361 scriptis
1053 4290 1178 4340 contra
1199 4277 1313 4359 ipsam
1340 4295 1416 4358 pre·

143 4383 223 4447 fatis
258 4384 506 4448 Cardinalibus
544 4397 581 4448 ut
613 4386 793 4469 prefertur
823 4385 953 4450 factam
991 4397 1027 4449 et
1056 4395 1296 4467 presentatam
1325 4403 1416 4446 com·

144 4491 342 4554 missionem
366 4492 485 4556 dicere
503 4492 579 4556 sive
596 4493 764 4575 excipere
781 4495 913 4557 vellent
928 4494 973 4557 ad
990 4502 1124 4556 certum
1139 4489 1416 4574 peremptorium

143 4609 224 4661 tunc
249 4619 457 4682 expressum
481 4611 741 4682 competentem
765 4601 950 4664 terminum
975 4600 1117 4663 decerni
1147 4599 1310 4662 obtinuit.
1360 4597 1417 4659 Ac

142 4708 364 4787 postmodum
392 4707 427 4770 in
460 4709 586 4770 eodem
614 4707 764 4771 termino
796 4727 915 4770 coram
944 4706 1094 4789 prefatis
1117 4705 1309 4768 Francisco
1332 4704 1414 4768 Car·

143 4813 251 4877 dinali
274 4813 522 4880 Commissario
546 4837 588 4880 ac
612 4817 773 4896 Johanne
799 4826 834 4879 et
859 4815 1003 4879 Gentile
1019 4814 1253 4878 Auditoribus
1275 4822 1315 4874 ut
1337 4831 1413 4893 pre·

141 4919 252 4985 fertur
281 4922 526 5006 subdelegatis
565 4945 775 5007 comparens
807 4923 971 4986 Edictum
1003 4921 1181 4985 citationis
1210 4919 1411 4984 huiusmodi
