3425 5700
799 570 857 624 *Q
898 568 1046 625 1805}w

284 716 377 779 enim
408 737 470 780 ero
480 765 489 797 ,
518 717 547 778 si
580 717 727 779 edoctus
758 715 878 798 fuero,
914 736 1170 798 quemcumque
1199 736 1355 779 errorem
1381 736 1561 795 revocare,

283 843 415 905 eroque
440 823 584 905 primuS,
609 823 668 904 qui
691 822 832 886 libellos
856 844 955 886 meos
980 824 1014 885 in
1038 824 1158 905 ignem
1182 823 1370 905 proiitiam.

371 930 427 992 Ex
451 930 505 992 his
529 930 683 993 arbitror
707 930 876 1011 liquidum
902 930 988 1010 fierI,
1014 952 1069 993 me
1094 930 1179 993 satis
1204 950 1347 993 curasse
1373 941 1408 992 et
1432 932 1561 1012 ponde-

282 1058 381 1101 rasse
406 1038 607 1101 discrimina
642 1047 678 1099 et
700 1038 879 1119 pericula,
911 1058 974 1100 seu
1005 1037 1124 1100 studia
1156 1046 1192 1098 et
1223 1037 1460 1100 dissentiones
1488 1059 1562 1100 mee

283 1144 445 1207 doctrine
470 1144 658 1208 occasione
683 1144 718 1206 in
743 1148 830 1207 orbe
856 1145 1030 1221 excitata,
1067 1146 1111 1206 de
1140 1143 1267 1225 quibus
1298 1144 1374 1207 heri
1405 1145 1562 1226 graviter

284 1262 319 1315 et
348 1252 490 1315 fortiter
518 1251 718 1315 admonitus
746 1252 808 1315 fui.
870 1251 958 1313 Mihi
991 1253 1098 1333 plane
1128 1251 1280 1314 omnium
1313 1252 1563 1315 iocundissima

282 1359 410 1439 facies,
435 1360 502 1422 ista
525 1359 560 1422 in
585 1362 692 1423 rebus
716 1367 772 1421 est
794 1359 918 1421 videre
942 1362 988 1421 ob
1013 1361 1159 1421 verbum
1186 1359 1252 1421 Dei
1277 1359 1411 1440 studia,
1438 1373 1474 1422 et
1497 1360 1561 1421 dis·

284 1466 464 1529 sentiones
486 1466 577 1539 fieri;
602 1468 637 1528 Is
659 1467 751 1529 enim
777 1476 832 1529 est
855 1465 969 1528 Verbi
993 1464 1061 1528 Dei
1085 1486 1217 1545 cursus,
1243 1487 1346 1529 casus
1363 1477 1398 1529 et
1416 1478 1563 1529 eventus

283 1574 374 1636 sicut
397 1573 500 1636 dicit:
524 1575 603 1637 Non
629 1574 711 1637 veni
734 1594 857 1655 pacem
885 1572 1023 1636 mittere
1048 1575 1111 1635 sed
1136 1573 1304 1655 gladium.
1352 1573 1446 1636 Veni
1472 1573 1562 1635 enim

282 1680 459 1745 hominem
484 1702 651 1763 seperare
676 1683 847 1744 adversus
872 1689 1009 1762 patrem
1034 1700 1133 1742 suum
1159 1691 1224 1744 etc.
1282 1680 1438 1743 Proinde
1471 1681 1562 1762 cogi-

283 1790 428 1850 tandum
453 1787 555 1851 nobis
579 1798 651 1864 est,
675 1807 781 1869 quam
805 1789 904 1849 Deus
929 1797 1050 1849 noster
1074 1785 1119 1848 sit
1143 1785 1314 1849 mirabilis
1339 1797 1375 1849 et
1398 1788 1565 1850 terribilis

283 1894 319 1957 in
344 1894 500 1957 consiliis
524 1895 610 1974 suis,
636 1915 680 1957 ne
704 1894 808 1975 forte,
832 1894 867 1956 id
893 1894 989 1975 quod
1012 1914 1078 1974 pro
1104 1892 1272 1955 sedandis
1296 1893 1422 1956 studiis
1452 1904 1563 1957 tenta-

283 2011 356 2081 tur,
381 2000 409 2062 si
434 2022 456 2062 a
479 2001 647 2064 damnato
670 2004 783 2064 verbo
804 2002 872 2063 Dei
898 2000 1136 2079 exordiamur,
1160 2010 1290 2081 vergat
1313 2001 1431 2081 potius
1456 2001 1490 2063 in
1517 2000 1563 2063 in-

282 2106 484 2170 tollerabile
508 2108 678 2169 malorum
703 2107 884 2187 diluvium,
909 2117 944 2171 et
969 2108 1163 2169 curandum
1188 2107 1233 2167 sit
1257 2127 1302 2169 ne
1326 2108 1566 2171 adolescentis

283 2214 385 2277 huius
410 2212 532 2296 optimi
557 2212 729 2295 principis
753 2214 872 2277 Caroli
897 2214 945 2295 (in
980 2234 1051 2295 quo
1084 2224 1165 2296 post
1196 2205 1309 2276 Deum
1342 2216 1452 2277 multa
1482 2236 1566 2297 spes

283 2323 350 2402 est)
373 2320 522 2383 infoelix
546 2320 804 2402 inauspicatum
825 2321 888 2383 fiat
911 2321 1109 2403 Imperium.
1154 2322 1301 2384 Possem
1329 2323 1566 2403 locupletibus

284 2428 472 2510 e‘xempliS,
496 2427 669 2509 scripture
694 2429 738 2490 de
762 2430 961 2508 Pharaone,
986 2430 1093 2509 Rege
1118 2427 1313 2509 Babilonis,
1339 2439 1375 2490 et
1400 2429 1568 2511 Regibus

283 2535 430 2613 Israhel,
453 2554 527 2596 rem
552 2535 746 2614 declarare,
771 2534 830 2616 qui
854 2544 927 2597 turn
952 2556 1031 2597 sese
1047 2534 1199 2598 maxime
1215 2535 1461 2617 perdiderunt,
1485 2558 1567 2599 cum

283 2640 552 2723 sapientissimis
575 2642 730 2705 consiliis
753 2663 817 2704 sua
849 2661 961 2723 regna
993 2641 1184 2723 pacificare
1214 2644 1435 2705 studuerunt.
1482 2644 1567 2727 Ipse

283 2749 376 2811 enim
401 2758 465 2828 est,
489 2748 549 2829 qui
573 2748 841 2831 comprehendit
869 2760 1005 2811 astutos
1029 2749 1064 2811 in
1089 2772 1152 2812 sua
1176 2750 1306 2812 astutia
1330 2760 1366 2812 et
1390 2752 1568 2813 subvertit

283 2867 421 2921 montes
454 2867 644 2939 antequam
677 2868 908 2939 cognoscant.
964 2859 1088 2939 Itaque
1120 2859 1244 2921 timore
1278 2858 1345 2922 Dei
1378 2880 1468 2941 opus
1501 2873 1567 2923 est.

283 2965 363 3027 Non
387 2967 452 3027 hec
478 2963 568 3043 dico,
593 2966 688 3045 quod
713 2984 803 3045 opus
826 2964 871 3026 sit
896 2986 984 3041 mea,
1009 2967 1066 3027 vel
1092 2965 1252 3028 doctrina
1276 2968 1335 3029 vel
1360 2967 1568 3046 monitione,

283 3071 392 3134 tantis
414 3070 625 3134 verticibus:
651 3072 714 3132 sed
738 3072 833 3151 quod
858 3072 1066 3152 obsequium
1090 3093 1168 3136 mee
1189 3073 1381 3136 Germania
1405 3074 1567 3136 debitum

284 3180 495 3241 subtrahere
520 3199 591 3240 non
618 3177 811 3240 debuerim.
858 3179 903 3240 Et
934 3179 988 3240 his
1019 3199 1074 3241 me
1105 3200 1206 3242 sacre
1235 3179 1410 3243 maiestati
1434 3192 1568 3262 vestre,

284 3285 654 3367 dominationibusque
686 3285 816 3348 vestris
848 3286 1096 3349 Illustrissimis
1127 3289 1356 3368 commend0,
1387 3288 1569 3351 humiliter

283 3413 429 3475 rogans,
461 3414 506 3456 ne
539 3393 728 3476 paciantur
758 3393 883 3456 studiis
917 3395 1223 3476 adversariorum,
1254 3416 1310 3457 me
1342 3395 1418 3458 sine
1448 3417 1568 3476 causa,

284 3500 352 3563 sibi
375 3501 477 3564 reddi
501 3499 661 3563 invisum.
708 3499 803 3562 Dixi.
835 3535 878 3544 —-

373 3607 439 3669 His
463 3605 566 3668 dictis
590 3605 722 3669 Orator
745 3606 890 3689 Imperii
912 3607 1181 3689 increpabundo
1206 3607 1346 3688 similis,
1372 3608 1462 3671 dixit
1486 3631 1568 3672 mea

284 3735 355 3776 non
381 3716 424 3775 ad
450 3735 524 3776 rem
557 3713 801 3794 respondisse,
835 3735 901 3776 nec
939 3715 1070 3776 debere
1104 3714 1137 3777 in
1169 3714 1390 3796 questionem
1421 3735 1566 3796 vocare,

285 3841 353 3903 que
379 3820 461 3884 olim
485 3820 520 3882 in
546 3821 711 3884 Conciliis
735 3829 855 3884 essent
880 3823 1045 3883 damnata
1071 3833 1106 3882 et
1130 3821 1291 3884 diffinita.
1337 3822 1424 3884 Ideo
1453 3843 1474 3883 a
1509 3844 1566 3885 me

283 3927 358 4008 peti
393 3927 543 4010 simplex
574 3948 643 3990 non
677 3937 861 3990 cornutum
895 3949 1113 4008 responsum.
1166 3930 1223 3991 An
1255 3928 1359 3991 velim
1391 3949 1566 3991 revocare

283 4037 341 4098 vel
365 4055 446 4098 non.

371 4179 412 4187 —
437 4141 574 4223 Quibus
590 4162 655 4224 per
670 4141 836 4204 Luterum
852 4152 1040 4222 utcumque
1058 4141 1170 4220 dictis,
1195 4140 1378 4220 praefatus
1394 4141 1566 4204 Notarius

282 4250 328 4311 ad
353 4249 528 4312 Caesaree
552 4247 663 4311 Sacre
686 4248 883 4328 Majestatis
907 4259 1038 4311 nutum.
1086 4249 1140 4310 Ita
1164 4267 1314 4309 exorsus
1338 4255 1408 4310 est:

370 4356 455 4434 Jure
479 4355 531 4417 Te
556 4358 697 4417 beatum
722 4357 788 4417 hac
812 4364 914 4436 parte
940 4354 1142 4418 existimare
1167 4363 1270 4434 potes
1295 4353 1441 4435 Lutere,
1466 4357 1564 4435 quod

283 4461 347 4523 tibi
371 4482 488 4524 coram
513 4471 584 4524 tam
609 4463 773 4524 clementi
798 4463 1017 4544 Imperatore
1043 4462 1231 4523 dicendum
1255 4459 1335 4540 fuit,
1370 4460 1429 4543 qui
1454 4462 1564 4542 longe

281 4577 353 4630 tam
376 4568 510 4631 maiore
536 4569 708 4631 modestia
732 4569 908 4632 dicentem
933 4579 968 4632 te
993 4567 1189 4647 audiverit,
1221 4587 1325 4648 quam
1349 4578 1387 4629 tu
1411 4567 1488 4649 ipse
1512 4569 1564 4630 di·

280 4675 394 4748 xeris;
420 4695 523 4757 quem
548 4675 640 4738 enim
664 4675 787 4756 aequis
811 4684 873 4738 aut
895 4677 1017 4758 pronis
1041 4675 1184 4738 auribus
1209 4674 1402 4754 piissimum
1434 4674 1563 4757 princi·

282 4802 374 4863 pem,
399 4803 442 4844 ea
466 4802 534 4862 que
559 4783 814 4845 vehementiori
830 4783 955 4864 spiritu
973 4795 1009 4846 et
1025 4783 1196 4863 acerbius,
1222 4803 1325 4862 quam
1350 4781 1562 4862 religionem

281 4899 317 4952 et
339 4888 598 4973 professionem
622 4900 718 4954 tuam
743 4892 847 4953 decet
876 4889 911 4952 in
937 4887 1145 4953 Pontificem
1178 4889 1368 4953 maximum
1399 4889 1564 4953 invectus
