3425 5700
711 989 764 1057 94.

351 1116 606 1198 llesnder
638 1116 1109 1197 Vieecaneellsrio.

526 1263 672 1336 'menelei
690 1264 817 1324 eman.
835 1264 866 1324 la.
878 1265 946 1336 120.)

613 1381 667 1452 (23.
687 1387 752 1435 Maii
775 1383 863 1453 1521.)

197 1523 311 1587 Ancor
334 1527 400 1588 che
423 1525 458 1588 io
483 1526 596 1589 dubiti
621 1529 687 1590 che
711 1527 732 1590 l'
746 1529 837 1590 altra
862 1529 999 1605 lettera,
1024 1528 1097 1590 alla
1114 1529 1195 1609 qual
1212 1528 1378 1591 habiamo

125 1639 200 1692 sotto
222 1632 341 1696 scritto
367 1634 399 1694 el
416 1630 549 1714 Signor
565 1633 736 1697 Carazolo
761 1645 797 1698 et
820 1636 865 1716 i0,
890 1634 1018 1718 pareri
1042 1655 1109 1716 pur
1125 1644 1255 1717 troppo
1271 1636 1380 1718 longa
1438 1636 1440 1639 ’

126 1747 153 1796 et
180 1738 308 1802 tediosa
341 1739 518 1802 eVostra
555 1737 723 1823 Signoria
745 1741 1080 1823 Reverendissima‚
1117 1763 1187 1805 non
1226 1743 1379 1825 dimeno,

123 1845 234 1921 perche
256 1845 348 1908 cossi
371 1846 537 1910 rechiede
562 1849 690 1911 lhonor
714 1859 750 1911 et
772 1848 849 1911 lutil
873 1849 919 1910 de
955 1850 989 1911 la
1022 1846 1135 1911 Santa
1167 1851 1272 1929 sede,
1308 1869 1379 1912 non

122 1951 238 2014 restare
275 1953 408 2016 scriver
445 1973 555 2017 ancor
578 1965 721 2036 questa,
759 1976 825 2037 per
860 1958 895 2018 la
926 1958 1009 2036 qual
1033 1955 1271 2018 l’advertisco
1296 1968 1332 2018 et
1354 1957 1379 2019 li

122 2059 263 2140 supplico
286 2080 325 2122 se
349 2060 458 2142 degni
482 2059 538 2123 far
561 2063 627 2123 che
664 2063 724 2143 pil
758 2071 880 2144 presto
916 2063 945 2124 si
980 2071 1082 2144 pote,
1122 2064 1150 2125 si
1189 2063 1311 2125 habbii
1346 2065 1381 2124 la

123 2165 218 2244 bulla,
257 2189 300 2231 ne
334 2170 370 2231 la
405 2169 488 2249 qual
521 2167 541 2229 ὲ
574 2167 780 2232 dechiarato
805 2169 939 2232 Luther
964 2170 1020 2232 del
1045 2178 1137 2232 tutto
1161 2169 1320 2232 heretico
1345 2183 1381 2232 et

121 2283 306 2337 contumace
331 2284 414 2356 post
437 2276 597 2357 elapsum
620 2277 824 2357 terminum,
858 2297 964 2339 senza
994 2276 1049 2339 far
1078 2277 1233 2340 mention
1266 2297 1311 2339 ne
1335 2278 1380 2339 de

119 2375 252 2461 Hutten,
282 2403 327 2444 ne
359 2383 404 2444 de
429 2381 527 2462 altri,
556 2384 621 2445 che
647 2385 692 2446 de
717 2383 868 2457 Luther;
903 2393 1030 2465 questa
1063 2386 1129 2446 che
1151 2383 1190 2445 fu
1215 2386 1381 2445 mandata

119 2485 224 2549 ultima
247 2491 398 2552 sarebbe
422 2488 625 2568 benissima‚
650 2511 688 2552 se
713 2511 784 2552 non
809 2490 948 2554 iussero
965 2489 1135 2552 nominati
1151 2491 1243 2570 altri,
1268 2489 1381 2572 perhb

117 2609 148 2650 sc.
169 2596 224 2674 pol
249 2597 366 2658 subito
390 2595 563 2660 reformat
587 2607 623 2659 et
647 2599 848 2678 mandaria,
878 2597 1010 2680 perche
1035 2597 1056 2658 l'
1073 2594 1205 2659 official
1230 2597 1274 2659 de
1298 2597 1380 2659 Tre·
1431 2679 1434 2687 Ι

118 2701 179 2760 veri
201 2701 244 2764 m'
261 2705 308 2765 ha
331 2703 429 2766 detto
447 2705 513 2766 che
529 2705 657 2766 alcuno
673 2703 709 2765 di
725 2704 841 2786 questi
858 2704 1027 2787 Principi,
1052 2704 1097 2767 ad
1114 2703 1381 2786 suggestionem

115 2805 221 2887 utique
254 2810 402 2874 alicuius
435 2811 604 2875 causidici
630 2811 841 2891 Lutherani,
875 2811 936 2893 gia
973 2809 1181 2874 comminciac
1215 2810 1290 2874 dire
1315 2813 1381 2873 che

117 2910 211 2977 Cesar
240 2936 310 2979 non
339 2919 386 2980 ha
414 2940 434 2981 a
462 2918 518 2981 far
541 2920 667 2982 alcuno
692 2921 860 2982 mandato
885 2928 1009 2981 contra
1034 2918 1190 2999 Luther‚
1214 2916 1285 2980 fino
1315 2920 1381 2980 che

115 3038 173 3083 non
208 3025 322 3087 consti
360 3026 426 3087 che
450 3025 581 3089 Nostro
610 3024 766 3109 Signore
804 3026 914 3089 lhabii
953 3024 1163 3089 dechiarato
1203 3046 1303 3087 come
1336 3028 1381 3087 de

111 3144 216 3208 sopra.
264 3132 310 3195 Et
333 3152 441 3196 ancer
465 3135 530 3196 che
554 3134 719 3196 habiamo
744 3144 864 3196 nostre
888 3132 1045 3213 regioni,
1070 3134 1136 3195 che
1161 3152 1266 3195 senza
1292 3135 1382 3195 altra

114 3234 345 3302 dechiaration
370 3238 445 3302 Sua
467 3240 604 3303 Maesti
630 3242 746 3303 debbe
771 3240 958 3321 procedet,
985 3260 1055 3302 non
1083 3240 1224 3301 dimeno
1251 3238 1383 3321 perche

112 3341 266 3409 habiarno
291 3348 336 3408 ad
360 3345 519 3411 sarcum
544 3348 637 3411 mille
661 3348 810 3410 terribili
835 3347 942 3429 Capi,
967 3351 1062 3410 bono
1087 3346 1107 3408 ὲ
1130 3348 1242 3408 haver
1266 3346 1382 3408 subito

112 3448 199 3513 detta
222 3454 330 3534 bulla,
355 3456 393 3516 la
414 3457 496 3536 qual
521 3464 642 3535 presto
667 3475 705 3517 se
729 3457 790 3536 pol
814 3452 999 3532 reformar‚
1023 3453 1154 3534 perche
1180 3454 1224 3514 de
1248 3452 1384 3532 produr

110 3568 245 3641 questa,
281 3562 374 3624 dove
407 3560 427 3623 ὲ
461 3562 642 3624 nominato
673 3562 826 3641 Hutten‚
861 3581 930 3623 non
957 3560 976 3622 ὁ
1001 3560 1046 3622 ne
1069 3560 1255 3622 commodo
1281 3558 1324 3619 ne
1348 3559 1383 3619 al

111 3666 287 3747 proposito
320 3688 386 3749 per
417 3667 553 3749 niente,
584 3678 684 3731 tanto
716 3669 782 3730 che
814 3666 1004 3730 habbiamo
1036 3686 1057 3727 a
1081 3664 1137 3727 far
1159 3664 1194 3727 in
1218 3666 1253 3727 la
1276 3662 1382 3743 dieta,

109 3773 232 3848 perche
257 3774 557 3838 concitaressemo
581 3774 676 3838 mille
700 3773 838 3853 fuochi,
872 3794 943 3836 non
974 3773 1054 3835 dico
1078 3792 1145 3854 per
1168 3773 1201 3834 el
1224 3770 1383 3853 pericolo

110 3888 221 3943 nostro
246 3882 444 3964 particolar
468 3891 578 3963 tanto,
603 3891 736 3963 quanto
761 3902 826 3962 per
849 3880 942 3943 assai
966 3878 1106 3960 parenti
1131 3886 1166 3940 et
1190 3876 1292 3939 amici
1316 3876 1384 3939 No-

108 3984 163 4046 bili
186 3989 317 4069 poveri
340 3990 387 4051 ha
406 3988 552 4069 Hutten,
579 3992 610 4051 el
634 3990 715 4070 qual
740 3988 777 4049 fa
800 4008 869 4069 pur
892 3996 1026 4068 troppo
1051 3986 1097 4047 de
1121 3987 1190 4047 mal
1214 4006 1235 4046 a
1258 3992 1384 4065 questo

108 4096 214 4172 mode,
240 4106 280 4159 et
307 4094 337 4159 ci
356 4098 499 4160 retarda
516 4116 595 4158 cum
624 4114 685 4156 sue
713 4094 874 4176 pratiche
889 4093 975 4175 ogni
990 4102 1112 4155 nostro
1136 4100 1222 4154 atto.
1269 4090 1384 4153 Senza

108 4201 177 4262 chel
201 4224 241 4266 se
267 4204 359 4266 irriti
385 4204 445 4285 pili
469 4224 534 4285 per
558 4205 591 4265 el
615 4210 798 4283 presente,
830 4199 994 4263 confesso
1019 4201 1086 4261 che
1111 4199 1245 4261 Hutten
1271 4198 1291 4259 e
1315 4218 1384 4260 una

107 4308 228 4391 bestia,
266 4320 306 4373 et
339 4312 375 4373 di
403 4331 496 4392 poco
529 4322 635 4391 poter
658 4329 723 4391 per
747 4328 803 4388 se,
837 4330 894 4371 ma
923 4308 959 4369 in
984 4306 1098 4388 questi
1123 4316 1213 4368 tanti
1236 4304 1385 4384 tumulti,

108 4414 165 4477 che
187 4426 284 4480 tutto
312 4420 344 4480 el
369 4418 498 4481 mondo
523 4416 554 4479 ci
579 4416 598 4478 ὲ
623 4426 756 4496 contra,
781 4425 816 4477 et
840 4414 865 4477 li
888 4414 947 4497 pit
973 4414 1111 4494 grandi,
1137 4412 1222 4495 ogni
1245 4412 1384 4495 piccolo

105 4520 202 4586 homo
227 4544 325 4588 noce
349 4524 452 4587 assai.

187 4631 367 4695 Preterea
389 4631 521 4713 perche
546 4630 564 4693 ὲ
589 4648 774 4692 commune
798 4627 893 4689 fama
916 4628 983 4690 che
999 4627 1134 4690 Luther
1157 4627 1187 4690 si
1210 4625 1310 4689 habii
1333 4645 1383 4688 re·

104 4736 183 4800 tirar
206 4739 243 4802 in
270 4738 434 4820 Boemia,
458 4741 531 4801 bon
555 4739 708 4800 sarebbe
732 4736 798 4799 che
821 4734 969 4817 pervia
993 4734 1038 4797 de
1063 4734 1250 4815 Hungaria
1273 4754 1311 4795 se
1335 4732 1383 4795 fa·

103 4861 196 4909 cesse
219 4854 353 4929 presta
375 4844 576 4928 provision,
612 4846 678 4907 che
712 4845 770 4906 nel
805 4861 932 4924 passer
963 4843 997 4904 el
1020 4841 1117 4904 fusse
1141 4860 1262 4923 preSO,
1302 4849 1386 4903 ante

104 4950 163 5014 che
197 4950 220 5016 l'
236 4953 397 5017 intrasse
429 4954 465 5017 in
501 4950 665 5033 Boemia,
703 4951 833 5033 perche
867 4948 976 5031 dopoi
1009 4948 1088 5011 sera
1116 4945 1325 5009 difficillimo
1349 4955 1387 5009 et
