<?xml version="1.0" encoding="UTF-8"?>
<!DOCTYPE html PUBLIC "-//W3C//DTD XHTML 1.0 Transitional//EN"
    "http://www.w3.org/TR/xhtml1/DTD/xhtml1-transitional.dtd">
<html xmlns="http://www.w3.org/1999/xhtml" xml:lang="en" lang="en">
 <head>
  <title>
</title>
<meta http-equiv="Content-Type" content="text/html;charset=utf-8" />
  <meta name='ocr-system' content='tesseract 3.04.00' />
  <meta name='ocr-capabilities' content='ocr_page ocr_carea ocr_par ocr_line ocrx_word'/>
</head>
<body>
  <div class='ocr_page' id='page_1' title='image "./monumentareform00unkngoog/monumentareform00unkngoog_0063.png"; bbox 0 0 3425 5700; ppageno 0'>
   <div class='ocr_carea' id='block_1_1' title="bbox 657 582 887 642">
    <p class='ocr_par' dir='ltr' id='par_1_1' title="bbox 657 582 887 642">
     <span class='ocr_line' id='line_1_1' title="bbox 657 582 887 642; baseline 0 -1"><span class='ocrx_word' id='word_1_1' title='bbox 657 582 887 642; x_wconf 36' lang='lat'><strong>&amp;3530</strong></span> 
     </span>
    </p>
   </div>
   <div class='ocr_carea' id='block_1_2' title="bbox 141 704 1473 4879">
    <p class='ocr_par' dir='ltr' id='par_1_2' title="bbox 141 704 1473 4879">
     <span class='ocr_line' id='line_1_2' title="bbox 141 704 1473 814; baseline 0 -20"><span class='ocrx_word' id='word_1_2' title='bbox 141 731 260 814; x_wconf 86' lang='lat' dir='ltr'><strong>inclyta</strong></span> <span class='ocrx_word' id='word_1_3' title='bbox 284 730 496 795; x_wconf 84' lang='lat' dir='ltr'>Germaniae</span> <span class='ocrx_word' id='word_1_4' title='bbox 529 741 613 796; x_wconf 90' lang='lat' dir='ltr'><strong>tuae</strong></span> <span class='ocrx_word' id='word_1_5' title='bbox 645 734 787 795; x_wconf 89' lang='lat' dir='ltr'><strong>natione</strong></span> <span class='ocrx_word' id='word_1_6' title='bbox 819 742 965 794; x_wconf 91' lang='lat' dir='ltr'><strong>auctore</strong></span> <span class='ocrx_word' id='word_1_7' title='bbox 989 734 1144 813; x_wconf 91' lang='lat' dir='ltr'><strong>quodam</strong></span> <span class='ocrx_word' id='word_1_8' title='bbox 1168 729 1322 795; x_wconf 89' lang='lat' dir='ltr'><strong>Martino</strong></span> <span class='ocrx_word' id='word_1_9' title='bbox 1346 729 1413 794; x_wconf 93' lang='lat' dir='ltr'><strong>Lu·</strong></span> <span class='ocrx_word' id='word_1_10' title='bbox 1468 704 1473 718; x_wconf 49' lang='lat'><strong><em>¹</em></strong></span> 
     </span>
     <span class='ocr_line' id='line_1_3' title="bbox 141 838 1413 920; baseline 0 -20"><span class='ocrx_word' id='word_1_11' title='bbox 141 841 230 902; x_wconf 89' lang='lat' dir='ltr'><strong>thero</strong></span> <span class='ocrx_word' id='word_1_12' title='bbox 255 839 418 903; x_wconf 88' lang='lat' dir='ltr'><strong>seminati</strong></span> <span class='ocrx_word' id='word_1_13' title='bbox 448 839 541 903; x_wconf 91' lang='lat' dir='ltr'><strong>etin</strong></span> <span class='ocrx_word' id='word_1_14' title='bbox 566 839 664 902; x_wconf 92' lang='lat' dir='ltr'><strong>libris</strong></span> <span class='ocrx_word' id='word_1_15' title='bbox 688 839 870 920; x_wconf 86' lang='lat' dir='ltr'>impressis</span> <span class='ocrx_word' id='word_1_16' title='bbox 892 839 1035 920; x_wconf 90' lang='lat' dir='ltr'><strong>publice</strong></span> <span class='ocrx_word' id='word_1_17' title='bbox 1050 838 1225 920; x_wconf 87' lang='lat' dir='ltr'><strong>divulgati</strong></span> <span class='ocrx_word' id='word_1_18' title='bbox 1251 838 1413 918; x_wconf 87' lang='lat' dir='ltr'><strong>fuissent,</strong></span> 
     </span>
     <span class='ocr_line' id='line_1_4' title="bbox 142 944 1415 1028; baseline 0 -20"><span class='ocrx_word' id='word_1_19' title='bbox 142 966 176 1008; x_wconf 87' lang='lat' dir='ltr'><strong>ac</strong></span> <span class='ocrx_word' id='word_1_20' title='bbox 195 947 353 1009; x_wconf 85' lang='lat' dir='ltr'><strong>nonnulli</strong></span> <span class='ocrx_word' id='word_1_21' title='bbox 378 947 437 1009; x_wconf 91' lang='lat' dir='ltr'><strong>alii</strong></span> <span class='ocrx_word' id='word_1_22' title='bbox 462 950 508 1009; x_wconf 90' lang='lat' dir='ltr'><strong>ab</strong></span> <span class='ocrx_word' id='word_1_23' title='bbox 526 947 652 1009; x_wconf 89' lang='lat' dir='ltr'><strong>eodem</strong></span> <span class='ocrx_word' id='word_1_24' title='bbox 668 946 824 1008; x_wconf 90' lang='lat' dir='ltr'><strong>Martino</strong></span> <span class='ocrx_word' id='word_1_25' title='bbox 842 944 1025 1008; x_wconf 84' lang='lat' dir='ltr'><strong>seditionis</strong></span> <span class='ocrx_word' id='word_1_26' title='bbox 1042 944 1225 1008; x_wconf 82' lang='lat' dir='ltr'><strong>materiam</strong></span> <span class='ocrx_word' id='word_1_27' title='bbox 1243 956 1415 1028; x_wconf 81' lang='lat' dir='ltr'><strong>querente</strong></span> 
     </span>
     <span class='ocr_line' id='line_1_5' title="bbox 142 1052 1415 1135; baseline -0.001 -20"><span class='ocrx_word' id='word_1_28' title='bbox 142 1053 266 1116; x_wconf 88' lang='lat' dir='ltr'><strong>seducti</strong></span> <span class='ocrx_word' id='word_1_29' title='bbox 297 1053 496 1134; x_wconf 88' lang='lat' dir='ltr'><strong>hujusmodi</strong></span> <span class='ocrx_word' id='word_1_30' title='bbox 527 1053 707 1116; x_wconf 88' lang='lat' dir='ltr'><strong>erroribus</strong></span> <span class='ocrx_word' id='word_1_31' title='bbox 741 1054 981 1133; x_wconf 92' lang='lat' dir='ltr'><strong>adhesissent,</strong></span> <span class='ocrx_word' id='word_1_32' title='bbox 1015 1052 1122 1132; x_wconf 89' lang='lat' dir='ltr'><strong>hique</strong></span> <span class='ocrx_word' id='word_1_33' title='bbox 1152 1053 1242 1114; x_wconf 90' lang='lat' dir='ltr'><strong>alios</strong></span> <span class='ocrx_word' id='word_1_34' title='bbox 1270 1053 1415 1135; x_wconf 88' lang='lat' dir='ltr'><strong>insuper</strong></span> 
     </span>
     <span class='ocr_line' id='line_1_6' title="bbox 142 1159 1414 1251; baseline 0.002 -31"><span class='ocrx_word' id='word_1_35' title='bbox 142 1159 198 1242; x_wconf 91' lang='lat' dir='ltr'><strong>ipsi</strong></span> <span class='ocrx_word' id='word_1_36' title='bbox 222 1160 506 1241; x_wconf 79' lang='lat' dir='ltr'><strong>excogitassent3</strong></span> <span class='ocrx_word' id='word_1_37' title='bbox 532 1160 617 1236; x_wconf 83' lang='lat' dir='ltr'><strong>Nos,</strong></span> <span class='ocrx_word' id='word_1_38' title='bbox 642 1179 791 1242; x_wconf 90' lang='lat' dir='ltr'><strong>quorum</strong></span> <span class='ocrx_word' id='word_1_39' title='bbox 815 1160 999 1242; x_wconf 90' lang='lat' dir='ltr'><strong>proprium</strong></span> <span class='ocrx_word' id='word_1_40' title='bbox 1023 1159 1178 1223; x_wconf 86' lang='lat' dir='ltr'><strong>officium</strong></span> <span class='ocrx_word' id='word_1_41' title='bbox 1203 1169 1258 1222; x_wconf 88' lang='lat' dir='ltr'><strong>est</strong></span> <span class='ocrx_word' id='word_1_42' title='bbox 1276 1160 1414 1251; x_wconf 79' lang='lat' dir='ltr'><strong>vineam</strong></span> 
     </span>
     <span class='ocr_line' id='line_1_7' title="bbox 141 1265 1416 1349; baseline 0 -21"><span class='ocrx_word' id='word_1_43' title='bbox 141 1267 272 1330; x_wconf 88' lang='lat' dir='ltr'><strong>Domini</strong></span> <span class='ocrx_word' id='word_1_44' title='bbox 304 1265 506 1349; x_wconf 90' lang='lat' dir='ltr'><strong>hujusmodi</strong></span> <span class='ocrx_word' id='word_1_45' title='bbox 529 1267 700 1349; x_wconf 91' lang='lat' dir='ltr'><strong>vepribus</strong></span> <span class='ocrx_word' id='word_1_46' title='bbox 724 1268 759 1328; x_wconf 90' lang='lat' dir='ltr'><strong>in</strong></span> <span class='ocrx_word' id='word_1_47' title='bbox 785 1287 827 1328; x_wconf 90' lang='lat' dir='ltr'><strong>ea</strong></span> <span class='ocrx_word' id='word_1_48' title='bbox 851 1267 1078 1328; x_wconf 90' lang='lat' dir='ltr'><strong>nascentibus</strong></span> <span class='ocrx_word' id='word_1_49' title='bbox 1097 1286 1265 1349; x_wconf 87' lang='lat' dir='ltr'><strong>purgare,</strong></span> <span class='ocrx_word' id='word_1_50' title='bbox 1288 1287 1331 1329; x_wconf 91' lang='lat' dir='ltr'><strong>ac</strong></span> <span class='ocrx_word' id='word_1_51' title='bbox 1348 1267 1416 1329; x_wconf 92' lang='lat' dir='ltr'><strong>Dei</strong></span> 
     </span>
     <span class='ocr_line' id='line_1_8' title="bbox 142 1373 1417 1457; baseline 0.002 -23"><span class='ocrx_word' id='word_1_52' title='bbox 142 1373 313 1437; x_wconf 82' lang='lat' dir='ltr'><strong>Ecclesiae</strong></span> <span class='ocrx_word' id='word_1_53' title='bbox 343 1373 514 1436; x_wconf 89' lang='lat' dir='ltr'><strong>unitatem</strong></span> <span class='ocrx_word' id='word_1_54' title='bbox 546 1383 715 1455; x_wconf 91' lang='lat' dir='ltr'><strong>quantum</strong></span> <span class='ocrx_word' id='word_1_55' title='bbox 746 1374 780 1435; x_wconf 93' lang='lat' dir='ltr'><strong>in</strong></span> <span class='ocrx_word' id='word_1_56' title='bbox 815 1373 919 1435; x_wconf 92' lang='lat' dir='ltr'><strong>nobis</strong></span> <span class='ocrx_word' id='word_1_57' title='bbox 955 1384 1008 1435; x_wconf 88' lang='lat' dir='ltr'><strong>est</strong></span> <span class='ocrx_word' id='word_1_58' title='bbox 1044 1385 1240 1455; x_wconf 89' lang='lat' dir='ltr'><strong>praeeunte</strong></span> <span class='ocrx_word' id='word_1_59' title='bbox 1276 1394 1417 1457; x_wconf 85' lang='lat' dir='ltr'><strong>semper</strong></span> 
     </span>
     <span class='ocr_line' id='line_1_9' title="bbox 143 1479 1416 1563; baseline 0.002 -22"><span class='ocrx_word' id='word_1_60' title='bbox 143 1481 282 1544; x_wconf 85' lang='lat' dir='ltr'><strong>Domino</strong></span> <span class='ocrx_word' id='word_1_61' title='bbox 314 1500 529 1544; x_wconf 89' lang='lat' dir='ltr'><strong>conservare</strong></span> <span class='ocrx_word' id='word_1_62' title='bbox 560 1501 600 1542; x_wconf 90' lang='lat' dir='ltr'><strong>ac</strong></span> <span class='ocrx_word' id='word_1_63' title='bbox 625 1480 793 1562; x_wconf 89' lang='lat' dir='ltr'><strong>periculis</strong></span> <span class='ocrx_word' id='word_1_64' title='bbox 818 1491 854 1542; x_wconf 92' lang='lat' dir='ltr'><strong>et</strong></span> <span class='ocrx_word' id='word_1_65' title='bbox 878 1479 1134 1543; x_wconf 89' lang='lat' dir='ltr'><strong>offensionibus</strong></span> <span class='ocrx_word' id='word_1_66' title='bbox 1157 1481 1345 1563; x_wconf 88' lang='lat' dir='ltr'><strong>presertim</strong></span> <span class='ocrx_word' id='word_1_67' title='bbox 1370 1483 1416 1543; x_wconf 90' lang='lat' dir='ltr'><strong>la-</strong></span> 
     </span>
     <span class='ocr_line' id='line_1_10' title="bbox 142 1586 1415 1670; baseline 0.001 -22"><span class='ocrx_word' id='word_1_68' title='bbox 142 1587 200 1650; x_wconf 89' lang='lat' dir='ltr'><strong>tius</strong></span> <span class='ocrx_word' id='word_1_69' title='bbox 224 1599 259 1650; x_wconf 88' lang='lat' dir='ltr'><strong>et</strong></span> <span class='ocrx_word' id='word_1_70' title='bbox 282 1589 318 1650; x_wconf 93' lang='lat' dir='ltr'><strong>in</strong></span> <span class='ocrx_word' id='word_1_71' title='bbox 343 1587 576 1670; x_wconf 90' lang='lat' dir='ltr'><strong>complurium</strong></span> <span class='ocrx_word' id='word_1_72' title='bbox 600 1589 851 1650; x_wconf 90' lang='lat' dir='ltr'><strong>detrimentum</strong></span> <span class='ocrx_word' id='word_1_73' title='bbox 875 1586 1102 1650; x_wconf 83' lang='lat' dir='ltr'><strong>manantibus</strong></span> <span class='ocrx_word' id='word_1_74' title='bbox 1127 1589 1286 1669; x_wconf 90' lang='lat' dir='ltr'><strong>obviare,</strong></span> <span class='ocrx_word' id='word_1_75' title='bbox 1310 1608 1349 1650; x_wconf 93' lang='lat' dir='ltr'><strong>re</strong></span> <span class='ocrx_word' id='word_1_76' title='bbox 1367 1587 1415 1649; x_wconf 93' lang='lat' dir='ltr'><strong>di-</strong></span> 
     </span>
     <span class='ocr_line' id='line_1_11' title="bbox 141 1694 1418 1776; baseline 0.002 -21"><span class='ocrx_word' id='word_1_77' title='bbox 141 1694 361 1775; x_wconf 83' lang='lat' dir='ltr'><strong>ligentissime</strong></span> <span class='ocrx_word' id='word_1_78' title='bbox 384 1694 482 1776; x_wconf 91' lang='lat' dir='ltr'><strong>prius</strong></span> <span class='ocrx_word' id='word_1_79' title='bbox 507 1714 586 1757; x_wconf 94' lang='lat' dir='ltr'><strong>cum</strong></span> <span class='ocrx_word' id='word_1_80' title='bbox 610 1694 758 1758; x_wconf 91' lang='lat' dir='ltr'><strong>consilio</strong></span> <span class='ocrx_word' id='word_1_81' title='bbox 783 1694 954 1773; x_wconf 89' lang='lat' dir='ltr'><strong>discussa,</strong></span> <span class='ocrx_word' id='word_1_82' title='bbox 980 1695 1024 1757; x_wconf 91' lang='lat' dir='ltr'><strong>de</strong></span> <span class='ocrx_word' id='word_1_83' title='bbox 1048 1694 1197 1757; x_wconf 83' lang='lat' dir='ltr'><strong>fratrum</strong></span> <span class='ocrx_word' id='word_1_84' title='bbox 1217 1706 1418 1757; x_wconf 90' lang='lat' dir='ltr'><strong>nostrorum</strong></span> 
     </span>
     <span class='ocr_line' id='line_1_12' title="bbox 143 1800 1417 1884; baseline 0.001 -22"><span class='ocrx_word' id='word_1_85' title='bbox 143 1802 310 1866; x_wconf 86' lang='lat' dir='ltr'><strong>sententia</strong></span> <span class='ocrx_word' id='word_1_86' title='bbox 334 1821 474 1869; x_wconf 83' lang='lat' dir='ltr'><strong>errores</strong></span> <span class='ocrx_word' id='word_1_87' title='bbox 498 1803 595 1883; x_wconf 89' lang='lat' dir='ltr'><strong>ipsos</strong></span> <span class='ocrx_word' id='word_1_88' title='bbox 619 1801 748 1883; x_wconf 90' lang='lat' dir='ltr'><strong>partim</strong></span> <span class='ocrx_word' id='word_1_89' title='bbox 765 1801 876 1864; x_wconf 87' lang='lat' dir='ltr'><strong>falsos</strong></span> <span class='ocrx_word' id='word_1_90' title='bbox 893 1821 934 1863; x_wconf 91' lang='lat' dir='ltr'><strong>ac</strong></span> <span class='ocrx_word' id='word_1_91' title='bbox 951 1800 1163 1882; x_wconf 64' lang='lat' dir='ltr'><strong>haereticos</strong></span> <span class='ocrx_word' id='word_1_92' title='bbox 1186 1803 1314 1884; x_wconf 90' lang='lat' dir='ltr'><strong>partim</strong></span> <span class='ocrx_word' id='word_1_93' title='bbox 1331 1820 1417 1863; x_wconf 89' lang='lat' dir='ltr'><strong>vero</strong></span> 
     </span>
     <span class='ocr_line' id='line_1_13' title="bbox 142 1908 1418 1990; baseline 0 -21"><span class='ocrx_word' id='word_1_94' title='bbox 142 1928 160 1968; x_wconf 92' lang='lat' dir='ltr'><strong>a</strong></span> <span class='ocrx_word' id='word_1_95' title='bbox 181 1908 369 1971; x_wconf 89' lang='lat' dir='ltr'><strong>christiana</strong></span> <span class='ocrx_word' id='word_1_96' title='bbox 393 1909 528 1990; x_wconf 89' lang='lat' dir='ltr'><strong>pietate</strong></span> <span class='ocrx_word' id='word_1_97' title='bbox 552 1911 762 1972; x_wconf 88' lang='lat' dir='ltr'><strong>aberrantes</strong></span> <span class='ocrx_word' id='word_1_98' title='bbox 791 1924 827 1971; x_wconf 90' lang='lat' dir='ltr'><strong>et</strong></span> <span class='ocrx_word' id='word_1_99' title='bbox 850 1919 969 1971; x_wconf 86' lang='lat' dir='ltr'><strong>rectas</strong></span> <span class='ocrx_word' id='word_1_100' title='bbox 992 1908 1155 1971; x_wconf 88' lang='lat' dir='ltr'><strong>ledentes</strong></span> <span class='ocrx_word' id='word_1_101' title='bbox 1180 1908 1418 1971; x_wconf 88' lang='lat' dir='ltr'><strong>conscientias</strong></span> 
     </span>
     <span class='ocr_line' id='line_1_14' title="bbox 141 2014 1418 2096; baseline 0.001 -21"><span class='ocrx_word' id='word_1_102' title='bbox 141 2014 321 2078; x_wconf 88' lang='lat' dir='ltr'><strong>iudicando</strong></span> <span class='ocrx_word' id='word_1_103' title='bbox 346 2015 602 2096; x_wconf 86' lang='lat' dir='ltr'><strong>damnavimus,</strong></span> <span class='ocrx_word' id='word_1_104' title='bbox 628 2036 669 2077; x_wconf 88' lang='lat' dir='ltr'><strong>ac</strong></span> <span class='ocrx_word' id='word_1_105' title='bbox 687 2016 843 2096; x_wconf 84' lang='lat' dir='ltr'><strong>ejusdem</strong></span> <span class='ocrx_word' id='word_1_106' title='bbox 860 2015 1004 2077; x_wconf 91' lang='lat' dir='ltr'><strong>Martini</strong></span> <span class='ocrx_word' id='word_1_107' title='bbox 1020 2015 1130 2077; x_wconf 91' lang='lat' dir='ltr'><strong>libros</strong></span> <span class='ocrx_word' id='word_1_108' title='bbox 1146 2015 1261 2078; x_wconf 88' lang='lat' dir='ltr'><strong>dictos</strong></span> <span class='ocrx_word' id='word_1_109' title='bbox 1277 2035 1418 2078; x_wconf 90' lang='lat' dir='ltr'><strong>errores</strong></span> 
     </span>
     <span class='ocr_line' id='line_1_15' title="bbox 149 2121 1420 2204; baseline 0.001 -22"><span class='ocrx_word' id='word_1_110' title='bbox 149 2125 207 2184; x_wconf 88' lang='lat' dir='ltr'><strong>sed</strong></span> <span class='ocrx_word' id='word_1_111' title='bbox 232 2122 374 2204; x_wconf 87' lang='lat' dir='ltr'><strong>aliquod</strong></span> <span class='ocrx_word' id='word_1_112' title='bbox 400 2144 521 2186; x_wconf 90' lang='lat' dir='ltr'><strong>eorum</strong></span> <span class='ocrx_word' id='word_1_113' title='bbox 547 2123 582 2186; x_wconf 94' lang='lat' dir='ltr'><strong>in</strong></span> <span class='ocrx_word' id='word_1_114' title='bbox 607 2145 645 2186; x_wconf 92' lang='lat' dir='ltr'><strong>se</strong></span> <span class='ocrx_word' id='word_1_115' title='bbox 670 2123 902 2186; x_wconf 90' lang='lat' dir='ltr'><strong>continentes.</strong></span> <span class='ocrx_word' id='word_1_116' title='bbox 945 2123 1057 2204; x_wconf 85' lang='lat' dir='ltr'><strong>Igitur</strong></span> <span class='ocrx_word' id='word_1_117' title='bbox 1081 2121 1258 2203; x_wconf 91' lang='lat' dir='ltr'><strong>comburi,</strong></span> <span class='ocrx_word' id='word_1_118' title='bbox 1282 2121 1420 2204; x_wconf 91' lang='lat' dir='ltr'><strong>ipsique</strong></span> 
     </span>
     <span class='ocr_line' id='line_1_16' title="bbox 142 2228 1418 2312; baseline -0.001 -21"><span class='ocrx_word' id='word_1_119' title='bbox 142 2228 285 2292; x_wconf 87' lang='lat' dir='ltr'><strong>Martino</strong></span> <span class='ocrx_word' id='word_1_120' title='bbox 320 2239 359 2292; x_wconf 88' lang='lat' dir='ltr'><strong>ut</strong></span> <span class='ocrx_word' id='word_1_121' title='bbox 388 2234 435 2293; x_wconf 90' lang='lat' dir='ltr'><strong>ab</strong></span> <span class='ocrx_word' id='word_1_122' title='bbox 467 2231 562 2294; x_wconf 92' lang='lat' dir='ltr'><strong>omni</strong></span> <span class='ocrx_word' id='word_1_123' title='bbox 592 2229 835 2312; x_wconf 87' lang='lat' dir='ltr'><strong>predicatione</strong></span> <span class='ocrx_word' id='word_1_124' title='bbox 870 2238 905 2292; x_wconf 92' lang='lat' dir='ltr'><strong>et</strong></span> <span class='ocrx_word' id='word_1_125' title='bbox 937 2229 1177 2311; x_wconf 89' lang='lat' dir='ltr'><strong>disputatione</strong></span> <span class='ocrx_word' id='word_1_126' title='bbox 1210 2229 1418 2309; x_wconf 87' lang='lat' dir='ltr'><strong>abstineret,</strong></span> 
     </span>
     <span class='ocr_line' id='line_1_17' title="bbox 144 2336 1421 2418; baseline 0.001 -21"><span class='ocrx_word' id='word_1_127' title='bbox 144 2356 181 2398; x_wconf 87' lang='lat' dir='ltr'><strong>ac</strong></span> <span class='ocrx_word' id='word_1_128' title='bbox 203 2336 294 2400; x_wconf 89' lang='lat' dir='ltr'><strong>infra</strong></span> <span class='ocrx_word' id='word_1_129' title='bbox 318 2349 453 2400; x_wconf 88' lang='lat' dir='ltr'><strong>certum</strong></span> <span class='ocrx_word' id='word_1_130' title='bbox 477 2348 563 2401; x_wconf 90' lang='lat' dir='ltr'><strong>tunc</strong></span> <span class='ocrx_word' id='word_1_131' title='bbox 587 2357 796 2418; x_wconf 85' lang='lat' dir='ltr'><strong>expressum</strong></span> <span class='ocrx_word' id='word_1_132' title='bbox 814 2337 1001 2400; x_wconf 89' lang='lat' dir='ltr'><strong>terminum</strong></span> <span class='ocrx_word' id='word_1_133' title='bbox 1018 2336 1128 2398; x_wconf 89' lang='lat' dir='ltr'><strong>libros</strong></span> <span class='ocrx_word' id='word_1_134' title='bbox 1145 2339 1191 2399; x_wconf 92' lang='lat' dir='ltr'><strong>ab</strong></span> <span class='ocrx_word' id='word_1_135' title='bbox 1208 2356 1287 2399; x_wconf 90' lang='lat' dir='ltr'><strong>sese</strong></span> <span class='ocrx_word' id='word_1_136' title='bbox 1303 2337 1421 2399; x_wconf 89' lang='lat' dir='ltr'><strong>editos</strong></span> 
     </span>
     <span class='ocr_line' id='line_1_18' title="bbox 144 2443 1421 2525; baseline 0.001 -21"><span class='ocrx_word' id='word_1_137' title='bbox 144 2446 378 2524; x_wconf 86' lang='lat' dir='ltr'><strong>combureret,</strong></span> <span class='ocrx_word' id='word_1_138' title='bbox 410 2465 620 2525; x_wconf 91' lang='lat' dir='ltr'><strong>erroresque</strong></span> <span class='ocrx_word' id='word_1_139' title='bbox 653 2444 688 2505; x_wconf 94' lang='lat' dir='ltr'><strong>in</strong></span> <span class='ocrx_word' id='word_1_140' title='bbox 712 2443 816 2506; x_wconf 90' lang='lat' dir='ltr'><strong>dictis</strong></span> <span class='ocrx_word' id='word_1_141' title='bbox 840 2444 940 2506; x_wconf 91' lang='lat' dir='ltr'><strong>libris</strong></span> <span class='ocrx_word' id='word_1_142' title='bbox 965 2454 1152 2506; x_wconf 91' lang='lat' dir='ltr'><strong>contentos</strong></span> <span class='ocrx_word' id='word_1_143' title='bbox 1174 2454 1362 2507; x_wconf 88' lang='lat' dir='ltr'><strong>revocaret</strong></span> <span class='ocrx_word' id='word_1_144' title='bbox 1386 2453 1421 2506; x_wconf 93' lang='lat' dir='ltr'><strong>et</strong></span> 
     </span>
     <span class='ocr_line' id='line_1_19' title="bbox 145 2549 1419 2633; baseline 0.002 -24"><span class='ocrx_word' id='word_1_145' title='bbox 145 2550 185 2609; x_wconf 90' lang='lat' dir='ltr'><strong>de</strong></span> <span class='ocrx_word' id='word_1_146' title='bbox 207 2550 433 2613; x_wconf 89' lang='lat' dir='ltr'><strong>revocatione</strong></span> <span class='ocrx_word' id='word_1_147' title='bbox 456 2553 535 2633; x_wconf 89' lang='lat' dir='ltr'><strong>ipsa</strong></span> <span class='ocrx_word' id='word_1_148' title='bbox 558 2572 625 2613; x_wconf 92' lang='lat' dir='ltr'><strong>nos</strong></span> <span class='ocrx_word' id='word_1_149' title='bbox 651 2550 821 2614; x_wconf 86' lang='lat' dir='ltr'><strong>certiores</strong></span> <span class='ocrx_word' id='word_1_150' title='bbox 845 2550 994 2630; x_wconf 84' lang='lat' dir='ltr'><strong>faceret,</strong></span> <span class='ocrx_word' id='word_1_151' title='bbox 1017 2551 1075 2612; x_wconf 92' lang='lat' dir='ltr'><strong>vel</strong></span> <span class='ocrx_word' id='word_1_152' title='bbox 1099 2549 1176 2632; x_wconf 91' lang='lat' dir='ltr'><strong>ipse</strong></span> <span class='ocrx_word' id='word_1_153' title='bbox 1201 2552 1247 2612; x_wconf 88' lang='lat' dir='ltr'><strong>ad</strong></span> <span class='ocrx_word' id='word_1_154' title='bbox 1271 2571 1338 2613; x_wconf 91' lang='lat' dir='ltr'><strong>nos</strong></span> <span class='ocrx_word' id='word_1_155' title='bbox 1354 2553 1419 2613; x_wconf 92' lang='lat' dir='ltr'><strong>sub</strong></span> 
     </span>
     <span class='ocr_line' id='line_1_20' title="bbox 144 2653 1420 2738; baseline 0.004 -23"><span class='ocrx_word' id='word_1_156' title='bbox 144 2653 210 2716; x_wconf 88' lang='lat' dir='ltr'><strong>fide</strong></span> <span class='ocrx_word' id='word_1_157' title='bbox 239 2667 360 2720; x_wconf 89' lang='lat' dir='ltr'><strong>nostra</strong></span> <span class='ocrx_word' id='word_1_158' title='bbox 391 2658 435 2719; x_wconf 90' lang='lat' dir='ltr'><strong>de</strong></span> <span class='ocrx_word' id='word_1_159' title='bbox 470 2659 571 2722; x_wconf 88' lang='lat' dir='ltr'><strong>salvo</strong></span> <span class='ocrx_word' id='word_1_160' title='bbox 606 2659 785 2720; x_wconf 90' lang='lat' dir='ltr'><strong>conductu</strong></span> <span class='ocrx_word' id='word_1_161' title='bbox 815 2657 848 2720; x_wconf 91' lang='lat' dir='ltr'><strong>ei</strong></span> <span class='ocrx_word' id='word_1_162' title='bbox 880 2679 901 2719; x_wconf 96' lang='lat' dir='ltr'><strong>a</strong></span> <span class='ocrx_word' id='word_1_163' title='bbox 931 2656 1034 2719; x_wconf 90' lang='lat' dir='ltr'><strong>nobis</strong></span> <span class='ocrx_word' id='word_1_164' title='bbox 1066 2676 1238 2720; x_wconf 89' lang='lat' dir='ltr'><strong>concesso</strong></span> <span class='ocrx_word' id='word_1_165' title='bbox 1270 2658 1420 2738; x_wconf 89' lang='lat' dir='ltr'><strong>veniret,</strong></span> 
     </span>
     <span class='ocr_line' id='line_1_21' title="bbox 145 2763 1422 2846; baseline 0.003 -23"><span class='ocrx_word' id='word_1_166' title='bbox 145 2763 361 2844; x_wconf 86' lang='lat' dir='ltr'><strong>precepimus</strong></span> <span class='ocrx_word' id='word_1_167' title='bbox 385 2775 492 2846; x_wconf 87' lang='lat' dir='ltr'><strong>atque</strong></span> <span class='ocrx_word' id='word_1_168' title='bbox 516 2763 771 2827; x_wconf 84' lang='lat' dir='ltr'><strong>mandavimus</strong></span> <span class='ocrx_word' id='word_1_169' title='bbox 819 2763 958 2845; x_wconf 71' lang='lat' dir='ltr'><strong>Quibus</strong></span> <span class='ocrx_word' id='word_1_170' title='bbox 983 2763 1158 2826; x_wconf 88' lang='lat' dir='ltr'><strong>mandatis</strong></span> <span class='ocrx_word' id='word_1_171' title='bbox 1180 2765 1310 2827; x_wconf 90' lang='lat' dir='ltr'><strong>nostris</strong></span> <span class='ocrx_word' id='word_1_172' title='bbox 1343 2784 1422 2827; x_wconf 91' lang='lat' dir='ltr'><strong>cum</strong></span> 
     </span>
     <span class='ocr_line' id='line_1_22' title="bbox 147 2871 1423 2955; baseline 0.003 -24"><span class='ocrx_word' id='word_1_173' title='bbox 147 2888 262 2949; x_wconf 89' lang='lat' dir='ltr'><strong>parere</strong></span> <span class='ocrx_word' id='word_1_174' title='bbox 285 2871 315 2935; x_wconf 90' lang='lat' dir='ltr'><strong>is</strong></span> <span class='ocrx_word' id='word_1_175' title='bbox 340 2872 611 2955; x_wconf 90' lang='lat' dir='ltr'><strong>contempsisset</strong></span> <span class='ocrx_word' id='word_1_176' title='bbox 634 2892 675 2934; x_wconf 90' lang='lat' dir='ltr'><strong>ac</strong></span> <span class='ocrx_word' id='word_1_177' title='bbox 701 2872 735 2933; x_wconf 92' lang='lat' dir='ltr'><strong>in</strong></span> <span class='ocrx_word' id='word_1_178' title='bbox 759 2872 851 2935; x_wconf 86' lang='lat' dir='ltr'><strong>falsa</strong></span> <span class='ocrx_word' id='word_1_179' title='bbox 871 2892 935 2934; x_wconf 90' lang='lat' dir='ltr'><strong>sua</strong></span> <span class='ocrx_word' id='word_1_180' title='bbox 957 2872 1133 2934; x_wconf 88' lang='lat' dir='ltr'><strong>sententia</strong></span> <span class='ocrx_word' id='word_1_181' title='bbox 1155 2872 1321 2953; x_wconf 84' lang='lat' dir='ltr'><strong>pertinax</strong></span> <span class='ocrx_word' id='word_1_182' title='bbox 1344 2894 1423 2935; x_wconf 89' lang='lat' dir='ltr'><strong>esse</strong></span> 
     </span>
     <span class='ocr_line' id='line_1_23' title="bbox 148 2978 1421 3062; baseline 0.002 -24"><span class='ocrx_word' id='word_1_183' title='bbox 148 2996 243 3055; x_wconf 90' lang='lat' dir='ltr'><strong>quam</strong></span> <span class='ocrx_word' id='word_1_184' title='bbox 266 2978 397 3041; x_wconf 89' lang='lat' dir='ltr'><strong>saniori</strong></span> <span class='ocrx_word' id='word_1_185' title='bbox 421 2979 570 3041; x_wconf 90' lang='lat' dir='ltr'><strong>consilio</strong></span> <span class='ocrx_word' id='word_1_186' title='bbox 595 2982 844 3060; x_wconf 87' lang='lat' dir='ltr'><strong>obtemperare</strong></span> <span class='ocrx_word' id='word_1_187' title='bbox 877 2978 1074 3059; x_wconf 88' lang='lat' dir='ltr'><strong>maluisset,</strong></span> <span class='ocrx_word' id='word_1_188' title='bbox 1109 2978 1183 3040; x_wconf 91' lang='lat' dir='ltr'><strong>Nos</strong></span> <span class='ocrx_word' id='word_1_189' title='bbox 1215 2978 1330 3062; x_wconf 90' lang='lat' dir='ltr'><strong>ipsum</strong></span> <span class='ocrx_word' id='word_1_190' title='bbox 1363 3001 1421 3061; x_wconf 88' lang='lat' dir='ltr'><strong>pa-</strong></span> 
     </span>
     <span class='ocr_line' id='line_1_24' title="bbox 149 3082 1422 3167; baseline 0.004 -24"><span class='ocrx_word' id='word_1_191' title='bbox 149 3082 261 3147; x_wconf 87' lang='lat' dir='ltr'><strong>tientia</strong></span> <span class='ocrx_word' id='word_1_192' title='bbox 290 3096 414 3147; x_wconf 88' lang='lat' dir='ltr'><strong>nostra</strong></span> <span class='ocrx_word' id='word_1_193' title='bbox 448 3088 654 3149; x_wconf 84' lang='lat' dir='ltr'><strong>abutentem</strong></span> <span class='ocrx_word' id='word_1_194' title='bbox 690 3105 883 3167; x_wconf 91' lang='lat' dir='ltr'><strong>omnesque</strong></span> <span class='ocrx_word' id='word_1_195' title='bbox 919 3084 969 3146; x_wconf 94' lang='lat' dir='ltr'><strong>illi</strong></span> <span class='ocrx_word' id='word_1_196' title='bbox 1004 3087 1242 3147; x_wconf 87' lang='lat' dir='ltr'><strong>adhaerentes</strong></span> <span class='ocrx_word' id='word_1_197' title='bbox 1277 3087 1422 3167; x_wconf 86' lang='lat' dir='ltr'><strong>ejusque</strong></span> 
     </span>
     <span class='ocr_line' id='line_1_25' title="bbox 148 3188 1422 3276; baseline 0.006 -28"><span class='ocrx_word' id='word_1_198' title='bbox 148 3188 293 3255; x_wconf 83' lang='lat' dir='ltr'><strong>fautores</strong></span> <span class='ocrx_word' id='word_1_199' title='bbox 328 3202 364 3254; x_wconf 93' lang='lat' dir='ltr'><strong>et</strong></span> <span class='ocrx_word' id='word_1_200' title='bbox 396 3202 641 3276; x_wconf 89' lang='lat' dir='ltr'><strong>receptatores</strong></span> <span class='ocrx_word' id='word_1_201' title='bbox 665 3202 833 3273; x_wconf 90' lang='lat' dir='ltr'><strong>tanquam</strong></span> <span class='ocrx_word' id='word_1_202' title='bbox 858 3192 1017 3254; x_wconf 90' lang='lat' dir='ltr'><strong>notorios</strong></span> <span class='ocrx_word' id='word_1_203' title='bbox 1041 3202 1077 3255; x_wconf 91' lang='lat' dir='ltr'><strong>et</strong></span> <span class='ocrx_word' id='word_1_204' title='bbox 1100 3192 1304 3274; x_wconf 89' lang='lat' dir='ltr'><strong>pertinaces</strong></span> <span class='ocrx_word' id='word_1_205' title='bbox 1324 3195 1422 3257; x_wconf 90' lang='lat' dir='ltr'><strong>here-</strong></span> 
     </span>
     <span class='ocr_line' id='line_1_26' title="bbox 151 3296 1423 3382; baseline 0.005 -26"><span class='ocrx_word' id='word_1_206' title='bbox 151 3296 230 3359; x_wconf 88' lang='lat' dir='ltr'><strong>ticos</strong></span> <span class='ocrx_word' id='word_1_207' title='bbox 258 3298 367 3361; x_wconf 81' lang='lat' dir='ltr'><strong>fuisse</strong></span> <span class='ocrx_word' id='word_1_208' title='bbox 399 3309 435 3361; x_wconf 91' lang='lat' dir='ltr'><strong>et</strong></span> <span class='ocrx_word' id='word_1_209' title='bbox 466 3320 544 3363; x_wconf 90' lang='lat' dir='ltr'><strong>esse</strong></span> <span class='ocrx_word' id='word_1_210' title='bbox 568 3320 633 3382; x_wconf 91' lang='lat' dir='ltr'><strong>per</strong></span> <span class='ocrx_word' id='word_1_211' title='bbox 658 3300 831 3381; x_wconf 90' lang='lat' dir='ltr'><strong>quasdam</strong></span> <span class='ocrx_word' id='word_1_212' title='bbox 854 3300 992 3379; x_wconf 80' lang='lat' dir='ltr'><strong>litteras</strong></span> <span class='ocrx_word' id='word_1_213' title='bbox 1017 3297 1295 3381; x_wconf 89' lang='lat' dir='ltr'><strong>declaravimus,</strong></span> <span class='ocrx_word' id='word_1_214' title='bbox 1327 3310 1362 3362; x_wconf 91' lang='lat' dir='ltr'><strong>et</strong></span> <span class='ocrx_word' id='word_1_215' title='bbox 1385 3310 1423 3362; x_wconf 93' lang='lat' dir='ltr'><strong>ut</strong></span> 
     </span>
     <span class='ocr_line' id='line_1_27' title="bbox 152 3405 1424 3488; baseline 0.003 -24"><span class='ocrx_word' id='word_1_216' title='bbox 152 3406 311 3483; x_wconf 88' lang='lat' dir='ltr'><strong>premissa</strong></span> <span class='ocrx_word' id='word_1_217' title='bbox 336 3406 381 3468; x_wconf 90' lang='lat' dir='ltr'><strong>ad</strong></span> <span class='ocrx_word' id='word_1_218' title='bbox 405 3405 516 3487; x_wconf 88' lang='lat' dir='ltr'><strong>ipsius</strong></span> <span class='ocrx_word' id='word_1_219' title='bbox 540 3406 685 3469; x_wconf 90' lang='lat' dir='ltr'><strong>Martini</strong></span> <span class='ocrx_word' id='word_1_220' title='bbox 709 3418 745 3469; x_wconf 91' lang='lat' dir='ltr'><strong>et</strong></span> <span class='ocrx_word' id='word_1_221' title='bbox 768 3408 916 3468; x_wconf 91' lang='lat' dir='ltr'><strong>aliorum</strong></span> <span class='ocrx_word' id='word_1_222' title='bbox 942 3406 1109 3469; x_wconf 89' lang='lat' dir='ltr'><strong>noticiam</strong></span> <span class='ocrx_word' id='word_1_223' title='bbox 1132 3406 1321 3488; x_wconf 88' lang='lat' dir='ltr'><strong>pervenire</strong></span> <span class='ocrx_word' id='word_1_224' title='bbox 1345 3428 1424 3488; x_wconf 93' lang='lat' dir='ltr'><strong>pos-</strong></span> 
     </span>
     <span class='ocr_line' id='line_1_28' title="bbox 155 3513 1423 3595; baseline 0.006 -27"><span class='ocrx_word' id='word_1_225' title='bbox 155 3521 223 3572; x_wconf 89' lang='lat' dir='ltr'><strong>sent</strong></span> <span class='ocrx_word' id='word_1_226' title='bbox 244 3513 379 3575; x_wconf 89' lang='lat' dir='ltr'><strong>litteras</strong></span> <span class='ocrx_word' id='word_1_227' title='bbox 404 3524 544 3577; x_wconf 89' lang='lat' dir='ltr'><strong>nostras</strong></span> <span class='ocrx_word' id='word_1_228' title='bbox 568 3513 604 3575; x_wconf 93' lang='lat' dir='ltr'><strong>in</strong></span> <span class='ocrx_word' id='word_1_229' title='bbox 629 3515 721 3576; x_wconf 88' lang='lat' dir='ltr'><strong>alma</strong></span> <span class='ocrx_word' id='word_1_230' title='bbox 745 3516 834 3575; x_wconf 88' lang='lat' dir='ltr'><strong>urbe</strong></span> <span class='ocrx_word' id='word_1_231' title='bbox 858 3521 980 3575; x_wconf 90' lang='lat' dir='ltr'><strong>nostra</strong></span> <span class='ocrx_word' id='word_1_232' title='bbox 1005 3513 1112 3576; x_wconf 88' lang='lat' dir='ltr'><strong>certis</strong></span> <span class='ocrx_word' id='word_1_233' title='bbox 1136 3514 1171 3575; x_wconf 93' lang='lat' dir='ltr'><strong>in</strong></span> <span class='ocrx_word' id='word_1_234' title='bbox 1195 3514 1283 3575; x_wconf 92' lang='lat' dir='ltr'><strong>locis</strong></span> <span class='ocrx_word' id='word_1_235' title='bbox 1312 3514 1423 3595; x_wconf 90' lang='lat' dir='ltr'><strong>publi·</strong></span> 
     </span>
     <span class='ocr_line' id='line_1_29' title="bbox 156 3616 1424 3703; baseline 0.005 -27"><span class='ocrx_word' id='word_1_236' title='bbox 156 3616 218 3678; x_wconf 87' lang='lat' dir='ltr'><strong>cari</strong></span> <span class='ocrx_word' id='word_1_237' title='bbox 239 3618 394 3700; x_wconf 86' lang='lat' dir='ltr'><strong>fecimus,</strong></span> <span class='ocrx_word' id='word_1_238' title='bbox 420 3630 455 3681; x_wconf 90' lang='lat' dir='ltr'><strong>et</strong></span> <span class='ocrx_word' id='word_1_239' title='bbox 479 3642 544 3703; x_wconf 90' lang='lat' dir='ltr'><strong>per</strong></span> <span class='ocrx_word' id='word_1_240' title='bbox 569 3619 796 3684; x_wconf 85' lang='lat' dir='ltr'><strong>Germaniam</strong></span> <span class='ocrx_word' id='word_1_241' title='bbox 821 3640 963 3701; x_wconf 90' lang='lat' dir='ltr'><strong>quoque</strong></span> <span class='ocrx_word' id='word_1_242' title='bbox 981 3640 1049 3701; x_wconf 92' lang='lat' dir='ltr'><strong>ope</strong></span> <span class='ocrx_word' id='word_1_243' title='bbox 1067 3628 1102 3682; x_wconf 91' lang='lat' dir='ltr'><strong>et</strong></span> <span class='ocrx_word' id='word_1_244' title='bbox 1118 3619 1252 3682; x_wconf 81' lang='lat' dir='ltr'><strong>auxilio</strong></span> <span class='ocrx_word' id='word_1_245' title='bbox 1269 3620 1424 3701; x_wconf 88' lang='lat' dir='ltr'><strong>ejusdem</strong></span> 
     </span>
     <span class='ocr_line' id='line_1_30' title="bbox 158 3724 1425 3809; baseline 0.004 -25"><span class='ocrx_word' id='word_1_246' title='bbox 158 3724 359 3789; x_wconf 89' lang='lat' dir='ltr'><strong>celsitudinis</strong></span> <span class='ocrx_word' id='word_1_247' title='bbox 393 3737 475 3789; x_wconf 88' lang='lat' dir='ltr'><strong>tuae</strong></span> <span class='ocrx_word' id='word_1_248' title='bbox 505 3728 681 3808; x_wconf 90' lang='lat' dir='ltr'><strong>publicari</strong></span> <span class='ocrx_word' id='word_1_249' title='bbox 712 3727 975 3807; x_wconf 90' lang='lat' dir='ltr'><strong>mandavimus,</strong></span> <span class='ocrx_word' id='word_1_250' title='bbox 1010 3736 1197 3808; x_wconf 90' lang='lat' dir='ltr'><strong>sperantes</strong></span> <span class='ocrx_word' id='word_1_251' title='bbox 1229 3728 1324 3809; x_wconf 94' lang='lat' dir='ltr'><strong>quod</strong></span> <span class='ocrx_word' id='word_1_252' title='bbox 1348 3726 1425 3808; x_wconf 90' lang='lat' dir='ltr'><strong>ipse</strong></span> 
     </span>
     <span class='ocr_line' id='line_1_31' title="bbox 158 3827 1425 3914; baseline 0.007 -26"><span class='ocrx_word' id='word_1_253' title='bbox 158 3827 313 3896; x_wconf 82' lang='lat' dir='ltr'><strong>Martinus</strong></span> <span class='ocrx_word' id='word_1_254' title='bbox 336 3834 438 3913; x_wconf 87' lang='lat' dir='ltr'><strong>hujus</strong></span> <span class='ocrx_word' id='word_1_255' title='bbox 464 3832 620 3898; x_wconf 89' lang='lat' dir='ltr'><strong>Sanctae</strong></span> <span class='ocrx_word' id='word_1_256' title='bbox 645 3832 750 3898; x_wconf 89' lang='lat' dir='ltr'><strong>Sedis</strong></span> <span class='ocrx_word' id='word_1_257' title='bbox 775 3834 951 3897; x_wconf 89' lang='lat' dir='ltr'><strong>mandatis</strong></span> <span class='ocrx_word' id='word_1_258' title='bbox 975 3833 1122 3896; x_wconf 88' lang='lat' dir='ltr'><strong>obedire</strong></span> <span class='ocrx_word' id='word_1_259' title='bbox 1145 3854 1188 3897; x_wconf 89' lang='lat' dir='ltr'><strong>ac</strong></span> <span class='ocrx_word' id='word_1_260' title='bbox 1215 3834 1288 3914; x_wconf 87' lang='lat' dir='ltr'><strong>ejus</strong></span> <span class='ocrx_word' id='word_1_261' title='bbox 1313 3835 1425 3897; x_wconf 91' lang='lat' dir='ltr'><strong>deter-</strong></span> 
     </span>
     <span class='ocr_line' id='line_1_32' title="bbox 160 3936 1427 4024; baseline 0.005 -27"><span class='ocrx_word' id='word_1_262' title='bbox 160 3936 322 4003; x_wconf 88' lang='lat' dir='ltr'><strong>minationi</strong></span> <span class='ocrx_word' id='word_1_263' title='bbox 348 3941 394 4002; x_wconf 89' lang='lat' dir='ltr'><strong>de</strong></span> <span class='ocrx_word' id='word_1_264' title='bbox 411 3938 543 4003; x_wconf 87' lang='lat' dir='ltr'><strong>Sacrae</strong></span> <span class='ocrx_word' id='word_1_265' title='bbox 559 3942 781 4023; x_wconf 88' lang='lat' dir='ltr'><strong>Theologiae</strong></span> <span class='ocrx_word' id='word_1_266' title='bbox 805 3941 1055 4024; x_wconf 83' lang='lat' dir='ltr'><strong>magistrorum</strong></span> <span class='ocrx_word' id='word_1_267' title='bbox 1080 3950 1115 4002; x_wconf 92' lang='lat' dir='ltr'><strong>et</strong></span> <span class='ocrx_word' id='word_1_268' title='bbox 1135 3940 1222 4021; x_wconf 88' lang='lat' dir='ltr'><strong>juris</strong></span> <span class='ocrx_word' id='word_1_269' title='bbox 1245 3940 1427 4021; x_wconf 89' lang='lat' dir='ltr'><strong>utriusque</strong></span> 
     </span>
     <span class='ocr_line' id='line_1_33' title="bbox 161 4044 1427 4121; baseline 0.006 -19"><span class='ocrx_word' id='word_1_270' title='bbox 161 4044 382 4121; x_wconf 88' lang='lat' dir='ltr'><strong>professorum</strong></span> <span class='ocrx_word' id='word_1_271' title='bbox 407 4047 668 4110; x_wconf 88' lang='lat' dir='ltr'><strong>consultatione</strong></span> <span class='ocrx_word' id='word_1_272' title='bbox 693 4058 728 4109; x_wconf 94' lang='lat' dir='ltr'><strong>et</strong></span> <span class='ocrx_word' id='word_1_273' title='bbox 753 4049 947 4110; x_wconf 89' lang='lat' dir='ltr'><strong>eorundem</strong></span> <span class='ocrx_word' id='word_1_274' title='bbox 971 4046 1119 4109; x_wconf 84' lang='lat' dir='ltr'><strong>fratrum</strong></span> <span class='ocrx_word' id='word_1_275' title='bbox 1144 4046 1295 4109; x_wconf 90' lang='lat' dir='ltr'><strong>consilio</strong></span> <span class='ocrx_word' id='word_1_276' title='bbox 1321 4058 1356 4109; x_wconf 91' lang='lat' dir='ltr'><strong>et</strong></span> <span class='ocrx_word' id='word_1_277' title='bbox 1375 4070 1427 4109; x_wconf 92' lang='lat' dir='ltr'><strong>as·</strong></span> 
     </span>
     <span class='ocr_line' id='line_1_34' title="bbox 163 4154 1428 4237; baseline 0.005 -28"><span class='ocrx_word' id='word_1_278' title='bbox 163 4170 251 4214; x_wconf 87' lang='lat' dir='ltr'><strong>sensu</strong></span> <span class='ocrx_word' id='word_1_279' title='bbox 282 4154 400 4217; x_wconf 83' lang='lat' dir='ltr'><strong>iactae</strong></span> <span class='ocrx_word' id='word_1_280' title='bbox 432 4155 701 4237; x_wconf 89' lang='lat' dir='ltr'><strong>acquiescerent</strong></span> <span class='ocrx_word' id='word_1_281' title='bbox 725 4154 762 4216; x_wconf 93' lang='lat' dir='ltr'><strong>in</strong></span> <span class='ocrx_word' id='word_1_282' title='bbox 787 4154 841 4216; x_wconf 92' lang='lat' dir='ltr'><strong>his</strong></span> <span class='ocrx_word' id='word_1_283' title='bbox 866 4174 935 4235; x_wconf 89' lang='lat' dir='ltr'><strong>que</strong></span> <span class='ocrx_word' id='word_1_284' title='bbox 959 4174 1031 4217; x_wconf 92' lang='lat' dir='ltr'><strong>non</strong></span> <span class='ocrx_word' id='word_1_285' title='bbox 1055 4154 1168 4215; x_wconf 91' lang='lat' dir='ltr'><strong>solum</strong></span> <span class='ocrx_word' id='word_1_286' title='bbox 1192 4174 1214 4216; x_wconf 89' lang='lat' dir='ltr'><strong>a</strong></span> <span class='ocrx_word' id='word_1_287' title='bbox 1238 4154 1341 4217; x_wconf 90' lang='lat' dir='ltr'><strong>nobis</strong></span> <span class='ocrx_word' id='word_1_288' title='bbox 1365 4157 1428 4216; x_wconf 90' lang='lat' dir='ltr'><strong>sed</strong></span> 
     </span>
     <span class='ocr_line' id='line_1_35' title="bbox 164 4260 1427 4342; baseline 0.007 -27"><span class='ocrx_word' id='word_1_289' title='bbox 164 4264 192 4315; x_wconf 89' lang='lat' dir='ltr'><strong>et</strong></span> <span class='ocrx_word' id='word_1_290' title='bbox 211 4271 307 4323; x_wconf 88' lang='lat' dir='ltr'><strong>antea</strong></span> <span class='ocrx_word' id='word_1_291' title='bbox 330 4260 435 4323; x_wconf 90' lang='lat' dir='ltr'><strong>nobis</strong></span> <span class='ocrx_word' id='word_1_292' title='bbox 459 4263 610 4324; x_wconf 89' lang='lat' dir='ltr'><strong>necdum</strong></span> <span class='ocrx_word' id='word_1_293' title='bbox 634 4261 880 4342; x_wconf 90' lang='lat' dir='ltr'><strong>opinantibus,</strong></span> <span class='ocrx_word' id='word_1_294' title='bbox 910 4262 955 4322; x_wconf 91' lang='lat' dir='ltr'><strong>de</strong></span> <span class='ocrx_word' id='word_1_295' title='bbox 979 4260 1121 4341; x_wconf 88' lang='lat' dir='ltr'><strong>majoris</strong></span> <span class='ocrx_word' id='word_1_296' title='bbox 1144 4262 1257 4342; x_wconf 89' lang='lat' dir='ltr'><strong>partis</strong></span> <span class='ocrx_word' id='word_1_297' title='bbox 1283 4262 1427 4324; x_wconf 91' lang='lat' dir='ltr'><strong>decreto</strong></span> 
     </span>
     <span class='ocr_line' id='line_1_36' title="bbox 164 4366 1427 4449; baseline 0.002 -22"><span class='ocrx_word' id='word_1_298' title='bbox 164 4380 181 4420; x_wconf 79' lang='lat' dir='ltr'><strong>a</strong></span> <span class='ocrx_word' id='word_1_299' title='bbox 199 4366 365 4448; x_wconf 83' lang='lat' dir='ltr'><strong>magistris</strong></span> <span class='ocrx_word' id='word_1_300' title='bbox 382 4367 651 4431; x_wconf 88' lang='lat' dir='ltr'><strong>universitatum</strong></span> <span class='ocrx_word' id='word_1_301' title='bbox 669 4367 901 4431; x_wconf 84' lang='lat' dir='ltr'><strong>Lo-vaniensis</strong></span> <span class='ocrx_word' id='word_1_302' title='bbox 925 4380 960 4430; x_wconf 89' lang='lat' dir='ltr'><strong>et</strong></span> <span class='ocrx_word' id='word_1_303' title='bbox 976 4366 1197 4429; x_wconf 89' lang='lat' dir='ltr'><strong>Coloniensis</strong></span> <span class='ocrx_word' id='word_1_304' title='bbox 1222 4388 1288 4449; x_wconf 92' lang='lat' dir='ltr'><strong>pro</strong></span> <span class='ocrx_word' id='word_1_305' title='bbox 1311 4368 1427 4431; x_wconf 88' lang='lat' dir='ltr'><strong>ortho-</strong></span> 
     </span>
     <span class='ocr_line' id='line_1_37' title="bbox 165 4469 1429 4556; baseline 0.007 -29"><span class='ocrx_word' id='word_1_306' title='bbox 165 4469 243 4534; x_wconf 79' lang='lat' dir='ltr'><strong>doxe</strong></span> <span class='ocrx_word' id='word_1_307' title='bbox 265 4476 344 4539; x_wconf 89' lang='lat' dir='ltr'><strong>fidei</strong></span> <span class='ocrx_word' id='word_1_308' title='bbox 369 4476 523 4539; x_wconf 90' lang='lat' dir='ltr'><strong>veritate</strong></span> <span class='ocrx_word' id='word_1_309' title='bbox 548 4477 795 4539; x_wconf 89' lang='lat' dir='ltr'><strong>conservanda</strong></span> <span class='ocrx_word' id='word_1_310' title='bbox 819 4478 988 4538; x_wconf 88' lang='lat' dir='ltr'><strong>damnata</strong></span> <span class='ocrx_word' id='word_1_311' title='bbox 1010 4474 1167 4556; x_wconf 84' lang='lat' dir='ltr'><strong>fuerunt,</strong></span> <span class='ocrx_word' id='word_1_312' title='bbox 1192 4496 1264 4537; x_wconf 94' lang='lat' dir='ltr'><strong>non</strong></span> <span class='ocrx_word' id='word_1_313' title='bbox 1280 4474 1348 4537; x_wconf 91' lang='lat' dir='ltr'><strong>sibi</strong></span> <span class='ocrx_word' id='word_1_314' title='bbox 1363 4474 1429 4536; x_wconf 90' lang='lat' dir='ltr'><strong>soli</strong></span> 
     </span>
     <span class='ocr_line' id='line_1_38' title="bbox 166 4582 1429 4665; baseline 0.002 -25"><span class='ocrx_word' id='word_1_315' title='bbox 166 4592 353 4661; x_wconf 78' lang='lat' dir='ltr'><strong>arroganter</strong></span> <span class='ocrx_word' id='word_1_316' title='bbox 378 4584 442 4645; x_wconf 89' lang='lat' dir='ltr'><strong>sed</strong></span> <span class='ocrx_word' id='word_1_317' title='bbox 467 4584 698 4664; x_wconf 91' lang='lat' dir='ltr'><strong>plurimorum</strong></span> <span class='ocrx_word' id='word_1_318' title='bbox 723 4584 920 4647; x_wconf 88' lang='lat' dir='ltr'><strong>sententiae</strong></span> <span class='ocrx_word' id='word_1_319' title='bbox 945 4583 1092 4645; x_wconf 89' lang='lat' dir='ltr'><strong>credere</strong></span> <span class='ocrx_word' id='word_1_320' title='bbox 1118 4595 1154 4645; x_wconf 92' lang='lat' dir='ltr'><strong>et</strong></span> <span class='ocrx_word' id='word_1_321' title='bbox 1174 4582 1273 4665; x_wconf 89' lang='lat' dir='ltr'><strong>ipsos</strong></span> <span class='ocrx_word' id='word_1_322' title='bbox 1290 4602 1429 4644; x_wconf 91' lang='lat' dir='ltr'><strong>errores</strong></span> 
     </span>
     <span class='ocr_line' id='line_1_39' title="bbox 166 4688 1429 4772; baseline 0.003 -27"><span class='ocrx_word' id='word_1_323' title='bbox 166 4701 314 4765; x_wconf 88' lang='lat' dir='ltr'><strong>revocare</strong></span> <span class='ocrx_word' id='word_1_324' title='bbox 347 4702 383 4753; x_wconf 91' lang='lat' dir='ltr'><strong>et</strong></span> <span class='ocrx_word' id='word_1_325' title='bbox 415 4693 460 4753; x_wconf 87' lang='lat' dir='ltr'><strong>ad</strong></span> <span class='ocrx_word' id='word_1_326' title='bbox 492 4700 649 4753; x_wconf 91' lang='lat' dir='ltr'><strong>nostrum</strong></span> <span class='ocrx_word' id='word_1_327' title='bbox 682 4702 718 4753; x_wconf 91' lang='lat' dir='ltr'><strong>et</strong></span> <span class='ocrx_word' id='word_1_328' title='bbox 747 4689 859 4772; x_wconf 90' lang='lat' dir='ltr'><strong>ipsius</strong></span> <span class='ocrx_word' id='word_1_329' title='bbox 891 4690 1074 4752; x_wconf 85' lang='lat' dir='ltr'><strong>Ecclesiae</strong></span> <span class='ocrx_word' id='word_1_330' title='bbox 1105 4690 1279 4771; x_wconf 80' lang='lat' dir='ltr'><strong>gremium</strong></span> <span class='ocrx_word' id='word_1_331' title='bbox 1311 4688 1429 4750; x_wconf 91' lang='lat' dir='ltr'><strong>redire</strong></span> 
     </span>
     <span class='ocr_line' id='line_1_40' title="bbox 167 4794 1430 4879; baseline 0.004 -27"><span class='ocrx_word' id='word_1_332' title='bbox 167 4794 288 4858; x_wconf 86' lang='lat' dir='ltr'><strong>tandem</strong></span> <span class='ocrx_word' id='word_1_333' title='bbox 311 4798 464 4860; x_wconf 89' lang='lat' dir='ltr'><strong>animum</strong></span> <span class='ocrx_word' id='word_1_334' title='bbox 487 4797 686 4869; x_wconf 91' lang='lat' dir='ltr'><strong>induceret;</strong></span> <span class='ocrx_word' id='word_1_335' title='bbox 719 4818 831 4879; x_wconf 89' lang='lat' dir='ltr'><strong>nuper</strong></span> <span class='ocrx_word' id='word_1_336' title='bbox 855 4805 974 4859; x_wconf 87' lang='lat' dir='ltr'><strong>autem</strong></span> <span class='ocrx_word' id='word_1_337' title='bbox 999 4818 1045 4859; x_wconf 84' lang='lat' dir='ltr'><strong>ex</strong></span> <span class='ocrx_word' id='word_1_338' title='bbox 1068 4796 1206 4859; x_wconf 90' lang='lat' dir='ltr'><strong>Nuncio</strong></span> <span class='ocrx_word' id='word_1_339' title='bbox 1231 4806 1352 4859; x_wconf 88' lang='lat' dir='ltr'><strong>nostro</strong></span> <span class='ocrx_word' id='word_1_340' title='bbox 1381 4795 1430 4857; x_wconf 90' lang='lat' dir='ltr'><strong>in-</strong></span> 
     </span>
    </p>
   </div>
   <div class='ocr_carea' id='block_1_3' title="bbox 167 4899 1430 5065">
    <p class='ocr_par' dir='ltr' id='par_1_3' title="bbox 167 4899 1430 5065">
     <span class='ocr_line' id='line_1_41' title="bbox 167 4899 1430 4969; baseline 0.008 -13"><span class='ocrx_word' id='word_1_341' title='bbox 167 4899 347 4965; x_wconf 76' lang='lat' dir='ltr'><strong>telleximus</strong></span> <span class='ocrx_word' id='word_1_342' title='bbox 371 4906 521 4969; x_wconf 88' lang='lat' dir='ltr'><strong>eandem</strong></span> <span class='ocrx_word' id='word_1_343' title='bbox 547 4904 790 4967; x_wconf 88' lang='lat' dir='ltr'><strong>celsitudinem</strong></span> <span class='ocrx_word' id='word_1_344' title='bbox 817 4914 912 4965; x_wconf 90' lang='lat' dir='ltr'><strong>tuam</strong></span> <span class='ocrx_word' id='word_1_345' title='bbox 938 4902 1092 4966; x_wconf 87' lang='lat' dir='ltr'><strong>officium</strong></span> <span class='ocrx_word' id='word_1_346' title='bbox 1121 4904 1287 4967; x_wconf 86' lang='lat' dir='ltr'><strong>advocati</strong></span> <span class='ocrx_word' id='word_1_347' title='bbox 1311 4904 1430 4967; x_wconf 87' lang='lat' dir='ltr'><strong>Eccle-</strong></span> 
     </span>
     <span class='ocr_line' id='line_1_42' title="bbox 1237 5009 1270 5065; baseline 0 -23"><span class='ocrx_word' id='word_1_348' title='bbox 1237 5009 1270 5065; x_wconf 72' lang='grc'><strong>3*</strong></span> 
     </span>
    </p>
   </div>
   <div class='ocr_carea' id='block_1_4' title="bbox 0 0 1740 5700">
    <p class='ocr_par' dir='ltr' id='par_1_4' title="bbox 0 0 1740 5700">
     <span class='ocr_line' id='line_1_43' title="bbox 0 0 1740 5700; baseline 0 0"><span class='ocrx_word' id='word_1_349' title='bbox 0 0 1740 5700; x_wconf 95' lang='lat' dir='ltr'><strong> </strong></span> 
     </span>
    </p>
   </div>
  </div>
 </body>
</html>
