3425 5700
625 559 873 616 Mlilffiffl

124 728 178 789 per
198 708 253 770 un'
278 708 387 788 altra,
422 706 479 770 chi
505 715 629 788 aperte
655 715 691 769 et
715 705 770 769 chi
795 708 862 768 sub
886 713 1054 787 pretextu
1079 700 1174 766 boni.
1223 700 1296 764 Sed
1320 722 1391 764 non

125 834 252 895 possum
269 824 345 877 tute
369 814 487 877 omnia
511 813 678 878 scribere.
715 811 819 875 Felix
843 811 941 875 vivat
956 820 992 874 et
1008 812 1127 872 valeat
1143 807 1392 901 Sanctissimus

125 921 161 983 D.
183 920 220 983 N.
244 931 282 983 et
304 920 601 983 reverendissima
624 919 818 984 dominatio
842 926 980 999 vestra,
1011 937 1159 997 quorum
1182 914 1294 997 pedes
1321 934 1390 977 ma-

126 1047 245 1109 nusque
270 1029 468 1093 deosculor.
515 1028 748 1093 Wormatiae.

644 1224 739 1235 νννννι
779 1223 850 1235 *omum

724 1490 777 1557 37.

442 1605 651 1686 Aleander
678 1603 1051 1688 vicecancellario.

523 1754 666 1825 (Nuntiat.
686 1753 776 1813 (iem
794 1752 825 1812 Ιι.
842 1752 887 1811 toL
906 1751 976 1825 150.)

607 1877 642 1939 (4.
663 1872 785 1942 Martii(?)
808 1871 895 1941 1521.)

200 1997 235 2059 Io
268 1999 314 2060 ho
347 1998 440 2060 lecto
471 2000 504 2060 31
536 1999 663 2061 doctor
686 1996 861 2080 Capitone
887 1998 920 2061 el
944 1998 1101 2079 capitulo
1126 1998 1171 2059 de
1194 1998 1322 2059 lettere
1345 1998 1390 2059 de

126 2102 159 2162 V.
180 2102 213 2166 S.
235 2104 331 2167 Rma
355 2115 390 2167 et
413 2106 449 2167 la
472 2108 567 2168 bona
590 2124 764 2187 speranza
791 2107 857 2167 che
874 2104 898 2168 li
915 2105 1024 2177 dona;
1049 2102 1212 2185 supplico
1228 2101 1257 2165 si
1271 2101 1390 2165 mandi

123 2210 161 2270 ad
187 2210 396 2274 executione
426 2212 557 2292 perche
590 2212 730 2293 questui
759 2212 777 2275 ὲ
810 2232 880 2274 uno
913 2212 958 2274 de
982 2209 1109 2291 grandi
1135 2208 1321 2291 Capitanei
1346 2208 1389 2269 de

124 2314 141 2375 li
156 2316 354 2380 Academici
378 2318 490 2381 nostri
515 2318 642 2381 nemici
667 2339 777 2381 ancor
802 2321 869 2382 che
893 2319 1031 2381 occulto
1056 2337 1121 2399 per
1144 2324 1308 2397 respecto
1333 2315 1390 2377 del

123 2421 318 2504 hiaguntino
343 2445 410 2486 con
434 2426 468 2487 el
492 2427 575 2505 qual
599 2425 647 2487 lui
671 2434 740 2489 sta:
767 2434 802 2488 et
825 2434 952 2507 questo
977 2427 1095 2488 buono
1120 2425 1225 2486 homo
1242 2421 1292 2484 dil
1308 2422 1388 2485 Car-

123 2527 227 2593 dinale
258 2551 328 2593 non
360 2532 394 2592 lo
428 2533 509 2594 vole
544 2534 691 2595 credere
717 2531 796 2595 anci
820 2552 886 2614 per
910 2534 1061 2595 lassarse
1086 2532 1248 2613 aggabar
1272 2530 1318 2591 da
1341 2527 1390 2591 lui

123 2648 295 2701 commette
319 2638 355 2700 di
380 2638 479 2701 molti
503 2638 625 2720 errori,
650 2660 695 2702 ne
718 2640 765 2701 mi
788 2640 898 2723 giova
921 2642 986 2703 che
1010 2640 1044 2702 io
1068 2658 1115 2721 ge
1139 2638 1161 2701 l'
1177 2636 1274 2700 habii
1290 2638 1389 2699 detto

123 2754 152 2805 et
172 2754 381 2825 monstram,
413 2747 479 2808 che
509 2765 580 2808 non
609 2748 644 2809 lo
676 2748 735 2809 vol
766 2748 906 2810 creder:
954 2746 1083 2809 Donde
1111 2745 1221 2808 siamo
1246 2741 1390 2807 sforzati

122 2848 238 2932 pigliar
261 2854 360 2916 detto
385 2850 560 2934 capitano
584 2873 650 2936 per
672 2874 720 2918 un
744 2856 835 2919 altro
860 2875 976 2936 versu,
1001 2864 1037 2916 et
1053 2855 1171 2936 quello
1189 2853 1254 2915 che
1270 2850 1388 2914 vorrei

122 2955 206 3022 fusse
228 2972 282 3023 sta
306 2970 409 3022 usato
434 2962 480 3022 da
503 2961 679 3043 principio
703 2960 783 3048 (che
807 2964 897 3026 hora
921 2983 992 3025 non
1017 2963 1034 3024 ὲ
1059 2961 1193 3042 tempo)
1218 2960 1329 3022 vader
1353 2957 1388 3020 di

122 3066 321 3146 acquistarlo
346 3087 414 3131 con
437 3069 588 3149 qualche
612 3069 729 3150 gratia
752 3070 799 3132 da
813 3071 934 3134 Roma
958 3080 993 3132 et
1017 3068 1203 3152 presertim
1223 3087 1289 3130 con
1306 3086 1386 3148 que·

122 3183 168 3235 sta
195 3175 439 3256 prepositura,
471 3176 507 3238 di
538 3177 573 3238 la
603 3179 686 3258 qual
711 3178 876 3241 havendo
900 3179 935 3242 la
958 3177 1076 3258 gratia
1099 3196 1169 3240 non
1191 3173 1239 3238 mi
1264 3173 1387 3236 dubito

122 3298 181 3342 non
196 3282 229 3344 lo
245 3282 355 3346 siamo
372 3303 437 3364 per
461 3285 583 3363 havet,
607 3303 646 3347 se
667 3305 738 3347 non
759 3285 818 3346 del
833 3294 925 3347 tutto
940 3304 1005 3366 per
1021 3284 1090 3364 noi,
1107 3285 1245 3346 almeno
1261 3301 1387 3344 manco

122 3386 234 3450 nocivo
259 3391 329 3454 alla
353 3410 460 3453 causa
484 3390 670 3470 catholica,
694 3411 734 3454 se
758 3411 829 3454 non
853 3391 950 3456 fusse
973 3411 1039 3474 per
1055 3393 1145 3454 altro
1162 3389 1227 3452 che
1243 3407 1309 3470 per
1323 3407 1386 3451 suo

121 3490 278 3560 interesse
300 3517 366 3578 per
390 3517 622 3561 conservarse
647 3500 747 3561 detta
770 3496 1007 3580 prepositura,
1034 3498 1186 3560 essendo
1210 3495 1234 3557 11
1260 3495 1385 3558 Luthe-

120 3600 186 3662 rani
216 3603 421 3666 destruttori
452 3604 496 3667 de
527 3603 614 3687 ogni
643 3616 740 3667 sorta
771 3602 807 3666 di
837 3603 996 3667 benefitii
1021 3602 1261 3668 ecclesiastici.
1304 3601 1386 3684 Ipse

121 3708 216 3771 multa
238 3719 357 3791 potest
380 3730 445 3792 per
468 3712 580 3774 haver
604 3711 663 3793 gia
688 3715 761 3774 cosi
785 3711 1026 3774 infenochiato
1043 3709 1255 3792 Mogontino
1272 3717 1307 3771 et
1322 3728 1387 3790 per

121 3832 225 3878 essere
254 3816 478 3898 predicatore
508 3818 690 3880 ordinario
722 3820 766 3881 de
789 3819 824 3880 la
848 3818 970 3882 chiesa
994 3816 1216 3899 Moguntina,
1248 3825 1284 3878 et
1307 3834 1383 3897 pre-

121 3931 251 4002 ceptore
274 3925 320 3987 de
343 3922 446 4005 quasi
469 3924 550 3986 tutti
574 3925 619 3988 de
644 3924 760 4006 questi
776 3924 1063 4007 Theologopoeti
1086 3922 1303 4006 predicatori
1320 3921 1385 3984 che

121 4044 266 4106 regnano
290 4031 322 4093 al
346 4041 515 4111 presente
539 4031 575 4094 in
600 4032 633 4094 le
657 4031 848 4114 principali
872 4031 990 4096 chiese
1015 4031 1051 4094 di
1075 4028 1277 4094 Germania.

196 4134 306 4199 Molto
330 4139 377 4200 ha
400 4137 548 4218 giovato
572 4140 638 4202 che
662 4138 795 4201 Vostra
819 4136 988 4220 Signoria
1010 4134 1326 4200 Reverendissima
1349 4134 1383 4197 in

122 4257 173 4300 sue
194 4241 313 4306 ultime
335 4246 441 4307 lettre
465 4245 548 4308 habi
573 4245 662 4308 fatto
687 4245 756 4308 due
781 4266 801 4308 0
826 4254 880 4308 tre
904 4245 988 4307 fiate
1012 4243 1189 4308 mentione
1215 4244 1270 4305 del
1296 4241 1385 4305 Con

121 4341 242 4435 sessor,⁴
250 4351 282 4411 el
298 4352 380 4431 qual
397 4371 463 4433 per
478 4351 577 4416 molti
594 4351 710 4433 giorni
726 4351 840 4433 primo
856 4371 967 4432 parea
988 4351 1159 4415 refredito
1184 4349 1219 4412 in
1244 4351 1279 4412 la
1302 4369 1385 4410 cose

123 4463 238 4534 nostra,
254 4457 289 4518 13
302 4477 410 4520 causa
421 4477 491 4520 non
509 4459 626 4521 scrivo
642 4479 707 4540 per
721 4468 847 4540 questa
858 4479 924 4540 per
937 4479 1035 4521 esser
1047 4459 1215 4539 alquanto
1229 4458 1383 4538 prolixa;

121 4555 177 4618 hor
197 4562 230 4621 31
258 4573 423 4644 presente
447 4564 560 4627 lettoli
584 4564 608 4627 li
633 4564 778 4646 capitoli
802 4565 847 4628 de
872 4567 976 4628 lettre
1001 4565 1036 4627 di
1061 4563 1192 4627 Vostra
1218 4562 1384 4643 Signoria

122 4659 419 4733 Reverendissima
442 4693 481 4734 se
505 4673 551 4735 ha
575 4681 665 4734 tutto
690 4671 952 4735 reconfermato
976 4691 1042 4754 per
1065 4672 1142 4749 noi,
1166 4670 1280 4752 perho
1304 4688 1382 4749 sup-

122 4770 203 4846 plico
226 4777 289 4838 che
311 4777 346 4840 in
372 4777 458 4859 ogni
481 4799 546 4840 sua
569 4779 675 4841 lettra
700 4799 744 4841 ne
766 4774 860 4841 iacci
879 4779 1030 4861 qualche
1045 4778 1224 4842 mentione
1241 4778 1306 4840 che
1323 4775 1381 4858 piu

123 4874 217 4954 giova
237 4883 329 4947 mille
353 4887 460 4966 volte,
486 4889 552 4948 che
575 4907 619 4948 un
635 4889 745 4949 breve
762 4907 955 4970 commune,
980 4886 1054 4951 scio
1070 4887 1165 4969 quod
1178 4883 1273 4948 dico:
1299 4881 1383 4946 novi
