3425 5700
817 564 1064 625 φ4314083-ο

390 712 470 777 Non
488 717 640 777 sarebbe
661 717 741 794 mal,
766 714 844 777 anci
861 718 969 778 molto
994 717 1028 778 al
1044 717 1241 798 proposit0,
1266 718 1377 780 chesi
1395 718 1578 780 mandasse

301 843 345 884 un
372 824 462 884 altro
487 822 606 885 Breve
629 843 650 883 a
673 821 818 885 Cesare:
843 825 910 885 che
935 820 1008 885 Sua
1033 822 1171 885 Santita
1196 826 1243 886 ha
1265 824 1381 887 inteso
1407 845 1505 888 esser
1528 834 1578 886 sta

300 930 359 1010 qui
385 929 621 992 determinato
645 930 712 991 che
736 929 760 990 li
784 929 866 992 libri
891 930 926 991 di
951 929 1084 992 Luther
1115 930 1144 991 si
1169 940 1401 1011 sequestrano
1433 932 1500 993 che
1524 930 1577 991 de-

300 1056 415 1099 veano
440 1036 557 1099 statim
582 1057 680 1099 esser
703 1036 896 1098 abrusciati
919 1056 984 1117 per
1009 1036 1103 1099 mille
1127 1037 1278 1117 ragioni‚
1303 1046 1339 1099 et
1362 1039 1428 1099 che
1448 1037 1580 1099 Luther

301 1144 434 1225 venghi
460 1164 539 1225 qua,
564 1143 589 1205 il
613 1144 690 1209 che.
715 1163 825 1206 ancor
849 1145 916 1206 che
940 1144 981 1207 sii
997 1154 1120 1207 contra
1146 1154 1181 1207 et
1202 1148 1345 1208 decreto
1367 1146 1462 1208 della
1479 1144 1580 1207 Bulla

300 1250 527 1332 Apostolica‚
560 1250 630 1313 imo
655 1260 780 1311 contra
804 1250 889 1332 ogni
913 1252 996 1331 lege
1021 1260 1056 1313 et
1079 1251 1195 1313 forma
1219 1251 1254 1313 di
1278 1251 1444 1334 ragione,
1478 1254 1580 1315 etde

301 1358 437 1439 equita,
473 1359 517 1419 de
542 1359 642 1420 voler
666 1360 731 1419 dar
754 1359 1045 1437 salvoconduttO,
1081 1366 1117 1419 et
1140 1360 1320 1421 auscultat
1343 1378 1413 1421 uno
1437 1358 1580 1421 manife-

300 1466 453 1528 stissimo
476 1462 657 1527 haeretico
682 1466 908 1527 condennato
933 1485 998 1547 per
1015 1463 1089 1527 Sua
1106 1462 1244 1527 Santith
1270 1488 1291 1528 a
1315 1466 1369 1528 chi
1392 1475 1512 1547 spetta
1536 1467 1582 1527 tal

299 1571 441 1652 iudicio,
467 1582 502 1635 et
526 1573 591 1634 che
616 1571 645 1633 si
666 1570 752 1633 dari
776 1574 847 1634 mal
863 1572 1029 1653 exemplo
1054 1572 1114 1634 alli
1134 1572 1335 1653 Christiani,
1361 1583 1395 1636 et
1419 1573 1480 1636 alli
1497 1572 1582 1635 infe-

301 1680 372 1743 deli
397 1700 468 1742 non
492 1682 606 1742 solum
629 1681 774 1759 repulsa
798 1678 834 1740 di
858 1678 1080 1758 convertirsi,
1105 1700 1161 1741 ma
1186 1700 1318 1742 ancora
1342 1680 1510 1743 occasion
1528 1683 1581 1741 de-

301 1785 442 1848 ridendi
466 1783 571 1847 fidem
597 1794 752 1847 nostram
778 1796 814 1848 et
839 1785 1005 1849 movendi
1030 1806 1128 1848 arma
1152 1798 1278 1849 contra
1300 1806 1383 1867 nos,
1417 1796 1584 1868 preterea

301 1914 346 1955 ex
379 1894 446 1954 hoc
471 1893 627 1954 adventu
659 1891 842 1955 imminere
867 1892 1011 1975 aliquod
1035 1893 1231 1974 periculum
1263 1914 1379 1956 rerum
1410 1914 1584 1958 novarum

301 2011 337 2063 et
351 2001 604 2062 tumultuorum
618 1998 653 2060 in
670 1998 875 2080 Republica
890 1998 1092 2063 Christiana
1115 2001 1303 2082 presertim
1319 2002 1354 2063 in
1372 2001 1583 2071 Germania:

301 2116 394 2169 tutta
416 2109 524 2182 volta,
549 2105 682 2188 perche
698 2103 770 2167 Sua
787 2105 925 2167 Maesta
950 2126 1016 2187 per
1041 2109 1190 2188 qualche
1212 2108 1344 2170 motivo
1370 2108 1405 2169 di
1422 2112 1518 2171 bene
1541 2111 1584 2170 ha

302 2213 376 2277 cosi
398 2216 521 2276 voluto
546 2213 640 2293 fare,
674 2210 747 2274 Sua
771 2211 910 2275 Santita
935 2234 1041 2295 spera
1065 2216 1130 2275 che
1155 2235 1226 2276 non
1256 2213 1385 2276 sisara
1409 2234 1495 2277 cosa
1520 2217 1585 2277 che

302 2343 373 2384 non
397 2322 440 2383 sii
464 2322 510 2383 ad
534 2322 649 2383 honor
674 2320 707 2380 di
724 2319 793 2381 Dio
819 2331 854 2381 et
878 2321 973 2381 della
996 2320 1090 2401 fede,
1116 2321 1389 2384 conservatione
1414 2322 1497 2383 dell'
1512 2336 1584 2384 aut-

302 2429 407 2492 torith
432 2426 651 2504 Pontificale,
677 2436 713 2490 et
737 2428 921 2488 commodo
947 2428 1041 2490 della
1065 2426 1185 2489 chiesa
1210 2427 1401 2508 catholica,
1427 2437 1463 2490 et
1489 2426 1585 2491 Sede

302 2537 514 2619 Apostolica
544 2535 639 2596 della
663 2535 745 2615 qual
770 2533 879 2595 Cesar
910 2534 928 2597 ὲ
954 2535 1148 2606 advocato;
1184 2534 1229 2595 Et
1260 2532 1332 2596 cosi
1361 2536 1395 2597 lo
1421 2535 1585 2615 exhorta,

302 2656 338 2707 et
362 2646 452 2706 altre
483 2643 606 2723 parole
640 2640 675 2702 di
699 2641 812 2703 simile
837 2661 858 2702 0
884 2642 1034 2719 meglior
1058 2642 1250 2714 sententia;
1285 2640 1308 2702 il
1334 2642 1416 2722 qual
1440 2661 1585 2722 presen-

302 2762 452 2827 tammo,
477 2748 610 2829 venghi
635 2748 769 2809 Luther
793 2768 814 2809 o
838 2768 925 2825 non,
951 2759 986 2809 et
1011 2758 1109 2809 certo
1134 2748 1163 2809 si
1188 2747 1359 2810 mostrera
1385 2748 1587 2811 virilmente

302 2860 324 2922 l'
338 2879 438 2922 error
461 2859 555 2936 loro,
590 2868 625 2918 et
653 2876 724 2918 non
748 2855 850 2936 potra
881 2875 920 2917 se
952 2876 1022 2917 non
1048 2857 1156 2917 molto
1182 2856 1322 2937 giovar,
1356 2865 1390 2918 et
1421 2858 1588 2940 supplico

303 2966 445 3033 omnino
469 2967 536 3026 che
560 2964 588 3026 si
612 2963 704 3025 faeci
727 2971 860 3043 presto.

392 3073 438 3134 Di
472 3092 551 3134 esso
575 3071 730 3133 Martino
765 3073 800 3132 al
832 3080 999 3151 presente
1034 3071 1051 3132 c
1084 3070 1175 3133 fatto
1208 3071 1266 3151 qui
1298 3079 1396 3133 tanto
1431 3071 1587 3149 silenti0,

303 3202 402 3244 come
435 3187 473 3241 se
496 3179 566 3241 mai
598 3199 668 3240 non
694 3177 790 3240 fusse
815 3185 907 3240 stato
939 3181 973 3239 al
998 3177 1144 3249 mond0;
1183 3179 1248 3240 che
1276 3199 1342 3259 per
1366 3177 1504 3258 avanti,
1543 3181 1588 3240 ne

303 3291 408 3364 hora,
445 3287 486 3349 nc
513 3295 623 3368 punto
647 3306 818 3367 passava,
855 3287 921 3346 che
946 3285 1102 3365 ogniuno
1128 3295 1163 3346 et
1187 3285 1329 3366 publice
1359 3293 1394 3347 et
1417 3285 1588 3366 privatim

302 3417 372 3458 non
397 3397 556 3476 parlasse
581 3393 616 3454 di
641 3394 706 3464 lui;
740 3394 805 3455 che
830 3393 898 3454 Dio
923 3392 1018 3454 volia
1043 3395 1108 3455 che
1133 3391 1206 3455 cosi
1230 3393 1471 3455 continuando
1497 3414 1537 3454 se
1563 3395 1588 3454 li

302 3511 411 3566 metta
434 3511 608 3583 perpetuo
634 3500 809 3563 silentio*

391 3609 433 3671 Li
463 3608 544 3670 libri
569 3628 718 3686 ancora,
754 3609 819 3669 che
844 3607 958 3688 prima
983 3607 1043 3687 qui
1068 3606 1262 3687 piovean0,
1299 3610 1332 3669 al
1361 3617 1532 3689 presente
1559 3607 1589 3668 si

304 3737 392 3779 sono
416 3715 572 3777 restretti
597 3715 797 3777 assaissimo
823 3725 857 3776 et
883 3735 988 3795 spero
1014 3716 1078 3775 che
1109 3735 1146 3774 se
1172 3714 1247 3775 fari
1272 3716 1372 3776 levar
1396 3714 1477 3776 tutti
1502 3723 1590 3777 ante

303 3834 454 3905 quatuor
478 3822 569 3901 dies,
605 3823 735 3903 perche
760 3823 793 3884 el
817 3823 986 3883 mandato
1012 3822 1089 3882 sera
1115 3823 1242 3883 deman
1268 3819 1367 3884 finito
1393 3822 1439 3883 de
1466 3821 1589 3903 impri-

303 3952 414 4008 mere,
449 3929 578 4015 (neque
603 3929 697 3990 enim
721 3928 836 4009 potuit
861 3929 963 3989 citius
987 3927 1063 3989 fieri
1099 3948 1164 4008 per
1188 3928 1333 3990 istorum
1359 3926 1516 4014 culpam)
1552 3939 1591 3990 et
1686 3977 1687 4012 ᾖ

303 4037 361 4119 poi
387 4058 425 4100 se
449 4034 642 4117 publicare.

392 4143 514 4224 Iloggi
539 4143 557 4205 ὲ
582 4143 712 4223 partito
738 4141 902 4203 l’Eraldo
928 4163 948 4202 a
973 4141 1119 4222 liuther,
1149 4153 1184 4205 et
1209 4143 1359 4205 termino
1384 4145 1401 4205 ὲ
1427 4123 1513 4206 dato
1540 4147 1592 4205 da

304 4271 400 4313 esser
431 4249 491 4330 qui
524 4249 571 4311 fin
596 4249 703 4312 XXI.
728 4249 873 4329 giorn0,
909 4247 950 4310 El
976 4249 1077 4311 Duca
1102 4247 1247 4312 Saxone
1271 4251 1351 4335 'hnon
1385 4251 1432 4313 ha
1463 4253 1589 4314 voluto

303 4358 454 4435 scriver,
491 4366 526 4418 et
550 4376 615 4437 par
639 4377 710 4418 non
735 4354 776 4417 sii
807 4358 876 4418 ben
902 4365 1069 4419 contento
1101 4357 1182 4418 chel
1207 4356 1356 4437 venghi‚
1393 4361 1445 4419 sel
1469 4377 1541 4420 non
1570 4361 1590 4420 d

304 4486 368 4546 per
392 4466 529 4544 allegat
557 4465 590 4526 le
616 4484 678 4526 sue
702 4462 860 4544 regioni,
897 4465 992 4544 quod
1021 4464 1056 4526 in
1081 4465 1226 4526 decreto
1251 4464 1394 4545 Imperii
1418 4467 1588 4546 prohibe·
1686 4547 1687 4550 Ἴ

305 4584 375 4651 tur,
412 4591 450 4633 se
473 4592 542 4652 pur
571 4573 606 4632 lo
631 4590 848 4632 servaranno
874 4569 919 4630 ad
943 4589 1108 4652 unguem.
1157 4570 1326 4632 Chievres
1358 4571 1389 4632 ci
1413 4573 1460 4633 ha
1485 4575 1590 4636 detto
1686 4553 1687 4586 i

303 4680 369 4745 che
395 4677 504 4740 Cesar
537 4678 665 4739 mando
698 4677 719 4738 l'
734 4678 824 4738 altro
860 4675 894 4738 di
919 4675 937 4738 a
963 4678 1018 4739 dir
1051 4680 1083 4739 al
1109 4678 1210 4738 Duca
1235 4675 1381 4740 Saxone
1412 4699 1513 4760 cose,
1551 4692 1591 4742 et

304 4786 428 4865 parole
453 4787 518 4847 che
542 4781 652 4846 molto
676 4784 829 4845 veniano
853 4787 888 4846 al
912 4784 1096 4865 proposito
1117 4794 1247 4847 nostro.
1288 4785 1386 4848 Idem
1404 4786 1486 4847 mihi
1503 4807 1589 4850 con·
1686 4761 1687 4852 i

304 4891 456 4954 firmavit
480 4889 698 4972 Leodiensis,
723 4891 844 4972 quise
868 4890 1071 4954 interfuisse
1096 4891 1190 4954 dicit.
