3425 5700
705 590 952 648 «35an

188 732 221 795 in
247 734 303 797 his
326 736 488 816 partibus
512 736 715 801 iamdudum
749 759 794 801 ne
824 738 1014 821 vestigium
1047 738 1189 819 quidem
1213 738 1306 801 forte
1330 746 1470 801 extaret

189 840 416 905 Lutheranae
440 844 647 916 haereseos:
673 865 751 907 cum
776 845 844 908 iam
870 845 988 908 multis
1011 845 1046 908 in
1063 845 1151 908 locis
1165 847 1246 927 plus
1267 843 1470 907 infectionis

189 947 233 1010 sit
267 968 372 1030 quam
403 950 556 1013 fortasse
587 964 748 1033 putetur,
781 952 934 1015 maxime
958 952 993 1015 in
1019 951 1178 1035 emporio
1215 950 1469 1033 Antverpiensi

188 1064 225 1117 et
253 1076 320 1139 per
346 1057 495 1121 insulam
525 1059 801 1141 comitatumque
826 1060 1052 1139 Hollandiae,
1076 1058 1137 1121 ubi
1165 1067 1282 1122 tamen
1309 1058 1471 1141 proxime

191 1161 278 1225 satis
302 1164 394 1227 acris
418 1174 454 1227 et
478 1166 630 1230 celebris
655 1166 820 1229 executio
845 1168 890 1229 de
913 1168 1082 1230 mandato
1107 1176 1142 1230 et
1165 1186 1245 1229 cum
1268 1164 1471 1228 assistentia

188 1270 306 1332 dictae
330 1270 423 1334 illmae
446 1292 513 1353 per
536 1292 598 1336 eos
622 1273 682 1354 qui
706 1294 798 1337 nunc
823 1284 904 1337 sunt
928 1274 1165 1355 inquisitores,
1189 1272 1285 1336 facta
1300 1283 1363 1338 est.
1396 1270 1469 1335 Sed

188 1397 259 1439 non
284 1388 433 1460 potuere
457 1378 618 1460 perversi
643 1391 679 1443 et
703 1380 769 1443 sibi
795 1380 928 1443 conscii
951 1392 1024 1444 tam
1056 1400 1173 1444 acrem
1207 1389 1243 1443 et
1275 1379 1470 1443 animosum

188 1485 447 1549 haereticorum
472 1496 753 1569 persecutorem,
792 1487 852 1568 qui
883 1489 928 1551 ad
959 1488 1179 1551 moriendum
1210 1508 1278 1569 pro
1308 1486 1379 1549 fide
1410 1483 1470 1548 ubi

187 1612 245 1653 res
270 1602 437 1673 posceret
461 1593 734 1657 resolutissimus
759 1604 845 1675 erat,
871 1594 1002 1657 diutius
1024 1593 1139 1669 ferre;
1170 1595 1234 1657 sed
1258 1592 1396 1674 magnis
1420 1595 1472 1675 (ut

190 1698 309 1778 timeo)
333 1700 583 1781 largitionibus
610 1701 930 1764 intervenientibus
955 1722 1033 1765 eum
1058 1700 1201 1764 destitui
1225 1708 1470 1782 procurarunt.

190 1806 296 1869 Unde
308 1806 369 1871 ille
388 1807 529 1888 quidem
546 1810 653 1891 (quod
664 1810 708 1871 ad
719 1809 834 1890 ipsum
851 1810 1037 1890 attinebat)
1052 1808 1198 1893 gavisus
1208 1818 1278 1879 est;
1294 1807 1370 1870 illm
1382 1826 1469 1869 vero

190 1914 334 1976 domina
350 1924 385 1977 et
399 1914 450 1977 illi
463 1914 531 1997 ipsi
553 1916 611 1997 qui
629 1916 703 1979 eius
720 1918 957 1979 excel⁸entiae
976 1926 1014 1978 ut
1032 1916 1129 1979 illum
1146 1914 1287 1978 destitui
1304 1934 1469 1996 procura-

190 2029 245 2084 ret
259 2022 382 2084 dolose
392 2033 656 2103 persuaserant,
665 2022 828 2086 videntes
840 2023 876 2085 in
887 2033 1054 2105 quantam
1063 2022 1238 2086 flammam
1252 2021 1412 2086 modicus
1424 2023 1470 2083 ab

190 2127 289 2190 initio
304 2128 397 2209 ignis
408 2128 444 2191 in
457 2128 514 2191 his
527 2129 688 2212 partibus
701 2130 885 2209 evasisset,
898 2151 967 2193 non
980 2132 1090 2193 semel
1103 2130 1237 2212 (credo)
1249 2127 1471 2213 poenitentia

191 2234 287 2297 ducti
302 2245 401 2310 sunt;
418 2246 453 2299 et
468 2237 639 2299 hactenus
652 2236 794 2319 quidem
810 2237 854 2298 de
870 2235 1115 2317 Egmondano.
1139 2237 1271 2299 Restat
1285 2246 1324 2299 ut
1340 2237 1385 2299 de
1401 2254 1469 2297 ma·

152 2430 153 2433 ¹
191 2343 303 2426 gistro
328 2342 519 2406 Vincentio
552 2343 786 2407 Dominicano
822 2354 857 2405 et
887 2343 971 2425 quid
1005 2362 1083 2407 cum
1108 2365 1151 2408 eo
1176 2343 1321 2425 egerim,
1346 2342 1468 2407 dicam.

190 2450 224 2513 Is
253 2450 363 2532 igitur
387 2452 437 2532 (ut
461 2451 549 2530 dixi)
574 2452 655 2513 dum
681 2470 751 2532 ego
776 2450 926 2515 Lovanii
950 2470 1081 2531 essem,
1114 2450 1196 2513 inde
1224 2452 1364 2529 aberat,
1391 2468 1469 2531 pro·

190 2555 306 2619 fectus
323 2556 444 2620 nescio
462 2577 547 2638 quo,
562 2556 645 2619 fidei
662 2578 777 2621 causa.
809 2558 922 2638 Quem
941 2568 1067 2639 postea
1087 2557 1269 2639 aliquanto
1285 2556 1471 2618 interiecto

191 2675 351 2747 tempore
390 2663 613 2745 Antverpiae
648 2685 718 2727 non
757 2664 963 2745 requisitum
999 2662 1143 2744 offendi,
1180 2663 1283 2746 eique
1306 2664 1472 2726 mandata

191 2768 277 2837 SS¹¹¹¹
305 2772 349 2833 D.
374 2770 417 2836 N.
443 2772 613 2854 exposui;
648 2771 776 2853 quibus
806 2771 867 2833 ille
896 2770 1039 2854 auditis,
1075 2770 1169 2834 illico
1194 2768 1378 2852 respondit
1400 2756 1471 2832 non

190 2900 269 2942 esse
294 2899 332 2942 se
364 2879 423 2961 qui
457 2879 589 2941 Vicarii
620 2879 750 2942 Christi
781 2879 995 2941 iussionibus
1027 2878 1200 2941 obsistere
1231 2877 1357 2950 vellet;
1392 2896 1470 2939 cum

190 2985 359 3068 quicquid
383 2985 418 3048 in
444 2985 596 3068 negocio
620 2984 704 3048 fidei
729 2986 864 3067 egisset
887 3007 929 3048 ac
954 2985 1104 3048 dixisset
1126 3003 1257 3065 magna
1286 3003 1333 3046 ex
1368 2993 1470 3064 parte

189 3113 256 3176 pro
280 3093 415 3156 tuenda
440 3103 475 3155 et
500 3093 695 3156 asserenda
725 3093 899 3175 dignitate
924 3093 1156 3174 Apostolicae
1181 3091 1286 3156 Sedis
1325 3101 1361 3154 et
1391 3110 1470 3153 auc·

191 3199 344 3262 toritatis
369 3220 473 3281 quam
498 3199 601 3264 nimis
626 3199 854 3281 contemptim
873 3220 894 3261 a
909 3198 1122 3262 Lutheranis
1146 3198 1298 3262 convelli
1322 3197 1473 3261 dixisset

191 3317 225 3370 et
250 3307 394 3389 egisset.
443 3304 516 3369 Sed
540 3308 640 3368 salva
665 3327 805 3388 semper
829 3327 938 3390 pace,
972 3319 1007 3368 et
1037 3310 1132 3370 bona
1162 3305 1266 3368 venia
1287 3303 1347 3367 8¹²¹
1366 3306 1410 3368 D.
1426 3305 1469 3369 N.

191 3413 310 3477 mirari
334 3433 372 3477 se
396 3413 446 3476 ait
470 3421 604 3476 tantum
628 3414 725 3495 apud
756 3413 831 3476 eius
860 3411 1092 3475 Sanctitatem
1121 3413 1276 3476 valuisse
1307 3413 1472 3494 querelas

190 3521 346 3601 Erasmi,
380 3541 486 3602 quem
517 3541 638 3582 omnes
672 3519 804 3582 scirent
837 3519 1015 3601 quomodo
1046 3518 1188 3601 scriptis
1212 3518 1283 3581 suis
1307 3519 1352 3580 de
1376 3514 1472 3580 Sede

192 3628 402 3712 Apostolica
427 3638 462 3690 et
485 3627 660 3708 religione
684 3626 828 3689 meritus
855 3636 959 3706 esset,
983 3635 1022 3687 ut
1045 3627 1090 3687 ad
1116 3625 1149 3687 ei
1181 3625 1472 3707 complacendum

193 3738 317 3799 eadem
342 3735 511 3798 sanctitas
535 3733 617 3796 fidei
643 3744 678 3796 et
701 3733 884 3816 religionis
907 3733 1118 3814 dictaequae
1142 3731 1247 3794 Sedis
1270 3751 1471 3815 propugna-

193 3843 328 3906 toribus
352 3841 529 3904 silentium
553 3839 804 3921 imponendum
830 3839 1037 3918 censuisset,
1068 3859 1134 3902 nec
1158 3839 1281 3902 videre
1305 3839 1472 3920 quidnam

193 3949 299 4014 animi
324 3951 370 4010 de
395 3957 515 4010 cetero
549 3946 705 4008 habituri
737 3955 856 4008 essent
888 3946 1015 4028 reliqui
1048 3945 1207 4028 theologi
1231 3955 1267 4009 et
1290 3946 1471 4028 praedica·

193 4067 289 4120 tores
313 4053 427 4117 Verbi
452 4053 519 4115 Dei
544 4054 589 4115 ad
624 4053 876 4133 exponendum
906 4073 945 4116 se
976 4051 1071 4116 mille
1101 4051 1407 4136 indignationibus
1438 4063 1473 4116 et

193 4161 363 4246 periculis
387 4180 453 4241 pro
478 4158 608 4221 Chrlsti
633 4158 703 4221 fide
727 4161 877 4221 tutanda
901 4169 936 4221 et
960 4161 1006 4221 ab
1020 4159 1281 4223 haereticorum
1295 4158 1471 4223 fermento

195 4269 421 4346 vindicanda,
445 4266 474 4329 si
500 4266 550 4329 eis
575 4266 634 4347 qui
667 4286 733 4347 pro
757 4265 959 4347 praecipuis
981 4265 1064 4330 fidei
1088 4266 1199 4347 ipsius
1222 4265 1472 4329 defensoribus

194 4389 229 4440 et
252 4374 513 4438 haereticorum
537 4373 825 4455 persecutoribus
848 4373 980 4454 ubique
1008 4381 1257 4454 reputarentur
1292 4393 1332 4436 ac
1363 4373 1470 4436 nomi-

193 4493 371 4562 narentur,
396 4502 418 4543 a
442 4479 571 4542 Christi
594 4479 728 4542 vicario
753 4479 930 4542 silentium
953 4479 1087 4560 imponi
1110 4479 1360 4560 intelligerent.
1400 4479 1472 4542 Ad·

194 4589 283 4652 didit
307 4598 425 4650 tamen
451 4607 489 4649 se
514 4585 718 4667 diligentius
752 4587 796 4648 de
829 4587 948 4648 dando
973 4585 1055 4648 mihi
1079 4587 1137 4647 vel
1162 4583 1228 4646 8¹³⁰
1252 4587 1317 4647 D¹²⁰
1339 4585 1472 4649 Nostro

194 4717 257 4780 per
293 4694 428 4759 ordinis
464 4693 517 4756 sui
558 4694 829 4756 Procuratorem
867 4691 965 4755 finali
1000 4712 1193 4774 respons0,
1236 4693 1472 4774 cogitaturum

193 4805 330 4867 interea
360 4802 442 4865 dum
479 4819 548 4882 ego
579 4799 774 4862 Lovanium
810 4799 981 4880 redirem,
1014 4819 1083 4880 quo
1115 4807 1197 4880 post
1226 4799 1364 4881 aliquos
1395 4799 1472 4864 dies

193 4911 389 4974 rediturum
425 4928 479 4970 me
515 4905 711 4990 spodondi;
745 4906 829 4969 licet
860 4918 986 4988 postea
1018 4908 1064 4968 ob
1096 4915 1194 4968 certa
1217 4906 1474 4987 impedimenta
