3425 5700
703 530 949 590 0-<ibl9ib4

186 674 449 739 ecclesiasticus
473 698 516 739 eo
541 677 584 740 sit
609 678 774 741 redactus
804 688 841 741 ut
875 681 972 740 nulla
1004 686 1145 740 maneat
1175 675 1324 759 pristine
1352 674 1462 757 digni·

186 782 268 844 tatis
292 782 486 845 auctoritas
511 793 546 846 et
569 784 656 847 velit
680 784 890 868 quicumque
915 785 983 848 sibi
1005 785 1137 866 passim
1168 785 1277 847 licere
1308 789 1464 845 statuere

185 898 309 951 contra
335 888 611 955 ecclesiasticam
635 891 847 973 libertatem,
872 890 1005 973 poterit
1037 894 1163 955 saltem
1187 892 1313 953 modus
1337 888 1464 970 aliquis

185 995 335 1076 reperiri
359 1016 430 1077 quo
454 998 512 1059 tel
536 996 737 1061 huiusmodi
760 997 836 1061 fieri
860 1000 1118 1080 prohibeantur
1149 1000 1208 1061 vel
1231 998 1328 1060 facta
1351 995 1464 1058 minus

186 1102 355 1182 officiant,
380 1111 417 1166 et
432 1104 672 1186 unusquisque
687 1106 795 1186 plane
818 1104 1020 1189 intelligere
1044 1104 1176 1186 poterit
1199 1105 1243 1166 de
1261 1112 1380 1166 cetero
1405 1102 1464 1164 ab·

187 1210 389 1273 stinendum
413 1232 434 1273 a
457 1211 636 1275 violentiis
661 1223 696 1275 et
720 1231 791 1275 non
815 1213 992 1276 hostiliter
1016 1232 1095 1276 esse
1119 1211 1324 1289 vivendum,
1358 1229 1463 1292 quum

185 1317 344 1399 olioquin
368 1317 398 1380 si
423 1317 540 1381 omnia
563 1339 629 1400 pro
653 1319 800 1382 libidine
825 1318 973 1382 istorum
996 1319 1073 1382 fieri
1088 1339 1195 1401 posse
1210 1318 1355 1397 debent,
1379 1315 1464 1378 nihil

184 1445 300 1505 neque
321 1424 356 1487 in
375 1423 568 1487 Germania
592 1446 707 1507 neque
732 1426 817 1497 alibi
842 1425 1064 1508 pauxillatim
1088 1435 1201 1488 tutum
1224 1444 1304 1487 esse
1318 1423 1460 1506 poterit,

185 1542 221 1593 et
244 1543 283 1594 ut
307 1532 431 1595 videre
448 1532 575 1595 videor
598 1533 828 1595 sacerdotalis
854 1532 1009 1615 dignitas
1033 1533 1165 1614 ubique
1189 1530 1464 1594 labefactabitur

185 1650 220 1700 et
245 1659 390 1721 pessum
413 1639 497 1715 ibit3
521 1642 590 1703 hoc
614 1650 730 1703 autem
748 1642 898 1721 posthac
921 1640 1015 1703 viam
1029 1640 1135 1703 facile
1158 1641 1311 1720 prebere
1334 1636 1466 1719 poterit

184 1746 231 1807 ad
262 1766 385 1809 omnes
418 1742 691 1809 Christianitatis
726 1746 906 1829 principes
940 1745 1222 1809 reconciliandos
1257 1754 1292 1807 et
1316 1745 1466 1823 demum,

116 1909 118 1913 .
185 1873 292 1933 quum
316 1853 467 1934 gratiam
492 1852 702 1934 invenerint,
729 1855 772 1915 de
804 1853 1033 1935 expeditione
1056 1855 1228 1916 adversus
1249 1851 1383 1913 Turcas
1411 1870 1466 1913 ca·

184 1959 364 2041 pessenda
388 1960 639 2034 decernerent;
675 1962 738 2023 sed
763 1959 981 2022 laudaverim
1013 1962 1108 2042 quod
1139 1959 1183 2023 V.
1208 1960 1255 2021 Β0
1287 1956 1467 2039 principes

184 2066 284 2147 ipsos
319 2065 457 2147 imperii
495 2075 530 2129 et
564 2067 611 2129 ad
647 2086 735 2148 quos
771 2066 904 2129 scribet
939 2066 1072 2130 alliciat
1111 2064 1351 2129 oblationibus
1394 2064 1466 2126 suis

184 2172 446 2235 humanissimis
481 2171 609 2254 quibus
639 2172 842 2253 intelligant
880 2194 959 2237 sese
995 2175 1128 2237 eisdem
1167 2193 1238 2235 non
1267 2170 1467 2234 defuturam

184 2279 340 2343 consiliis
378 2278 557 2361 suffragiis
591 2278 703 2361 copiis
739 2288 774 2341 et
810 2279 939 2360 opibus
976 2280 1048 2343 suis
1086 2299 1309 2362 quecumque
1346 2286 1467 2361 potest

185 2384 302 2448 omnia
328 2386 536 2448 collaturam
562 2385 607 2447 ad
633 2406 676 2448 ea
708 2406 777 2467 que
800 2405 919 2449 rerum
942 2388 1036 2449 bene
1061 2386 1325 2469 dirigendarum
1348 2404 1466 2447 neces·

184 2492 272 2554 sitas
296 2491 511 2572 postulabit;
536 2512 606 2573 que
631 2492 748 2555 omnia
776 2513 841 2574 pro
873 2514 952 2556 meo
986 2513 1074 2575 erga
1098 2493 1171 2555 V⁵¹¹¹
1194 2492 1279 2554 Bnem
1302 2491 1467 2573 illiusque

185 2598 420 2681 apostolicam
444 2600 565 2661 sedern
590 2597 698 2661 officii
734 2600 855 2661 debito
888 2600 979 2662 sicut
1005 2620 1077 2663 non
1101 2600 1202 2682 potui
1226 2619 1295 2661 non
1318 2598 1466 2680 perscri-

185 2709 282 2787 bere,
308 2704 359 2767 sic
384 2703 503 2768 omnia
526 2716 663 2769 maturo
687 2726 750 2768 suo
775 2705 923 2769 consilio
948 2715 984 2769 et
1011 2704 1200 2788 prudentie
1222 2706 1409 2787 probanda
1433 2702 1468 2767 e't

185 2814 406 2877 moderanda
430 2810 588 2876 subiicio.

275 2920 355 3002 Ego
372 2919 416 2982 de
432 2930 528 2982 sermo
544 2919 706 3001 principe
721 2918 809 2982 nihil
831 2919 867 2982 in
893 2919 1134 3002 superioribus
1150 2919 1276 3002 scripsi
1299 2927 1335 2981 et
1358 2939 1467 3000 quan·

187 3026 379 3109 doquidem
403 3026 544 3090 minime
568 3026 685 3090 vereri
711 3027 819 3089 debet
842 3024 892 3087 V·
917 3025 979 3088 Β(10
1001 3027 1046 3090 de
1071 3047 1134 3089 sua
1158 3024 1361 3089 Serenitate
1385 3025 1468 3107 quin

185 3155 250 3198 sua
273 3144 402 3217 sponte
425 3133 638 3216 pronissime
662 3133 707 3196 sit
731 3134 776 3195 ad
802 3152 844 3195 ea
868 3131 1109 3215 impendenda
1137 3152 1205 3214 que
1229 3130 1381 3215 principi
1408 3131 1468 3213 pio

186 3251 223 3304 et
245 3239 513 3322 religiosissimo
538 3238 754 3302 conveniant
777 3239 880 3302 simul
904 3252 939 3302 et
965 3239 1007 3302 V.
1033 3239 1073 3302 B¹
1088 3238 1252 3320 illiusque
1268 3236 1355 3301 Sedi
1371 3238 1467 3319 Apo-

188 3347 314 3412 stolice
339 3347 539 3410 conducere
564 3356 600 3410 et
615 3357 802 3426 utrumque
827 3345 956 3409 decere
980 3346 1181 3427 arbitratur,
1207 3346 1302 3427 quod
1315 3344 1468 3408 maxime

187 3453 319 3518 efficiet
352 3464 387 3516 et
420 3453 536 3517 omnia
567 3452 836 3535 diligentissime
869 3454 1008 3516 curabit
1035 3453 1065 3516 si
1097 3454 1221 3516 eadem
1252 3452 1296 3517 V.
1333 3450 1385 3515 S⁸⁸
1416 3452 1470 3532 (ut

186 3561 295 3643 cepit)
338 3561 454 3642 ipsum
493 3560 635 3623 auxiliis
673 3559 745 3622 suis
782 3559 890 3622 fuerit
928 3568 1129 3643 prosecuta.
1193 3559 1248 3620 Ex
1289 3558 1467 3621 Tridento.

186 3667 250 3733 X&
276 3667 432 3748 Augusti
461 3688 553 3747 15²5·

731 3863 812 3874 uum
816 3865 836 3873 ν..
841 3865 873 3874 νυ,
879 3864 907 3874 »ιη
918 3865 936 3873 .>.

792 4120 867 4185 243.

565 4235 711 4317 carolus
742 4235 777 4316 V.
807 4234 979 4316 Clementi
1005 4235 1084 4317 ut

645 4383 741 4457 (Epist.
759 4383 849 4441 Prlno.
869 4381 921 4440 111.
943 4381 1013 4452 228.)

682 4501 734 4566 (11.
755 4501 872 4564 Augusti
894 4506 980 4565 1525.)

282 4647 367 4709 Una
377 4665 456 4708 cum
469 4642 595 4707 litteris
608 4641 657 4706 8¹⁸
669 4642 714 4708 V.
728 4644 820 4705 datis
834 4643 909 4706 dies
916 4642 1024 4705 vum
1030 4641 1125 4722 Junii
1139 4639 1341 4724 accepimus
1352 4661 1467 4704 exem·

188 4757 286 4837 plum
310 4754 450 4815 illarum
474 4771 561 4834 quas
586 4749 704 4814 Ser¹¹³¹¹⁸
735 4751 902 4814 Austriae
927 4750 1113 4813 Archidux
1137 4749 1248 4812 frater
1271 4757 1393 4812 noster
1417 4750 1463 4811 ad

192 4881 270 4925 eam
294 4860 339 4922 de
365 4860 649 4922 Lutheranorum
673 4857 879 4920 tumultibus
903 4859 1070 4932 dederat;
1103 4858 1213 4919 multa
1236 4855 1344 4919 etiam
1366 4855 1470 4919 nobis
