3425 5700
652 582 800 650 *dlii
839 579 898 647 &a

139 731 215 802 dam
238 729 391 802 attinere
415 732 606 802 arbitratus
629 738 730 803 fuero
754 739 790 804 in
820 740 877 804 his
908 738 1078 823 maxime,
1102 743 1141 804 ut
1161 727 1416 805 molestissimis

139 846 185 909 sic
207 846 512 928 pernitiosissimis
534 847 745 911 rusticorum
776 847 1028 930 seditionibus,
1060 869 1148 931 quas
1176 867 1245 929 ego
1273 847 1417 930 pariter,

140 965 217 1036 post
253 954 405 1036 patriam
440 952 623 1035 infectam,
663 954 699 1017 in
735 955 945 1037 episcopatu
979 957 1047 1019 hoc
1084 976 1165 1037 su0,
1207 973 1338 1035 magna
1371 975 1418 1017 ex

140 1071 237 1141 parte
261 1072 297 1122 et
320 1060 444 1124 videre
469 1070 504 1122 et
529 1061 703 1124 sustinere
727 1071 872 1126 coactus
895 1083 983 1126 sum.
1019 1062 1140 1143 Atque
1168 1061 1301 1125 utinam
1334 1061 1419 1124 velit

140 1169 233 1230 Deus
258 1166 493 1251 Omnipotens
517 1169 613 1249 quod
636 1169 694 1231 hic
719 1169 837 1232 omnia
860 1169 1000 1251 possint
1021 1169 1081 1231 vel
1103 1166 1245 1250 pacari,
1276 1169 1333 1231 vel
1359 1189 1417 1230 ex·

141 1275 263 1356 tingui,
287 1295 383 1357 cura,
408 1275 524 1338 studio
550 1283 586 1338 et
608 1276 799 1356 prudentia
823 1274 1046 1339 Serenissimi
1069 1274 1264 1357 Principis,
1289 1274 1348 1356 qui
1372 1275 1417 1338 ad

141 1381 173 1443 id
196 1382 451 1463 praestandum
476 1380 593 1444 omnia
617 1381 768 1465 cogitat,
801 1391 1019 1464 conatusque
1054 1402 1137 1445 suos
1172 1401 1276 1464 quam
1300 1390 1419 1464 potest

141 1487 408 1570 diligentissime
439 1487 630 1569 impendit,
665 1491 761 1570 quod
791 1491 821 1552 si
852 1488 926 1553 Sua
959 1486 1143 1553 Serenitas
1174 1491 1281 1571 (quod
1312 1487 1419 1569 absit)

141 1615 211 1659 rem
234 1616 305 1659 non
330 1576 541 1675 confecerit,
570 1583 637 1658 ⁴sed
665 1595 734 1676 ipsi
768 1597 868 1659 oneri
900 1596 1140 1677 succubuerit,
1172 1606 1287 1658 actum
1311 1597 1419 1677 plane

142 1702 243 1765 video
267 1704 313 1765 de
336 1703 444 1765 rebus
466 1702 521 1765 his
545 1700 762 1764 Tridentinis
787 1702 923 1786 pariter
948 1712 986 1765 ut
1002 1703 1048 1766 de
1062 1702 1217 1784 reliquis,
1242 1711 1278 1765 et
1293 1702 1419 1766 eadem

141 1810 287 1890 posthac
320 1811 414 1874 inter
437 1809 619 1892 proximas
649 1809 734 1872 mihi
765 1809 927 1873 nationes
957 1811 1148 1873 metuenda
1172 1818 1284 1873 erunt.
1320 1807 1419 1890 Quae

143 1916 256 1979 omnia
282 1918 370 1979 velit
394 1914 574 1980 Sanctitas
597 1915 729 1979 Vestra
753 1936 817 1979 sua
839 1915 1047 1998 prudentia,
1080 1937 1144 1979 suo
1173 1916 1320 1979 consilio
1343 1934 1419 1996 per-

142 2024 308 2104 pendere,
333 2032 440 2106 atque
464 2022 681 2106 prospicere,
706 2035 742 2086 et
766 2044 872 2105 quam
895 2032 1015 2106 potest
1048 2021 1103 2086 his
1127 2026 1234 2086 rebus
1259 2021 1419 2104 extingu-

143 2130 243 2193 endis
266 2150 370 2212 opem
395 2130 507 2211 ferre,
531 2130 627 2211 quod
651 2149 755 2193 nemo
780 2131 905 2194 melius
938 2151 1043 2212 quam
1067 2129 1172 2192 armis
1196 2132 1421 2211 adsequetur,

140 2248 176 2298 ut
199 2237 294 2300 idem
318 2237 493 2319 Princeps
520 2235 775 2300 Serenissimus
798 2236 920 2300 facere
944 2237 1103 2318 instituit,
1128 2237 1156 2300 si
1180 2237 1340 2300 fautores
1362 2237 1420 2298 ha-

141 2344 267 2424 buerit,
284 2354 321 2407 et
336 2364 378 2407 eo
394 2344 500 2407 modo
516 2343 702 2426 continget
717 2344 814 2424 quod
833 2352 955 2407 vestra
969 2343 1162 2408 Beatitudo
1179 2347 1260 2406 dum
1276 2343 1422 2406 adiuvat

140 2449 257 2513 aliena
280 2451 348 2513 sibi
371 2450 440 2532 ipsi
464 2452 644 2531 consulet,
676 2461 711 2512 et
742 2471 804 2513 sua
828 2451 985 2514 tuebitur
1008 2451 1064 2514 cui
1087 2472 1143 2514 me
1169 2460 1205 2514 et
1227 2449 1422 2513 Ecclesiam

140 2555 248 2620 Suam
272 2558 516 2621 Tridentinam
539 2577 645 2639 quam
669 2557 821 2621 maxime
845 2559 1064 2621 commendo.

228 2665 283 2727 Ex
307 2665 432 2748 Rippa
455 2664 650 2746 penultimo
674 2663 761 2727 Maii
783 2664 984 2730 MDXXV.

982 2793 1063 2840 Hum.
1083 2791 1209 2840 Creatura

895 2882 924 2931 B.
946 2882 1021 2946 Eps.
1041 2882 1280 2935 Tridentinus,

678 3130 884 3142 mmmmm-§namn

395 3537 591 3639 Episcopus
619 3424 851 3620 Trideniiius
880 3539 1052 3620 clementi
1079 3539 1157 3622 VIL

572 3686 672 3760 (aput
690 3688 778 3760 princ.
796 3688 848 3747 m.
867 3687 913 3747 fol.
932 3686 997 3755 ut.)

659 3812 716 3882 (11.
735 3817 803 3867 Maii
824 3816 913 3883 1525·)

230 3954 444 4019 Beatissime
483 3957 592 4020 Pater
627 3968 664 4020 et
699 3958 851 4022 Domine
887 3957 1143 4023 Colendissime
1176 3967 1258 4038 post
1292 3962 1422 4039 pedum

137 4060 337 4125 Beatorum
360 4063 483 4125 oscula
506 4063 722 4127 humilimam
746 4065 1071 4147 comendationem,
1105 4076 1141 4129 et
1173 4066 1423 4149 obsequiorum

135 4169 394 4251 servitutisque
419 4189 497 4232 mee
522 4170 756 4235 oblacionem.

233 4276 376 4356 Quanto
399 4276 515 4359 magis
538 4276 655 4340 animo
678 4298 785 4341 verso
810 4277 968 4343 debitum
991 4278 1075 4343 fidei
1103 4289 1139 4343 et
1173 4280 1425 4344 observantiae

136 4402 221 4446 mee
248 4402 336 4465 erga
359 4382 526 4446 Vestram
557 4384 820 4449 Beatitudinem
854 4393 891 4449 et
922 4383 1053 4450 Sedem
1086 4386 1348 4468 Apostolicam,
1381 4407 1425 4450 eo

137 4490 262 4572 magis
284 4490 444 4552 adducor
462 4500 500 4551 ut
523 4490 611 4554 nihil
635 4492 787 4556 debeam
810 4493 1072 4574 pretermittere
1104 4494 1244 4575 quoda
1268 4513 1323 4556 me
1357 4493 1425 4555 dici

133 4595 341 4678 prestarive
376 4596 490 4677 possit
523 4618 592 4680 pro
621 4595 694 4661 Sua
732 4619 810 4662 cum
841 4600 1090 4664 exhaltacione
1122 4610 1157 4663 et
1188 4603 1324 4663 honore
1352 4608 1426 4663 turn

133 4704 253 4765 etiam
274 4702 471 4785 reipublice
495 4706 648 4768 comodo
673 4714 709 4768 et
732 4720 960 4787 augumento.
985 4706 1094 4769 Novit
1109 4706 1279 4789 imprimis
1295 4705 1426 4770 Vestra

132 4808 336 4875 Beatitudo
371 4810 483 4893 ipsius
516 4810 709 4876 Germanie
738 4814 908 4876 tumultus
942 4822 977 4875 et
1014 4813 1207 4878 seditiones
1241 4812 1426 4893 inauditas,

133 4936 285 5003 queque
308 4937 354 4979 ex
378 4918 434 4980 his
460 4928 648 4984 manarunt
671 4922 794 5002 cedes,
831 4920 1016 5005 incendia,
1052 4920 1349 5007 depopulationes
1373 4941 1426 4989 ec·
