3425 5700
820 535 1067 592 &dillffl

303 669 524 754 Moguntiam
556 689 748 760 compotes.
803 682 858 743 De
893 682 1102 760 Wormatia,
1134 703 1226 764 quae
1254 683 1435 765 antiquum
1463 683 1580 746 odium

303 779 338 840 in
364 779 504 844 Clerum
528 783 688 865 retinuit,
713 788 798 851 nihil
824 789 951 852 attinet
974 793 1077 872 plura
1100 791 1267 872 scribere,
1292 811 1370 854 cum
1395 793 1500 854 rebus
1525 793 1581 854 ad·

305 886 373 948 huc
413 891 715 972 tranquillioribus
754 896 1044 962 lutherissaverit.
1111 897 1316 980 Pervagata
1358 907 1411 960 est
1455 896 1582 961 deinde

305 993 395 1056 haec
420 997 531 1077 pestis
556 998 590 1060 in
614 1000 794 1082 Hassiam,
829 1005 889 1066 ubi
921 1003 1102 1069 Coenobio
1127 1003 1297 1068 Fuldensi
1328 1005 1481 1067 maxime
1503 1003 1581 1068 insi·

305 1099 367 1179 gni
391 1115 576 1185 occupat0,
602 1110 708 1171 rebus
734 1109 892 1174 eiusdem
916 1111 1098 1175 Ecclesiae
1128 1111 1285 1174 funditus
1310 1111 1461 1192 eversis,
1492 1131 1583 1194 quae

305 1206 447 1287 Imperii
483 1211 685 1296 Principem
721 1237 813 1280 nunc
849 1239 960 1300 usque
996 1221 1229 1292 sustentabat;
1268 1240 1333 1283 nec
1373 1239 1438 1301 per
1471 1218 1584 1300 ipsam

305 1313 469 1378 Hassiam
493 1320 667 1398 parcitum
697 1331 752 1384 est
774 1325 903 1386 ceteris
927 1324 1105 1408 religiosis
1130 1327 1227 1405 locis,
1252 1329 1343 1390 adeo
1360 1326 1454 1408 quod
1472 1325 1583 1388 Land-

305 1421 450 1502 gravius
470 1423 642 1514 Princeps
666 1439 702 1490 et
725 1428 872 1494 Nobiles
897 1432 949 1494 sui
975 1433 1121 1496 urbibus
1145 1433 1358 1515 oppidisque
1382 1432 1500 1512 exuti,
1525 1432 1584 1494 da·

307 1536 428 1591 rentur
451 1532 557 1594 modo
582 1534 804 1600 conditiones
828 1547 1007 1621 utcunque
1035 1539 1165 1622 inique,
1193 1543 1286 1604 ultro
1321 1541 1390 1604 iam
1422 1541 1501 1604 illas
1531 1561 1585 1604 ac·

307 1645 503 1716 ceptarent.
549 1640 638 1704 inde
661 1643 825 1723 proxima
848 1645 1018 1728 Turinga,
1040 1647 1095 1710 cui
1113 1644 1290 1730 Georgius
1307 1650 1389 1711 Dux
1404 1645 1586 1710 Saxoniae

307 1741 386 1824 pius
410 1743 470 1806 ille
494 1745 665 1830 Princeps
688 1749 860 1815 innocens
884 1753 1074 1834 praesidet,
1098 1756 1166 1818 hoc
1191 1775 1332 1836 quoque
1357 1757 1485 1818 malum
1508 1774 1585 1818 sen·

308 1849 363 1928 sit,
388 1871 458 1913 non
483 1853 626 1918 dubium
651 1857 735 1937 quin
761 1868 797 1921 et
819 1859 855 1922 in
887 1859 1055 1924 ulteriora
1080 1859 1261 1924 Saxoniae
1290 1862 1369 1924 loca
1400 1861 1445 1924 sit
1476 1861 1586 1942 irrup-

307 1966 441 2038 turum,
466 1961 653 2042 presertim
678 1963 746 2027 iam
771 1965 974 2030 Franconia
998 1988 1139 2050 quoque
1164 1968 1214 2032 sic
1247 1969 1373 2033 misere
1405 1969 1587 2032 divexata.

309 2063 409 2145 Quae
433 2067 705 2151 Herbipolensis
729 2076 893 2155 populus,
918 2095 1009 2156 quae
1027 2075 1250 2158 Eystetensis
1274 2075 1470 2154 Ecclesiae,
1495 2095 1588 2158 quae

308 2169 392 2235 item
416 2174 694 2259 Bambergensis
725 2181 906 2244 Anstititis
938 2182 1071 2244 subditi
1103 2183 1138 2245 in
1171 2203 1254 2246 suos
1281 2183 1481 2265 Episcopos
1511 2181 1588 2245 Cle-

309 2299 455 2361 rumque
488 2286 682 2348 eorundem
713 2297 921 2369 patrarunt,
954 2309 1046 2370 quae
1078 2289 1239 2353 Marchio
1275 2289 1477 2372 Casymirus
1508 2309 1589 2352 cum

309 2385 490 2469 fratribus,
515 2400 551 2453 et
574 2391 740 2458 universa
764 2395 986 2460 Franconiae
1018 2397 1192 2460 Nobilitas
1222 2417 1396 2480 perpessa
1426 2407 1479 2461 est
1514 2397 1588 2459 lon-

307 2494 488 2576 gissimum
513 2509 549 2560 et
571 2499 673 2563 simul
707 2501 841 2565 fastidii
865 2506 972 2586 plena
996 2525 1052 2568 res
1077 2515 1187 2585 esset,
1219 2523 1418 2568 recensere.
1460 2503 1588 2566 Herbi·

309 2601 419 2683 polim
448 2602 573 2668 insana
605 2606 658 2670 vis
696 2610 851 2692 obsedit,
887 2621 922 2675 et
956 2633 1021 2694 per
1056 2612 1236 2675 cuniculos
1274 2609 1437 2674 demoliri
1471 2631 1591 2673 arcem

309 2709 575 2775 munitissimam
611 2734 786 2796 aggressa
823 2729 887 2781 est.
955 2717 1229 2800 Argentinensis
1272 2718 1490 2800 Episcopus,
1528 2715 1591 2798 qui

310 2814 538 2884 Gubernator
561 2832 638 2885 erat
660 2820 895 2905 Moguntinae
920 2826 1138 2909 provinciae,
1164 2826 1383 2907 interceptus
1407 2844 1485 2888 esse
1503 2843 1591 2889 nun-

315 2926 432 3007 tiatur,
458 2938 494 2991 et
517 2929 592 2993 eius
615 2933 810 2997 residentia
834 2934 1007 2997 Zabernia
1032 2936 1201 3017 oppidum
1225 2934 1319 2996 haud
1345 2933 1525 2996 incelebre
1555 2933 1592 2996 in

312 3053 452 3097 manum
477 3057 617 3119 quoque
642 3041 925 3104 tumultuantium
950 3042 1159 3105 rusticorum
1183 3041 1341 3104 cessisse.
1389 3039 1592 3121 Auguston-

311 3143 360 3205 sis
383 3153 527 3225 praeter
550 3164 657 3209 unum
681 3148 797 3211 locum
821 3159 858 3212 et
881 3152 1030 3213 alterum
1067 3148 1238 3231 spoliatus
1267 3158 1321 3211 est
1350 3146 1484 3210 ditione
1515 3166 1593 3209 sua.

311 3249 436 3331 Neque
460 3250 699 3335 Frisingensis
722 3254 884 3319 Ecclesia
908 3254 1021 3319 evasit
1044 3258 1135 3318 hanc
1151 3257 1358 3340 procellam.
1405 3252 1591 3334 Campido·

313 3357 431 3420 nensis
447 3358 572 3423 Abbas
589 3361 681 3424 inter
694 3362 837 3444 Imperii
862 3363 1047 3444 Principes
1066 3372 1338 3426 connumeratus
1363 3372 1510 3425 exactus
1525 3369 1596 3440 est,

310 3487 438 3547 resque
463 3465 539 3530 eius
562 3467 770 3533 Monasterii
794 3471 890 3552 quod
914 3470 1067 3533 dirutum
1092 3479 1146 3533 est
1168 3468 1344 3548 funditus,
1374 3488 1418 3531 eo
1434 3468 1594 3547 devenit,

311 3584 443 3638 utnon
467 3574 617 3656 amplius
640 3578 755 3658 possit
777 3577 941 3660 privatae
965 3578 1069 3641 sortis
1094 3576 1270 3639 hominem
1295 3577 1409 3655 alere,
1435 3575 1530 3656 quod
1557 3586 1597 3637 et

312 3681 493 3764 plerisque
528 3681 607 3745 aliis
635 3681 861 3748 Monasteriis
886 3684 1160 3765 eorumdemque
1186 3681 1424 3745 munitissimis
1449 3679 1597 3744 arcibus

313 3788 452 3871 evenit,
485 3810 556 3853 non
587 3792 692 3854 modo
725 3812 791 3873 per
817 3791 980 3855 dioceses
1007 3790 1249 3873 predictorum
1284 3788 1490 3868 antistitum,
1526 3788 1597 3851 sed

313 3897 419 3960 etiam
442 3918 508 3980 per
531 3898 816 3981 Lotharingiam,
850 3898 910 3961 ubi
945 3898 1075 3961 finibus
1099 3896 1313 3961 Germaniae
1337 3905 1392 3958 est
1415 3893 1596 3976 exposita.

313 4006 532 4069 Alsaciensis
563 4008 735 4089 populus,
767 4006 826 4088 qui
856 4005 1064 4068 abundabat
1089 4003 1253 4083 omnium,
1278 4002 1431 4066 maxime
1455 4021 1596 4066 monas·

314 4113 412 4177 teriis
436 4122 472 4176 et
495 4114 583 4177 locis
606 4112 783 4196 religiosis
807 4133 955 4195 quorum
979 4112 1090 4175 maior
1114 4110 1231 4196 portio
1255 4111 1299 4172 ad
1325 4130 1380 4173 me
1404 4111 1599 4191 spectabat

312 4220 389 4285 iure
405 4221 626 4303 advocatiae,
650 4221 753 4284 simili
767 4220 888 4283 furore
913 4220 1038 4283 eadem
1067 4219 1252 4299 destruxit,
1277 4216 1472 4295 nobilitate,
1499 4236 1598 4299 quae

316 4339 393 4392 erat
417 4350 545 4411 magna
570 4340 605 4391 et
637 4338 781 4392 strenua
810 4329 856 4390 ad
881 4348 978 4390 suam
1009 4336 1225 4409 potestatem
1256 4328 1418 4402 subacta,
1452 4324 1599 4391 arcibus

316 4439 510 4500 eorundem
534 4436 722 4516 demolitis,
746 4444 782 4498 et
806 4434 908 4498 bonis
933 4434 1071 4497 ablatis
1109 4434 1279 4516 Magnam
1295 4451 1435 4515 quoque
1455 4440 1598 4513 partem

316 4544 496 4624 nobilium,
521 4553 559 4606 ut
582 4542 808 4605 coniurarent
831 4563 910 4604 cum
935 4540 985 4605 eis
1009 4551 1206 4623 coegerunt
1229 4538 1377 4603 saevitia
1394 4558 1467 4601 sua.
1515 4537 1600 4601 Hos

316 4652 428 4717 secuti
451 4662 534 4715 sunt
557 4648 791 4733 Sundgaudii,
816 4648 876 4731 qui
900 4648 1079 4711 Basileam
1103 4646 1324 4729 protingunt,
1349 4655 1386 4709 et
1402 4644 1600 4727 Brisgavii,

317 4771 353 4825 et
377 4760 437 4842 qui
461 4758 584 4842 nigrae
609 4758 721 4822 silvae
744 4757 883 4820 incolae
908 4765 989 4819 sunt
1017 4755 1087 4819 illis
1111 4754 1237 4832 vicini,
1271 4772 1393 4817 omnes
1417 4750 1485 4814 mei
1509 4770 1599 4833 gen-

316 4866 416 4932 tilicii
439 4866 534 4931 iuris.
580 4865 654 4928 Nec
679 4864 976 4948 praetereupdum
1001 4882 1080 4927 esse
1104 4881 1250 4940 censen,
1282 4860 1497 4942 Episcopum
1522 4856 1601 4921 Tri·
