3425 5700
610 582 856 646 *eleseu

99 736 157 801 tior
181 757 276 818 sum,
312 755 416 821 quam
443 757 599 820 unquam
635 756 757 800 eorum
787 735 960 819 perfidiae
992 737 1236 818 subscribere,
1268 733 1371 802 sicuti

99 845 408 909 Reverendissimo
453 845 604 908 Domino
647 842 827 908 Cardinali
871 843 1066 926 Campegio
1102 845 1138 908 in
1183 846 1371 928 Hungaria

100 950 299 1016 Sanctitatis
322 953 476 1016 Vestrae
500 952 652 1034 legat0,
677 952 721 1013 de
745 950 873 1030 studio,
899 950 1084 1032 diligentia
1108 962 1144 1015 et
1158 971 1268 1034 opera
1292 973 1371 1015 mea

98 1060 156 1120 hoc
180 1058 216 1120 in
233 1059 384 1140 negocio
401 1058 578 1137 adhibitis,
602 1056 713 1120 lacius
737 1065 894 1130 constat;
919 1057 1080 1140 supplico
1097 1059 1217 1139 itaque
1235 1057 1370 1121 Sancti-

100 1166 155 1226 tati
168 1165 329 1246 Vestrae,
352 1175 485 1247 quanta
497 1183 640 1246 possum
652 1163 859 1243 humilitate,
874 1161 1050 1227 Sanctitas
1059 1163 1191 1227 Vestra
1204 1165 1371 1246 dignetur

100 1274 234 1335 tandem
258 1273 423 1335 clementi
448 1282 621 1353 paternae
643 1269 788 1352 pietatis
812 1273 915 1333 oculo
939 1272 1032 1333 hanc
1056 1271 1224 1348 diocesim
1246 1292 1371 1352 meam,

99 1377 196 1441 immo
221 1399 318 1440 suam
344 1378 551 1460 benigniter
573 1376 762 1459 respicere.
789 1418 791 1423 -
819 1375 909 1440 Nam
934 1396 977 1440 eo
1001 1398 1059 1440 res
1082 1381 1238 1440 nondum
1262 1378 1370 1458 venit,

100 1495 130 1544 ut
152 1486 196 1546 de
214 1485 447 1546 restauranda
467 1483 642 1564 religione
666 1504 749 1565 spes
775 1483 888 1546 omnis
912 1485 1032 1547 ablata
1056 1485 1111 1565 sit,
1136 1484 1369 1565 racionesque

101 1600 312 1671 opportunas
335 1591 438 1652 huius
462 1592 602 1672 amplae
627 1589 808 1672 dyocesis,
833 1591 1020 1652 Romanae
1045 1587 1131 1652 Sedi
1164 1590 1371 1654 retinendae

100 1707 227 1758 mature
259 1696 350 1759 inire
381 1708 570 1778 antequam
603 1717 743 1759 errores
766 1696 816 1759 hii
838 1696 875 1759 in
899 1697 1014 1759 vicina
1033 1717 1147 1779 regna
1163 1697 1371 1780 Hungariae

101 1803 286 1865 Bohemiae
312 1804 484 1866 Poloniae
508 1815 543 1866 et
567 1814 710 1867 caetera
743 1813 890 1885 serpant
920 1806 1069 1886 posthac
1100 1824 1279 1885 nunquam
1314 1827 1371 1866 ex-

102 1909 291 1991 tinguendi.
339 1909 396 1974 Ob
419 1911 457 1972 id
481 1911 573 1973 enim
603 1909 806 1973 Sanctitatis
830 1911 984 1974 Vestrae
1017 1931 1234 1993 magnopere
1267 1911 1371 1974 inter·

102 2037 172 2078 esse
203 2017 400 2097 videretur,
431 2038 537 2099 quarn
567 2019 718 2099 primum
749 2018 830 2079 huic
863 2019 955 2081 malo
989 2019 1071 2080 dum
1099 2038 1224 2080 recens
1255 2018 1371 2080 adhuc

102 2134 148 2185 est
171 2124 314 2186 obviam
337 2125 400 2186 ire.
447 2123 487 2186 Id
513 2125 608 2205 quod
631 2145 697 2206 pro
723 2124 844 2187 debito
861 2145 940 2186 meo
957 2122 1190 2187 Sanctitatem
1208 2125 1371 2187 Vestram

102 2229 220 2293 iterum
249 2231 409 2294 officiose
440 2231 537 2294 nolui
568 2233 695 2294 celare.
750 2228 939 2293 Sanctitati
967 2231 1120 2294 Vestrae
1152 2231 1300 2313 perinde
1334 2252 1376 2294 ac

101 2339 367 2400 clementissimo
384 2338 538 2400 Domino
562 2359 640 2400 meo
666 2357 721 2399 me
746 2336 1010 2400 devotissimam
1035 2337 1216 2400 euiusdem
1241 2350 1374 2401 creatu-

100 2464 169 2506 ram
191 2445 384 2507 humillime
409 2446 627 2507 commendo

182 2552 262 2615 Dat.
288 2550 498 2615 Otmuchaw
523 2551 580 2613 die
604 2550 788 2631 Vigesima
816 2560 945 2614 octava
977 2551 1111 2614 Mensis
1141 2550 1237 2632 Junii
1268 2552 1375 2614 Anno

101 2657 235 2720 Domini
257 2657 460 2723 MDXXV.

185 2765 349 2828 Eiusdem
373 2763 582 2828 Sanctitatis
606 2765 769 2827 Vestrae.

893 2873 1071 2921 Devotissima
1089 2874 1216 2921 Creatura

766 2959 887 3023 Imm
907 2966 1055 3029 Episcopus
1076 2964 1297 3015 Vratislaviensis

641 3122 841 3134 »mmmm-m«

695 3319 771 3385 226.

350 3436 546 3537 Episcopus
574 3434 805 3515 Tridentinus
832 3434 1004 3515 Clementi
1032 3436 1110 3518 VH.

549 3581 650 3656 (Epist.
667 3581 758 3640 Prius.
776 3582 827 3640 m
844 3582 915 3653 185.)

608 3700 645 3768 l1·
664 3701 731 3766 Julii
753 3701 840 3763 1525l

185 3824 360 3890 Sanctitas
388 3826 519 3888 Vestra
556 3824 680 3887 debuit
710 3824 779 3887 iam
818 3824 1000 3905 accepisse
1036 3826 1231 3888 cuiusmodi
1262 3826 1369 3888 fuerit

97 3952 301 4012 responsum
325 3934 420 4014 quod
446 3930 701 4013 Serenissimus
725 3932 893 4013 princeps
919 3933 1114 3994 declaravit
1138 3932 1370 4014 popularibus

97 4038 196 4101 buius
218 4039 412 4103 Comitatus
436 4058 543 4119 super
567 4037 735 4119 querellis
759 4047 794 4099 et
817 4037 1054 4119 peticionibus
1079 4040 1283 4119 eorundem,
1299 4058 1368 4121 quo
1425 4022 1437 4029 ⁶

96 4144 233 4224 quidem
257 4150 365 4230 plane
391 4145 562 4226 colligere
587 4144 669 4206 licet
693 4164 772 4206 eum
806 4164 885 4207 esse
909 4164 1013 4225 quem
1047 4155 1189 4209 vestrae
1214 4145 1369 4208 Beatitu-

97 4251 172 4313 dini
192 4254 331 4336 saepius
357 4261 505 4315 testatus
529 4272 605 4313 sum
629 4250 825 4332 principem
850 4250 1055 4333 religiosum
1084 4253 1212 4315 iustum
1246 4261 1281 4315 et
1310 4254 1369 4314 ho·

96 4368 228 4424 nestum
251 4362 354 4424 simul
379 4371 414 4422 et
438 4361 650 4422 catholicum
673 4358 806 4421 ordinis
840 4370 876 4421 et
900 4358 1083 4440 dignitatis
1107 4359 1369 4422 ecclesiasticae

97 4464 327 4532 defensorem.
375 4467 415 4529 In
441 4486 510 4547 quo
535 4466 686 4546 negocio
703 4465 870 4546 quicquid
895 4485 962 4547 ego
980 4465 1125 4528 fecerim
1149 4466 1280 4547 quidve
1303 4486 1369 4548 pro

94 4571 188 4633 virili
208 4596 285 4637 mea
308 4574 429 4637 facere
453 4573 646 4652 contend0,
670 4591 794 4653 parum
826 4571 992 4634 convenit
1021 4573 1115 4653 quod
1138 4572 1175 4635 id
1210 4573 1288 4654 ipsa
1323 4593 1368 4635 ex

92 4699 152 4740 me
179 4690 377 4764 cognoscat,
401 4680 489 4743 alios
514 4700 617 4762 quarn
642 4698 697 4740 me
721 4680 895 4741 relatores
918 4679 1081 4743 habitura

184 4784 234 4849 Ex
256 4788 428 4851 Tridento
457 4807 482 4851 1.
507 4785 591 4865 Julii
620 4804 712 4864 1525·

629 4963 836 4975 wvwmmwwwvw
