3425 5700
807 575 1054 635 &ibib-⁰

424 947 648 1048 Mmgherita
675 831 1125 1029 uenturisfiglustnm
1154 947 1326 1030 Clementi
1354 951 1433 1032 VII.

364 1094 432 1166 (sub
448 1093 665 1153 diruentem
683 1093 801 1153 laetiore
817 1094 848 1153 dl
866 1095 973 1154 diverti
986 1095 1109 1170 Prlnolpl
1127 1097 1158 1154 of
1172 1095 1251 1155 utet.
1270 1097 1343 1157 1525.
1361 1097 1425 1170 tort
1440 1099 1504 1166 ut.)

797 1213 852 1280 (18.
883 1215 948 1264 Maii
981 1225 1009 1278 ις
1032 1213 1068 1282 5.)

382 1338 592 1402 Beatissime
607 1359 648 1401 ac
661 1336 889 1402 Sanctissime
901 1339 1010 1402 Pater
1021 1348 1104 1421 post
1116 1339 1344 1404 humillimam
1358 1352 1395 1405 et
1407 1343 1571 1406 devotam

293 1466 405 1528 usque
432 1447 478 1507 ad
498 1455 697 1507 vestrorum
717 1465 898 1508 sacrorum
924 1447 1054 1528 pedum
1077 1448 1198 1509 oscula
1222 1449 1572 1512 commendationem.
1698 1451 1699 1486 l

383 1570 595 1635 Beatissime
620 1571 727 1633 Pater
758 1570 880 1634 literas
912 1569 1118 1634 Sanctitatis
1142 1571 1273 1636 Vestre
1298 1572 1332 1636 in
1358 1573 1469 1638 forma
1497 1577 1571 1636 bre-

293 1681 348 1742 vis
383 1681 448 1742 sub
479 1677 578 1740 XXI
608 1697 721 1758 nuper
753 1676 844 1758 lapsi
869 1677 1005 1759 Aprilis
1035 1679 1082 1740 ad
1110 1698 1166 1741 me
1200 1679 1338 1742 delatas
1368 1691 1575 1744 reverenter

295 1784 428 1867 recepi,
452 1785 663 1866 illarumque
687 1797 879 1866 perspecto
904 1793 1027 1848 tenore
1053 1805 1121 1846 non
1146 1804 1291 1866 possum
1324 1807 1396 1849 non
1427 1787 1495 1851 nisi
1519 1809 1573 1851 ve·

294 1895 479 1956 hementer
502 1890 679 1970 admirari,
704 1893 799 1971 quod
823 1893 949 1955 eadem
973 1889 1154 1954 Sanctitas
1177 1891 1310 1956 Vestra
1333 1914 1389 1956 me
1413 1895 1575 1959 adhorte-

295 2010 351 2062 tur
376 2009 414 2061 ut
437 2007 569 2061 sectam
586 1997 818 2060 lucterianam
841 1999 876 2061 in
902 1999 1069 2094 comitatu
1096 1999 1301 2080 Hollandie,
1330 2003 1435 2064 valde
1459 2005 1576 2082 valde,

296 2118 334 2169 ut
368 2105 511 2186 asserit,
549 2107 796 2187 pullulantem,
829 2105 978 2186 aliisque
1007 2105 1041 2168 in
1073 2107 1265 2188 provinciis
1297 2109 1473 2190 gubernio
1498 2129 1577 2174 meo

296 2214 450 2293 creditis,
476 2212 657 2294 extirpare
674 2232 872 2294 procurem,
897 2213 931 2276 in
945 2215 1084 2294 hocque
1102 2212 1241 2276 faveam
1259 2213 1577 2280 Reverendissimo

296 2323 330 2384 in
357 2321 497 2384 Christo
524 2320 621 2383 Patri
648 2320 798 2383 Domino
825 2321 1004 2384 Cardinali
1029 2319 1230 2402 Leodiensi,
1255 2321 1309 2384 cui
1335 2323 1457 2386 eadem
1479 2345 1576 2386 sanc-

296 2431 379 2492 titas
403 2428 534 2490 Vestra
558 2429 603 2490 de
628 2448 671 2490 eo
695 2427 838 2491 uberius
863 2427 1023 2511 scripsit;
1048 2448 1126 2490 cum
1155 2427 1331 2492 neminem
1360 2449 1577 2511 cognoscam

298 2535 514 2617 Principem,
539 2535 599 2616 qui
623 2555 730 2616 super
754 2535 974 2598 extinctione
999 2535 1093 2597 dicte
1118 2545 1215 2597 secte
1240 2535 1435 2599 ferventius
1459 2558 1514 2600 me
1542 2557 1579 2599 re

299 2654 335 2706 et
367 2642 496 2704 effectu
530 2640 780 2704 elaboraverit.
832 2641 879 2703 Et
915 2651 952 2703 ut
983 2641 1019 2703 id
1054 2641 1273 2705 commodius
1307 2641 1407 2705 fieret
1440 2643 1581 2707 iusticia

297 2749 488 2829 mediante,
513 2747 772 2811 commissarios
788 2757 861 2810 tres
876 2747 1077 2829 spirituales
1095 2747 1189 2810 omni
1206 2748 1409 2830 exceptioni
1426 2749 1581 2814 maiores

298 2880 319 2920 a
344 2855 660 2921 Reverendissimo
686 2854 839 2917 Domino
866 2854 1044 2918 Cardinali
1074 2856 1119 2917 de
1144 2854 1357 2938 Campegio,
1389 2860 1508 2939 legato
1535 2860 1582 2921 de

298 2966 410 3027 latere
435 2962 642 3026 Sanctitatis
666 2962 818 3025 Vestrae
833 2962 868 3024 in
887 2960 1089 3041 Germania,
1112 2962 1299 3043 impetravi
1317 2965 1396 3027 loco
1413 2964 1582 3047 Magistri

298 3070 480 3135 Francisci
516 3071 561 3132 de
597 3069 703 3131 Hulst
739 3069 833 3150 layci
876 3090 979 3150 quem
1015 3089 1080 3150 pro
1117 3068 1292 3133 seditione
1327 3068 1495 3133 evitanda
1534 3076 1582 3134 ab

299 3177 472 3242 exercitio
497 3176 603 3256 dicte,
628 3196 749 3238 eorum
771 3175 1006 3239 commissioni
1033 3196 1164 3238 vacare
1189 3196 1258 3237 non
1277 3188 1470 3258 cessarunt,
1494 3178 1583 3243 item

301 3288 397 3367 quod
422 3304 515 3366 equo
539 3293 665 3364 sponte
690 3283 845 3345 currenti
873 3283 1027 3346 calcaria
1062 3282 1264 3345 necessaria
1292 3302 1364 3346 non
1395 3285 1481 3364 sint,
1516 3288 1584 3349 sed

300 3392 449 3455 forsitan
490 3401 526 3452 et
561 3390 739 3452 Sanctitas
775 3390 905 3453 Vestra
941 3392 1048 3471 longe
1091 3410 1112 3451 a
1141 3389 1293 3452 veritate
1324 3392 1441 3471 potuit
1471 3392 1584 3457 infor·

299 3500 397 3579 mari,
421 3518 488 3561 nec
512 3497 740 3560 Hollandiam
765 3497 878 3579 magis
903 3498 1030 3559 ceteris
1054 3496 1247 3579 provinciis
1278 3517 1321 3559 eo
1357 3498 1504 3563 crimine
1533 3500 1583 3563 in-

300 3607 429 3669 iectam
472 3607 603 3668 latrare
643 3604 807 3686 expedit,
860 3606 920 3666 ubi
958 3605 1049 3686 proh
1086 3606 1189 3667 dolor
1223 3606 1355 3669 nullam
1390 3604 1584 3671 immunem

300 3714 468 3785 sentiam;
495 3732 617 3774 verum
641 3720 741 3774 tanta
765 3731 810 3773 ex
835 3710 1028 3774 Germania
1053 3713 1230 3773 excitatur
1253 3710 1414 3774 confusio
1448 3722 1487 3775 ut
1512 3712 1585 3777 nisi

300 3822 399 3883 Deus
433 3820 510 3901 ipse
545 3817 718 3881 maximus
748 3818 938 3899 provideat
969 3828 1076 3881 totam
1110 3818 1215 3879 iidem
1239 3827 1396 3879 nostram
1422 3818 1583 3883 christia·

300 3950 380 3992 nam
405 3928 648 3990 conculcatam
665 3936 701 3988 et
718 3925 915 3989 uniusmodi
939 3936 1164 4006 prostratam,
1187 3926 1316 3999 pedum
1334 3924 1440 3988 video
1464 3927 1586 4007 primo

298 4034 379 4098 illos
409 4032 589 4097 veneficos
620 4032 838 4095 Lucteristas
863 4032 1014 4114 grandia
1050 4032 1192 4113 agmina
1224 4031 1375 4093 invicem
1405 4031 1589 4098 facientes

299 4142 434 4224 patrias
459 4160 582 4203 omnes
605 4140 787 4219 invadere,
813 4142 951 4203 nobiles
976 4140 1151 4217 occidere,
1176 4148 1211 4201 et
1234 4139 1340 4200 armis
1357 4158 1398 4200 ac
1418 4138 1590 4221 potentia

300 4259 385 4311 voto
410 4267 531 4310 eorum
556 4246 737 4325 subicere,
767 4248 971 4328 templaque
1006 4255 1203 4309 conventus
1235 4255 1270 4307 et
1301 4254 1417 4307 castra
1451 4266 1589 4328 rapere

301 4355 456 4436 spoliare
481 4364 517 4415 et
549 4354 625 4416 solo
655 4374 797 4434 equare.
861 4354 965 4417 Adeo
998 4355 1092 4435 quod
1128 4352 1330 4415 necessario
1363 4352 1512 4434 expedit
1548 4354 1589 4417 S.

299 4461 344 4524 V.
369 4460 466 4523 vices
491 4459 620 4523 Christi
644 4460 678 4522 in
704 4460 807 4523 terris
831 4470 1017 4542 gerentem
1049 4458 1235 4543 Principes
1266 4478 1390 4521 omnes
1421 4458 1589 4525 christia·

300 4587 366 4630 nos
389 4566 424 4630 in
450 4587 554 4629 unum
581 4586 781 4629 convocare
805 4577 841 4628 et
865 4568 909 4628 de
934 4565 1091 4629 remedio
1117 4574 1293 4647 oportuno
1325 4567 1513 4631 consulere
1550 4580 1591 4631 et

300 4674 502 4757 providere.
550 4673 627 4753 Ego
659 4673 750 4735 enim
784 4672 973 4736 Cesaream
996 4672 1222 4735 Maiestatem
1251 4692 1316 4753 pro
1341 4673 1463 4735 debito
1500 4694 1590 4739 meo

301 4783 345 4844 de
369 4780 437 4843 hiis
461 4780 647 4843 certiorem
671 4780 751 4860 feci,
777 4801 914 4843 necnon
939 4782 1234 4863 quemadmodum
1260 4778 1296 4843 S.
1323 4766 1365 4842 V.
1391 4778 1590 4861 superiori-

300 4891 367 4951 bus
391 4889 517 4950 diebus
540 4908 605 4969 per
629 4886 749 4949 literas
773 4909 854 4950 suas
878 4887 913 4950 in
938 4887 1053 4951 forma
1083 4886 1203 4950 brevis
1227 4884 1592 4953 Reverendissimum
