3425 5700
756 563 906 620 ο-43462
945 561 1003 620 ΕΗ

239 709 313 772 Oro
337 717 465 789 autem,
491 719 528 771 ut
551 706 643 772 hanc
668 708 946 774 admonitionem
970 713 1065 773 bono
1083 708 1201 772 animo
1219 707 1382 790 accipere
1398 707 1522 792 digne-

240 826 305 879 tur.
353 815 505 896 Quando
530 817 613 878 mihi
639 837 725 899 prae
750 817 916 898 caeteris,
948 817 1040 880 absit
1066 815 1235 880 iactantia
1259 818 1386 897 verb0,
1421 815 1528 880 cordi

238 925 364 986 haeret
388 923 539 986 studium
564 925 726 1006 pietatis,
758 945 863 1006 quam
895 923 922 986 si
954 943 1096 1005 possem
1129 924 1300 986 reducere
1326 923 1410 986 solis
1434 922 1527 985 meis

239 1031 385 1111 viribus
402 1031 507 1092 etiam
525 1051 603 1093 cum
619 1031 808 1094 manifesto
825 1031 953 1113 capitis
969 1031 1128 1114 periculo
1153 1031 1190 1092 id
1212 1051 1390 1112 nunquam
1408 1031 1525 1092 detre-

240 1145 384 1200 ctarem.
431 1136 477 1199 Et
500 1139 619 1200 valeat
642 1136 861 1202 foelicisime.

329 1245 411 1310 Dat.
447 1243 482 1305 in
515 1243 696 1326 Insprugg
730 1246 796 1308 Die
828 1245 916 1308 XX.
951 1244 1084 1308 Mensis
1118 1244 1204 1307 Maii
1245 1245 1351 1306 Anno
1380 1243 1530 1307 Domini

240 1349 443 1415 MDXXV.
934 1393 936 1398 -

391 1456 432 1520 E.
456 1455 665 1522 Sanctitalis
688 1457 842 1521 Vestrae

946 1575 1063 1624 Humilis
1082 1581 1108 1623 et
1126 1575 1276 1638 obsequens
1294 1573 1364 1622 filius

981 1671 1175 1735 ididimliu
1194 1695 1246 1732 arc.
1267 1687 1346 1729 austr.

846 2015 921 2080 212.

455 2128 709 2232 sigismundus
737 2131 812 2211 Rex
839 2131 1007 2212 Poloniae
1035 2130 1208 2213 Clementi
1235 2132 1314 2212 VII.

684 2279 770 2348 (Arm.
788 2277 838 2346 XL
855 2279 929 2353 oapi.
947 2279 969 2346 1,
987 2279 1021 2338 tl.
1039 2279 1091 2346 te.)

759 2395 812 2467 (21.
833 2401 899 2449 Mali
921 2399 1008 2466 1525.)

338 2523 442 2605 Quod
468 2533 545 2587 erat
567 2522 775 2607 iampridem
801 2525 836 2587 in
861 2525 954 2588 votis
979 2545 1056 2588 cum
1074 2523 1134 2585 Vre
1160 2520 1367 2586 Sanctitatis
1383 2521 1538 2605 eiusque

248 2631 540 2713 predecessorum
564 2640 638 2692 tum
662 2630 814 2693 omnium
839 2630 951 2693 ferme
976 2631 1174 2713 principum
1196 2629 1466 2692 christianorum
1490 2637 1539 2693 ut

248 2739 379 2800 bellum
413 2738 509 2818 quod
542 2737 633 2800 inter
666 2758 721 2801 me
762 2749 798 2801 et
831 2738 1043 2819 Magistrum
1075 2738 1241 2800 Prussiae
1279 2737 1539 2799 intercesserat

249 2844 482 2927 compositum
514 2855 627 2925 esset,
662 2854 787 2925 utpote
817 2845 982 2909 universe
1013 2844 1064 2908 rei
1095 2843 1287 2909 christiane
1319 2844 1461 2907 noxium
1494 2852 1538 2905 et

249 2952 491 3035 pernitiosum,
515 2951 552 3013 id
577 2952 721 3013 tandem
745 2951 866 3014 divino
887 2953 1011 3015 favore
1033 2952 1165 3015 factum
1181 2952 1241 3012 vn
1264 2950 1442 3015 Sanctitas
1456 2972 1538 3015 non

249 3059 401 3140 ignorat.
448 3057 535 3121 Cum
567 3058 659 3120 enim
682 3058 816 3121 indutie
848 3059 1055 3140 expirarent
1085 3080 1200 3140 neque
1224 3059 1295 3122 ulla
1329 3074 1423 3123 esset
1446 3078 1539 3140 spes

249 3174 347 3229 tante
381 3163 621 3228 controversie
655 3186 721 3248 per
744 3165 896 3229 arbitros
931 3166 1140 3247 dirimende,
1173 3164 1273 3229 veuit
1298 3166 1346 3229 ad
1370 3184 1425 3229 me
1460 3184 1536 3229 ma·

251 3274 363 3356 gister
386 3272 462 3354 ipse
487 3271 659 3334 condictis
686 3272 784 3353 prius
809 3274 925 3336 medio
949 3273 1136 3337 illustrium
1159 3272 1360 3354 principum
1383 3271 1541 3353 Georgii

251 3378 464 3443 marchionis
506 3378 840 3461 Brandeburgensis
883 3389 918 3443 et
952 3379 1124 3443 Friderici
1166 3379 1265 3442 ducis
1300 3362 1540 3461 Legnicensis

251 3486 486 3550 communium
513 3483 860 3566 consanguineorum
884 3497 920 3549 et
944 3486 1101 3550 affinium
1125 3494 1337 3568 nostrorum,
1363 3484 1539 3549 conditio·

252 3593 356 3657 nibus
386 3593 486 3673 pacis
518 3602 554 3655 et
577 3593 767 3655 concordie
799 3612 868 3673 que
892 3614 958 3675 pro
989 3604 1150 3675 tempore
1173 3591 1250 3655 fieri
1275 3602 1466 3673 potuerunt
1497 3602 1541 3655 et

253 3702 376 3783 quales
407 3709 528 3764 mutua
558 3699 784 3764 necessitudo
815 3709 938 3762 nostra
970 3700 1181 3780 postulavit,
1217 3698 1443 3783 prestititque
1473 3698 1540 3761 ille

252 3808 360 3871 michi
390 3808 548 3870 debiturn
571 3828 690 3888 suum,
713 3806 820 3888 ·qu0d
853 3814 889 3868 et
912 3805 1065 3869 maiores
1088 3806 1157 3869 mei
1190 3815 1226 3869 et
1250 3825 1319 3887 ego
1346 3805 1541 3869 iustissime

254 3914 463 3997 exigebam;
499 3914 638 3995 prestiti
670 3923 706 3977 et
730 3932 799 3995 ego
829 3912 984 3975 vicissim
1017 3932 1104 3995 erga
1127 3912 1225 3975 illum
1257 3932 1325 3994 que
1356 3912 1432 3975 iure
1457 3932 1542 3975 meo

253 4021 371 4105 potui,
406 4020 594 4104 presertim
619 4019 837 4084 descissente
870 4040 891 4082 a
914 4018 1139 4100 professione
1170 4040 1234 4083 sua
1258 4018 1382 4082 ordine
1406 4019 1467 4082 illo
1500 4028 1542 4081 et

255 4129 359 4191 terris
382 4127 546 4201 omnibus
571 4127 738 4192 Prussiae
761 4126 951 4190 iustissima
974 4127 1174 4191 hereditate
1198 4127 1299 4210 regni
1325 4125 1394 4189 mei
1417 4125 1452 4188 in
1477 4144 1543 4207 po-

255 4244 420 4298 testatem
450 4254 563 4298 meam
587 4235 757 4316 redactis,
793 4236 887 4298 unde
912 4255 1053 4317 sperem
1083 4244 1183 4299 tanta
1206 4237 1302 4298 bella
1332 4242 1369 4296 et
1392 4232 1543 4295 dissidia

256 4364 327 4406 non
352 4342 469 4424 sopita
493 4343 606 4405 solum
638 4351 674 4405 et
697 4343 896 4424 composita
926 4343 991 4406 sed
1015 4340 1121 4405 etiam
1144 4340 1314 4404 radicitus
1339 4340 1480 4403 sublata
1504 4350 1545 4403 et

257 4449 433 4529 extincta,
469 4447 601 4531 alioqui
633 4448 796 4531 tragedia
825 4451 893 4512 hec
925 4450 1058 4512 nullum
1089 4468 1244 4530 unquam
1275 4446 1380 4511 finem
1403 4448 1544 4511 habere

256 4554 448 4639 potuisset,
483 4555 671 4637 presertim
703 4577 782 4619 cum
813 4556 944 4619 subditi
969 4555 1037 4619 mei
1070 4576 1192 4618 omnes
1225 4554 1413 4636 exigerent
1437 4574 1460 4617 a
1484 4574 1542 4617 me

258 4662 372 4726 modis
395 4660 574 4744 omnibus,
605 4683 721 4744 neque
745 4666 791 4725 ab
823 4666 892 4727 hoc
916 4663 1078 4727 instituto
1103 4664 1201 4725 nullo
1230 4662 1335 4727 modo
1368 4660 1546 4725 dimoveri

259 4769 440 4851 potuerint
463 4769 499 4832 in
523 4779 701 4833 conventu
716 4770 876 4852 generali
901 4769 1004 4851 regni
1021 4769 1090 4832 mei
1110 4769 1315 4850 novissim0‚
1338 4770 1397 4832 vel
1411 4788 1545 4852 cogen-

261 4877 342 4939 dum
374 4876 516 4938 tandem
541 4876 753 4959 Magistrum
777 4877 922 4941 Prussie
953 4877 999 4939 ad
1031 4878 1263 4959 prestandam
1295 4875 1545 4940 obedienciam
