3425 5700
629 591 778 647 varst
817 591 876 645 ΕΗ

18 712 19 775 l
120 741 225 803 cultus
240 739 371 802 Christi
395 759 467 802 non
491 739 597 801 modo
621 738 824 821 transgredi
848 740 913 802 sed
938 740 1055 822 palam
1081 739 1185 803 etiam
1202 743 1392 822 reprehen-

120 849 196 910 dere
221 857 257 910 et
279 866 491 928 oppugnare
516 845 658 924 audent,
683 865 832 926 quorum
856 847 1020 929 impietas
1045 848 1151 911 etiam
1175 848 1252 912 aliis
1273 858 1394 931 potest

121 976 189 1018 esse
214 964 436 1018 nocumento.
476 951 581 1033 Quod
604 971 670 1014 nos
688 952 968 1035 aegreferentes,
994 975 1072 1018 cum
1096 975 1269 1019 memores
1285 955 1394 1020 simus

120 1062 196 1143 quid
219 1061 296 1124 cir¹¹¹
317 1071 400 1123 tuae
424 1060 610 1142 superbis
634 1060 836 1125 dederimus
860 1061 1039 1124 facultatis
1064 1082 1105 1124 ac
1127 1063 1172 1125 de
1188 1073 1249 1125 tua
1262 1063 1392 1128 virtute

121 1179 151 1230 et
169 1167 359 1250 prudentia
389 1177 425 1231 et
448 1186 536 1248 erga
560 1187 730 1230 summum
756 1167 871 1230 Deum
902 1167 1076 1250 religione
1110 1169 1242 1251 optime
1267 1171 1392 1233 sentia-

119 1296 197 1355 mus,
221 1273 397 1338 voluimus
420 1284 454 1338 te
480 1275 597 1336 denuo
621 1293 687 1356 per
710 1276 775 1336 has
799 1274 935 1337 litteras
960 1276 1094 1338 hortari
1118 1285 1156 1338 ut
1173 1277 1325 1340 studium
1349 1298 1391 1340 ac

121 1382 331 1465 diligentiam
364 1381 536 1445 exhibere
560 1382 673 1443 velles
704 1400 774 1461 quo
798 1383 888 1444 haec
917 1391 1016 1444 tanta
1039 1383 1140 1446 labes
1170 1394 1289 1446 rectae
1314 1383 1391 1447 reli-

120 1489 227 1570 gionis
261 1489 296 1551 in
330 1487 380 1552 eis
404 1487 492 1551 locis
525 1486 755 1569 extinguatur
786 1507 823 1550 m
852 1487 980 1569 quibus
1013 1509 1091 1552 cum
1124 1489 1205 1553 talis
1237 1489 1392 1553 faemina

121 1597 204 1659 omni
234 1596 364 1658 virtute
397 1605 433 1658 et
464 1595 600 1676 pietate
633 1604 797 1676 prestans
831 1604 970 1676 gratam
1003 1596 1135 1659 habeat
1168 1605 1391 1680 potestatem,

120 1724 182 1766 non
205 1723 393 1786 possumus
416 1701 580 1764 dubitare
603 1701 696 1764 illius
719 1701 875 1764 instante
905 1701 1132 1784 auctoritate,
1156 1713 1218 1767 tua
1240 1704 1391 1769 interve·

18 1811 19 1867 ζ
121 1810 230 1874 niente
264 1830 349 1873 cura
381 1819 417 1872 et
448 1806 704 1888 sollicitudine,
741 1807 824 1889 quin
858 1809 977 1872 omnia
1009 1809 1078 1873 sint
1106 1810 1224 1874 futura
1256 1813 1301 1874 ad
1325 1813 1393 1876 Dei

120 1927 150 1978 et
171 1916 336 1998 antiquae
360 1915 445 1978 fidei
460 1917 630 1978 honorem
655 1935 696 1977 ac
714 1915 976 1980 observantiam
1001 1916 1120 1980 facilia
1144 1928 1250 2000 atque
1268 1939 1391 2000 prona.

120 2023 192 2087 h'on
217 2023 309 2086 enim
341 2023 377 2084 in
401 2021 503 2085 nobis
526 2020 643 2085 inesse
667 2031 787 2104 potest
816 2023 889 2086 ulla
913 2023 1087 2087 dubitatio
1111 2023 1206 2088 illam
1239 2027 1347 2089 tantis
1370 2047 1392 2090 a

120 2131 191 2192 Deo
224 2129 325 2193 donis
356 2139 392 2192 et
416 2129 559 2191 dotibus
583 2138 743 2191 ornatam
768 2130 950 2192 mulierem
984 2151 1074 2212 quae
1106 2131 1177 2194 suis
1201 2131 1391 2196 virtutibus

18 2320 19 2329 ἵ
118 2237 264 2300 omnium
297 2257 440 2299 suorum
464 2235 635 2298 maiorum
668 2234 818 2298 virtutes
850 2247 1076 2319 representat
1108 2238 1391 2319 posthabituram

18 2340 19 2347 '
118 2346 256 2406 tutelam
280 2349 317 2406 et
340 2342 582 2406 defensionem
600 2341 820 2405 Christianae
844 2343 1029 2424 religionis
1053 2344 1128 2407 eius
1152 2365 1243 2426 quae
1268 2367 1289 2409 a
1313 2345 1389 2429 Spi-

18 2428 19 2454 ¹
117 2450 180 2513 ritu
203 2451 336 2514 Sancto
367 2469 433 2531 per
456 2469 580 2512 manus
613 2459 814 2512 sanctorum
845 2459 986 2530 patrum
1018 2471 1039 2512 a
1064 2460 1116 2513 tot
1146 2451 1216 2515 iam
1240 2454 1390 2517 saeculis

117 2568 256 2640 recepta
278 2569 315 2620 et
338 2559 492 2639 probata
515 2566 579 2619 est.
620 2555 739 2636 Quare
762 2565 797 2617 te
820 2557 888 2618 hac
912 2577 977 2638 spe
991 2555 1161 2620 fidentem
1185 2568 1221 2622 et
1236 2579 1306 2642 ope
1322 2560 1390 2623 Dei

18 2654 19 2734 ᾗ
118 2685 155 2726 ac
177 2677 297 2728 nostra
316 2663 528 2726 auctoritate
552 2672 682 2743 tuaque
707 2662 838 2724 virtute
853 2673 1026 2726 armatum
1052 2665 1137 2728 dare
1152 2666 1390 2730 omnimodam

18 2840 19 2852 ,
116 2791 254 2854 operam
277 2772 440 2834 volumus
464 2780 502 2831 ut
526 2788 648 2832 eorum
672 2768 731 2850 qui
748 2767 978 2832 ministerium
1002 2772 1068 2833 hoc
1089 2791 1236 2853 pravum
1261 2783 1297 2836 et
1312 2793 1388 2856 per·

117 2880 279 2943 niciosum
302 2876 552 2960 corrumpendi
575 2876 737 2958 puriores
752 2875 886 2938 animas
908 2873 1090 2941 Sathanae
1106 2882 1259 2960 prebent
1273 2882 1389 2944 scelus

117 2996 217 3067 atque
240 2984 407 3068 perfidia,
439 2994 500 3047 aut
524 3003 589 3066 per
613 2982 845 3065 penitentiam
877 2982 995 3046 delicti
1027 2986 1073 3046 ad
1097 2984 1283 3049 sanitatem
1308 3008 1389 3051 con·

19 3093 20 3156 3
116 3103 278 3174 vertatur,
298 3102 360 3155 aut
376 3090 493 3174 dignis
516 3088 698 3171 suppliciis
715 3089 939 3163 cohibeatur;
965 3090 1000 3151 in
1015 3111 1085 3171 quo
1108 3091 1388 3174 circumspectio-

115 3198 166 3262 nis
189 3211 270 3263 tuae
293 3198 446 3261 studium
471 3207 507 3259 et
530 3216 650 3260 curam
676 3206 711 3259 et
731 3197 809 3258 Deo
834 3208 870 3259 et
894 3195 996 3260 nobis
1020 3200 1181 3262 volumus
1204 3198 1386 3264 inservire.

19 3321 20 3336 ¹
116 3306 241 3369 Datum
265 3306 405 3369 Romae
430 3304 488 3367 die
513 3302 611 3365 XXI
635 3302 772 3385 Aprilis
795 3302 996 3369 MDXXV.
1021 3304 1129 3368 Anno
1153 3307 1320 3369 secundo.

665 3554 681 3563 ι»
725 3554 850 3565 amum

707 3818 782 3885 201.

295 3955 455 4035 clemens
488 3952 565 4033 VH.
605 3952 856 4055 Margarethae
894 3952 989 4034 aruh.
1022 3952 1198 4035 lustriae.

331 4100 423 4170 (011111.
442 4100 524 4174 aput.
544 4100 581 4158 sd
598 4098 739 4173 Principes
757 4114 807 4173 per
825 4098 947 4159 fladolet.
966 4114 1017 4159 rur.
1035 4098 1080 4157 tu.
1099 4098 1164 4173 ut.)

603 4214 657 4286 (21.
677 4219 780 4283 Aprilis
802 4216 889 4286 1525·)

198 4370 255 4434 Ex
286 4370 435 4453 regione
459 4368 674 4432 Hollandiae
709 4379 746 4431 et
780 4370 911 4433 circum
946 4368 1190 4434 adiacentibus
1224 4370 1311 4434 locis
1350 4372 1385 4435 in

114 4478 341 4560 quibustuae
365 4477 569 4541 Nobilitatis
592 4485 753 4559 potestas
777 4486 813 4540 et
836 4477 1029 4540 auctoritas
1053 4498 1188 4541 summa
1210 4487 1278 4559 est,
1303 4499 1385 4559 quo·

22 4655 23 4660 1
113 4585 196 4648 tidie
221 4586 264 4647 ad
286 4606 352 4649 nos
375 4584 585 4647 deferuntur
609 4584 775 4665 querelae
800 4584 972 4647 adversus
993 4585 1203 4665 complures,
1229 4584 1288 4666 qui
1312 4584 1387 4648 eius

22 4707 23 4712 ’
113 4711 202 4773 quae
228 4712 317 4754 nunc
340 4692 582 4754 debacchatur
603 4691 773 4753 hereseos
797 4689 947 4773 perfidia
970 4688 1140 4772 inquinat,
1165 4698 1305 4754 vetusta
1324 4690 1387 4754 Ec-

114 4796 243 4860 clesiae
270 4806 492 4861 sacramenta
523 4808 558 4859 et
581 4796 687 4860 fidem
720 4796 861 4878 synceri
886 4798 1000 4859 cultus
1024 4796 1154 4860 Christi
1185 4818 1255 4861 non
1279 4799 1388 4862 modo

114 4904 321 4988 transgredi,
345 4906 407 4967 sed
427 4905 546 4986 palam
563 4904 669 4967 etiam
686 4905 950 4985 reprehendere
967 4914 1003 4967 et
1019 4924 1230 4987 oppugnare
1246 4906 1387 4987 audeat,
