3425 5700
836 580 1084 637 *olane*

299 797 304 803 ,
320 728 517 806 terminum,
536 727 708 790 obediens
724 748 926 809 compareo,
942 748 1008 810 per
1021 728 1297 792 misericordiam
1312 727 1380 790 Dei
1396 730 1585 805 obsecrans,

320 836 544 901 serenissima
562 834 725 898 maiestas
742 843 862 897 vestra
879 836 1210 917 dominationesque
1226 845 1345 899 vestre
1360 835 1585 898 Illustrissime

321 946 514 1027 dignentur
537 964 680 1005 causam
703 944 793 1005 hanc
822 940 886 1029 (uti
911 942 1031 1029 spero)
1043 943 1183 1025 justicie
1203 952 1239 1007 et
1254 944 1425 1024 veritatiS,
1450 945 1584 1006 clemen·

321 1064 376 1116 ter
398 1051 533 1131 audire,
557 1059 663 1131 atque
688 1050 717 1112 si
739 1070 805 1131 per
828 1050 1040 1133 imperitiam
1069 1072 1199 1130 meam,
1232 1052 1290 1113 vel
1320 1050 1451 1133 dignos
1482 1050 1588 1112 titulos

321 1160 447 1240 cuique
472 1179 541 1220 non
566 1158 718 1237 dedero,
741 1159 800 1219 vel
825 1177 1046 1239 quocumque
1078 1159 1183 1220 modo
1207 1158 1243 1220 in
1268 1178 1384 1221 mores
1408 1168 1588 1239 gestusque

320 1266 455 1330 aulicos
485 1284 700 1347 peccaver0,
739 1262 945 1346 benigniter
975 1264 1180 1346 ignoscere,
1218 1276 1255 1327 ut
1291 1263 1424 1328 homini
1463 1285 1530 1327 non
1559 1262 1588 1324 in

321 1374 420 1454 aulis,
446 1374 510 1434 sed
533 1370 674 1453 angulis
698 1373 951 1434 monachorum
976 1378 1133 1450 versato,
1162 1370 1221 1451 qui
1246 1371 1332 1434 nihil
1357 1372 1451 1434 aliud
1477 1374 1521 1435 de
1541 1390 1590 1433 me

321 1480 444 1545 testari
468 1499 622 1561 possum,
646 1499 751 1559 quam
777 1500 819 1541 ea
843 1478 1069 1559 simplicitate
1094 1478 1217 1557 animi,
1249 1480 1420 1541 hactenus
1452 1499 1509 1542 me
1540 1479 1590 1540 do·

323 1588 438 1651 cuisse
462 1595 499 1649 et
524 1586 720 1667 scripsisse,
744 1594 782 1647 ut
805 1594 940 1647 tantam
965 1584 1115 1667 gloriam
1130 1585 1199 1648 Dei
1223 1595 1259 1648 et
1281 1585 1453 1648 sinceram
1472 1582 1593 1649 Christi
1679 1628 1680 1657 ,

320 1694 477 1758 fidelium
500 1692 755 1756 institutionem
779 1703 990 1773 spectarem.
1679 1676 1680 1699 ¹

411 1827 646 1891 Serenissime
677 1826 894 1907 Imperator,
928 1824 1158 1888 Illustrissimi
1190 1823 1388 1907 PrincipeS,
1424 1824 1483 1886 Ad
1514 1826 1595 1886 duos
1679 1842 1680 1845 ’

321 1937 401 2000 illos
425 1936 591 1998 articulos
607 1933 684 1995 heri
701 1953 766 2014 par
783 1932 1056 1996 sacratissimam
1073 1932 1291 2013 majestatem
1307 1940 1473 2011 vestram,
1497 1929 1595 1993 michi
1679 1984 1680 2005 ,

321 2043 543 2127 propositOS,
583 2040 735 2103 scilicet:
773 2061 817 2101 an
854 2039 994 2102 libellos
1032 2038 1246 2117 recensitoS,
1282 2050 1317 2101 et
1350 2039 1491 2101 nomine
1523 2056 1596 2101 meo

323 2153 510 2235 evulgatos
534 2167 768 2229 agnoscerem
794 2167 902 2227 meos,
928 2155 963 2209 et
979 2146 1013 2208 in
1034 2145 1090 2208 his
1107 2145 1342 2208 defendendis
1357 2166 1597 2228 perseverare,

320 2267 382 2320 aut
405 2276 577 2319 revocare
599 2254 715 2333 velim,
742 2254 825 2316 dedi
850 2262 1013 2334 paratum
1030 2262 1065 2314 et
1081 2254 1225 2333 planum
1249 2272 1469 2334 responsum,
1495 2273 1599 2334 super

321 2364 469 2426 articulo
494 2362 625 2443 priore,
642 2361 677 2423 in
695 2381 765 2442 quo
781 2361 896 2423 adbuc
914 2359 1076 2441 persist0,
1101 2358 1359 2441 persistamque
1375 2358 1411 2421 in
1432 2370 1599 2441 eternum,

321 2493 399 2535 esse
425 2468 592 2532 videlicet
617 2490 678 2531 eos
694 2468 805 2530 libros
822 2487 930 2547 meos,
955 2484 1104 2547 meoque
1129 2466 1270 2529 nomine
1295 2488 1385 2530 ame
1403 2469 1599 2550 evulgatos

321 2577 397 2640 Nisi
420 2578 514 2640 forte
538 2575 675 2638 interim
702 2573 881 2653 acciderit,
906 2583 945 2635 ut
969 2574 1161 2635 emulorum
1186 2574 1244 2636 vel
1265 2573 1404 2655 astutia,
1428 2576 1487 2637 vel
1512 2572 1601 2657 sapi-

321 2684 418 2747 entia
450 2683 668 2765 importuna,
700 2680 888 2762 quicquam
920 2680 954 2742 in
986 2679 1055 2742 illis
1086 2689 1273 2761 mutatum,
1309 2689 1371 2743 aut
1405 2681 1601 2764 depravate

321 2801 509 2872 exceptum
534 2790 589 2852 sit.
636 2788 727 2852 Nam
750 2788 846 2850 aliud
874 2808 943 2849 non
967 2806 1136 2869 agnosco,
1161 2785 1228 2849 nisi
1243 2789 1338 2870 quod
1354 2808 1469 2852 meum
1494 2787 1604 2853 solius
1679 2790 1680 2805 ¹

321 2908 393 2978 est,
425 2907 461 2960 et
488 2919 509 2959 a
538 2918 593 2959 me
625 2899 701 2958 solo
734 2895 921 2976 scriptum,
952 2895 1040 2957 citra
1073 2916 1212 2958 omnem
1244 2895 1399 2958 criminis
1429 2895 1603 2960 industrie
1679 2959 1680 3000 ἢ

322 3004 663 3087 interpretationem.
1679 3003 1680 3006 ’

411 3138 469 3200 Ad
497 3139 646 3200 alterum
672 3157 759 3199 vero
783 3157 1030 3218 responsurus
1054 3156 1155 3217 rogo,
1179 3136 1417 3201 sacratissima
1433 3139 1607 3221 Majestas
1679 3155 1680 3194 l

320 3255 441 3309 vestra
466 3255 502 3307 et
526 3243 785 3306 dominationes
809 3251 947 3306 vestras
971 3243 1164 3326 dignentur
1184 3244 1468 3309 animadvertere
1494 3248 1607 3309 libros
1679 3267 1680 3272 ¹

320 3373 418 3415 meos
442 3372 514 3414 non
541 3371 619 3413 esse
644 3371 766 3413 omnes
790 3349 949 3413 eiusdem
973 3349 1087 3413 farine
1120 3360 1156 3412 et
1179 3350 1333 3433 generis.
1386 3350 1477 3414 Sunt
1510 3351 1608 3416 enim
1679 3355 1680 3382 l

321 3458 429 3540 aliqui
453 3459 488 3521 in
512 3457 641 3540 quibus
666 3478 808 3520 causam
833 3456 977 3538 pietatis
1009 3455 1092 3519 fidei
1122 3467 1157 3520 et
1181 3478 1316 3520 morum
1350 3460 1441 3522 adeo
1474 3458 1607 3540 simpli·

321 3567 409 3629 citer
442 3574 478 3627 et
502 3564 710 3647 evangelice
743 3563 914 3644 tractavi,
946 3573 983 3626 ut
1015 3563 1158 3646 ipsimet
1189 3565 1385 3628 adversarii
1419 3576 1611 3648 cogantur,

321 3694 383 3735 eos
407 3672 567 3735 confiteri
592 3671 716 3751 utiles,
747 3671 914 3734 innoxios
946 3681 981 3733 et
1005 3673 1112 3751 plane
1136 3671 1266 3753 dignos
1289 3671 1443 3735 lectione
1467 3673 1609 3736 christi·

321 3801 404 3858 ana,
441 3781 503 3841 sed
529 3789 565 3842 et
590 3780 703 3858 bulla,
738 3799 951 3859 quamquam
975 3777 1068 3841 seria
1094 3787 1128 3839 et
1153 3777 1323 3859 crudelis,
1349 3778 1483 3860 aliquot
1507 3801 1612 3842 meos
1679 3763 1680 3772 ἵ

321 3886 431 3948 libros
446 3886 612 3948 innoxios
627 3885 724 3963 facit,
749 3886 832 3946 licet
849 3894 885 3946 et
901 3887 966 3946 hos
983 3887 1126 3948 damnet
1138 3885 1270 3967 judicio
1286 3907 1431 3968 prorsus
1445 3887 1610 3951 monstri·

320 3992 398 4055 fico.
447 3992 485 4054 Si
510 3992 632 4072 itaque
657 4001 692 4053 et
716 3993 782 4053 hos
806 4011 977 4053 revocare
1002 3992 1205 4074 inciperem,
1227 3995 1377 4056 obsecro
1402 3993 1486 4075 quid
1509 3994 1613 4056 face·

320 4120 414 4173 rem,
445 4098 511 4161 nisi
544 4099 640 4180 quod
673 4118 762 4159 unus
793 4119 839 4161 ex
870 4097 1032 4161 omnibus
1063 4099 1271 4162 mortalibus
1305 4121 1381 4162 eam
1415 4101 1614 4164 veritatem
1679 4095 1680 4130 ³

321 4207 544 4284 damnarem,
574 4225 679 4286 quam
713 4204 817 4266 amici
847 4213 883 4266 et
913 4203 1043 4267 inimici
1075 4207 1210 4286 pariter
1243 4205 1474 4287 confitentur,
1505 4211 1614 4270 solus
1679 4187 1680 4198 ἵ

320 4311 474 4376 omnium
498 4310 712 4374 confessioni
737 4310 906 4374 concordi
930 4314 1135 4377 reluctatus.

411 4455 572 4517 Alterum
596 4475 710 4536 genus
734 4463 798 4533 est,
824 4455 920 4535 quod
945 4455 979 4516 in
1005 4456 1190 4536 Papatum,
1219 4475 1349 4536 resque
1373 4456 1614 4537 Papistarurn
1679 4483 1680 4500 ¹

320 4561 508 4640 invehitur,
532 4572 701 4642 tanquam
723 4561 759 4623 in
785 4582 857 4641 eos,
883 4561 942 4643 qui
968 4562 1039 4624 suis
1064 4561 1233 4625 doctrinis
1258 4571 1294 4624 et
1314 4562 1496 4645 exemplis,
1521 4581 1614 4643 pes·
1679 4579 1680 4620 t

320 4669 418 4748 sime,
443 4672 565 4731 orbem
590 4667 836 4747 christianum,
868 4679 1017 4750 utroque
1049 4671 1143 4731 malo
1173 4669 1366 4732 vastaverit
1396 4680 1432 4731 et
1455 4670 1616 4752 spiritus

320 4784 356 4838 et
380 4776 548 4856 eorporis,
595 4775 686 4837 Nam
710 4775 746 4837 id
763 4797 877 4857 neque
893 4775 1030 4857 negari,
1054 4797 1169 4857 neque
1185 4775 1398 4840 dissimulari
1414 4777 1615 4859 quisquam

319 4891 455 4971 potest,
487 4903 564 4947 cum
597 4881 822 4968 experientia
855 4882 1008 4949 omnium
1044 4893 1079 4948 et
1103 4882 1346 4948 universorum
1371 4883 1619 4969 queremonia
