3425 5700
771 576 1015 631 QUO&

255 742 339 782 cosa
369 722 458 801 sapii
491 723 609 803 quella
635 724 700 783 che
725 734 894 804 questoro
920 743 1008 785 sono
1033 728 1104 785 cosl
1130 722 1307 804 impacciti
1334 724 1400 785 che
1425 724 1529 786 fanno

256 828 389 910 peggio
423 828 488 890 che'
519 839 652 910 poteno
677 841 810 911 quanto
834 831 894 912 piu
920 830 1058 911 grande
1083 830 1101 893 ὁ
1127 830 1182 892 chi
1207 830 1254 892 da
1277 831 1397 893 Roma
1421 830 1530 909 viene,

256 936 442 1017 presertim
467 957 532 1018 per
556 957 660 999 nome
685 938 744 1001 del
768 938 881 1019 Papa.

345 1044 400 1103 De
423 1044 571 1107 mandar
595 1046 700 1107 alcun
719 1047 810 1109 altro
834 1066 905 1109 non
923 1044 1114 1122 cardinale,
1139 1045 1189 1107 sel
1205 1042 1234 1105 si
1249 1043 1286 1107 fa
1302 1044 1433 1125 perche
1448 1044 1469 1107 l'
1484 1044 1533 1106 usi

255 1149 314 1230 piu
340 1148 423 1211 fede
448 1159 483 1212 et
507 1148 694 1233 diligentia
717 1152 783 1215 che
806 1152 849 1215 sii
874 1162 929 1215 sta
952 1151 1001 1214 fin
1025 1155 1083 1233 qul
1108 1169 1253 1232 perine
1277 1161 1379 1213 usata
1403 1163 1439 1215 et
1461 1173 1532 1214 usa-

255 1255 336 1336 rasi,
362 1266 459 1318 certo
482 1277 548 1338 per
571 1259 620 1321 tal
645 1279 752 1321 causa
775 1279 846 1321 non
872 1262 1044 1340 besogna,
1076 1267 1113 1320 et
1136 1257 1171 1320 di
1196 1259 1250 1320 cid
1276 1278 1346 1321 non
1371 1279 1416 1322 ne
1442 1260 1533 1322 volio

257 1364 347 1425 altro
371 1363 571 1427 testimonio
596 1368 662 1428 che
687 1366 721 1427 di
748 1365 836 1429 tanti
861 1366 996 1429 italiani
1017 1379 1053 1429 et
1069 1365 1234 1447 spagnoli
1250 1366 1315 1428 che
1331 1386 1369 1428 se
1386 1376 1533 1429 trovano

257 1470 292 1532 in
317 1481 443 1551 questa
466 1471 589 1553 Dieta,
619 1473 696 1535 diro
732 1494 799 1555 pur
824 1476 936 1537 anche
961 1472 997 1534 di
1021 1474 1090 1535 essi
1116 1472 1231 1534 istessi
1256 1473 1407 1535 alemani
1432 1472 1535 1535 etiam

257 1577 463 1657 adversarii,
488 1578 511 1641 li
536 1580 632 1660 quali
656 1601 723 1662 pur
746 1589 877 1662 troppo
902 1580 931 1643 si
956 1581 1158 1643 lamentano
1183 1579 1278 1641 della
1301 1579 1371 1642 mia
1394 1580 1477 1643 fede
1501 1591 1535 1643 et

190 1702 193 1708 ’
258 1683 461 1766 diligentia,
493 1686 658 1749 vedendo
690 1687 711 1749 l'
729 1686 853 1750 effetto
887 1688 981 1750 delle
1012 1689 1130 1748 buone
1164 1686 1363 1767 operationi
1390 1707 1456 1768 per
1481 1708 1535 1751 me

257 1791 347 1853 fatte
370 1789 419 1853 fin
443 1792 489 1854 da
512 1793 698 1875 principi0‚
725 1804 760 1857 et
783 1794 903 1875 quello
927 1796 993 1856 che
1018 1812 1083 1875 per
1105 1793 1190 1874 ogni
1206 1795 1324 1855 buona
1340 1793 1536 1857 coniettura

258 1898 288 1960 si
318 1900 390 1979 pud
421 1897 557 1962 iudicar
585 1902 650 1964 che
673 1900 708 1963 io
733 1901 774 1964 sii
799 1922 865 1982 per
888 1910 1028 1963 ottener
1052 1898 1172 1962 avanti
1197 1901 1261 1962 che
1287 1898 1320 1961 io
1345 1902 1435 1983 parti
1463 1922 1483 1963 o
1508 1901 1534 1961 si

259 2005 390 2068 resolvi
413 2007 449 2067 la
472 2006 581 2080 dieta;
606 2010 634 2069 sl
659 2009 724 2069 che
749 2017 883 2089 quanto
908 2029 928 2070 a
953 2006 1007 2069 cio
1023 2003 1097 2068 Sua
1113 2004 1250 2068 Santiti
1275 2016 1310 2069 et
1326 2007 1370 2069 V.
1388 2007 1424 2069 S.
1443 2008 1537 2070 Rma

259 2133 304 2175 ne
336 2111 440 2175 stiino
472 2114 517 2176 de
541 2116 637 2175 buon
661 2114 778 2177 animo
803 2125 840 2177 et
863 2135 934 2176 non
959 2112 1146 2177 manchino
1172 2112 1206 2175 di
1230 2115 1378 2176 mandat
1402 2115 1435 2177 le
1460 2135 1536 2196 pro-

260 2218 388 2283 visioni
412 2219 533 2282 debite
558 2220 654 2300 quali
677 2242 898 2300 recercamo,
931 2222 996 2283 che
1021 2239 1127 2301 spero
1153 2240 1174 2282 o
1199 2221 1265 2281 che
1291 2221 1434 2284 tandem
1462 2224 1539 2283 har-

260 2346 357 2389 remo
382 2326 403 2390 l'
421 2327 569 2408 intento,
594 2349 615 2390 o
640 2328 948 2392 manifestamente
976 2329 1006 2391 si
1031 2328 1249 2409 cognoscere
1273 2348 1338 2409 per
1361 2327 1386 2390 il
1409 2330 1540 2391 mundo

260 2454 332 2496 non
356 2454 454 2498 esser
476 2446 640 2498 mancato
664 2436 707 2498 ne
733 2437 779 2498 da
795 2434 870 2498 Sua
887 2434 1025 2498 Santita
1049 2436 1092 2498 ne
1118 2434 1176 2497 dai
1199 2434 1348 2497 ministri
1370 2437 1447 2499 suoi
1463 2435 1540 2498 fare

262 2540 285 2603 il
318 2541 450 2606 debito.
497 2541 592 2604 Baso
624 2542 852 2605 humilmente
884 2542 934 2624 gli
966 2541 1062 2623 piedi
1091 2542 1125 2604 di
1151 2540 1186 2604 S.
1213 2541 1351 2605 Santiti
1375 2552 1411 2605 et
1435 2542 1472 2605 di
1497 2542 1541 2604 V.

262 2648 298 2711 S.
323 2649 420 2712 Rma
442 2651 477 2711 le
500 2669 602 2712 sacre
624 2649 730 2713 mani.
776 2650 1010 2713 Wormatiae.

799 2865 930 2876 νννννννιυνη
934 2865 964 2875 ww.
978 2866 986 2872 κ
1003 2867 1005 2872 v

875 3115 929 3180 42.
1101 3171 1106 3182 .

550 3231 833 3312 Deliberationos
861 3230 901 3310 in
929 3231 1071 3332 negotio
1099 3231 1256 3312 lutheri.

714 3377 800 3448 (Acta
817 3375 952 3436 Worruao.
969 3376 1015 3436 tol.
1034 3377 1087 3446 86.)

353 3510 439 3572 Post
470 3511 615 3590 longam
638 3507 732 3569 inter
754 3505 913 3568 Nuncios
937 3505 1125 3588 pontificis,
1150 3517 1186 3568 et
1209 3526 1376 3589 magnum
1401 3506 1549 3571 Cancel-

263 3615 403 3697 larium,
440 3626 475 3678 et
506 3613 757 3678 Confessorem
789 3612 987 3676 Caesareae
1019 3611 1217 3675 Maiestatis
1249 3613 1551 3694 disceptationem

264 3725 348 3806 quid
371 3724 407 3787 in
429 3745 470 3788 re
493 3724 697 3786 Lutherana
720 3720 922 3785 faciendum
947 3730 1050 3800 esset,
1087 3719 1201 3783 visum
1226 3731 1280 3784 est
1303 3720 1448 3783 tandem
1473 3721 1551 3784 Do·

263 3831 358 3894 mino
384 3831 604 3894 Cancellario
634 3841 670 3893 et
692 3828 915 3907 Confessori,
949 3826 1008 3910 qui
1032 3829 1203 3910 precipue
1227 3829 1296 3891 ista
1319 3827 1485 3908 concepit
1513 3839 1553 3890 et

265 3938 424 4018 dictavit,
448 3938 498 4001 ita
521 3958 600 4000 esse
623 3959 645 4000 a
659 3936 813 4000 Caesare
835 3936 1112 4018 procedendum,
1134 3933 1434 4016 respondentibus
1450 3934 1552 3998 Nun-

265 4045 328 4108 ciis
351 4065 390 4108 se
414 4045 481 4108 ista
505 4065 575 4106 non
599 4053 736 4125 petere:
762 4053 881 4105 tamen
905 4041 935 4104 si
951 4041 1082 4104 Caesar
1106 4041 1154 4104 ita
1174 4041 1315 4106 omnino
1332 4041 1553 4122 decreverit,

266 4173 312 4214 ex
336 4171 374 4214 se
398 4149 517 4214 faciat.

354 4258 580 4321 Mitterentur
608 4257 716 4339 aliqui
745 4255 811 4319 viri
836 4254 980 4319 boniet
1005 4254 1133 4318 eruditi
1158 4276 1179 4319 a
1206 4256 1359 4318 Caesare
1383 4257 1430 4317 ad
1454 4255 1554 4318 Mar-

266 4366 378 4430 tinum
403 4367 498 4447 quod
521 4365 756 4446 interrogent,
780 4383 825 4426 an
841 4362 1052 4426 confiteatur
1066 4361 1176 4424 libros
1193 4381 1315 4424 omnes
1331 4370 1392 4424 aut
1408 4361 1558 4444 aliquos

267 4495 314 4537 ex
337 4472 380 4535 iis
404 4473 463 4555 qui
487 4473 562 4536 eius
586 4472 726 4535 nomine
751 4470 1064 4550 circumferuntur,
1089 4489 1171 4532 suos
1196 4489 1292 4543 esse;
1323 4489 1411 4550 quos
1435 4469 1465 4532 si
1489 4489 1557 4534 ne·

267 4580 408 4662 gaverit
431 4600 513 4642 suos
537 4599 616 4642 esse
639 4579 675 4640 in
700 4587 895 4641 strumento
919 4576 1064 4659 publico
1089 4578 1264 4640 declaret:

357 4685 396 4749 Si
419 4696 537 4750 autem
554 4686 728 4749 Martinus
751 4685 1002 4767 recognoverit
1027 4684 1136 4747 libros
1161 4703 1239 4747 esse
1260 4702 1342 4746 suos
1359 4684 1442 4746 etin
1461 4683 1562 4764 ipsis

268 4804 436 4858 contenta
459 4792 545 4856 velit
572 4792 783 4873 defendere,
810 4813 875 4855 nec
905 4801 1090 4854 recantare
1119 4790 1271 4855 voluerit
1294 4810 1384 4872 quae
1405 4811 1427 4853 a
1452 4787 1561 4854 Sede

270 4887 479 4983 Apostolica
503 4911 584 4963 sunt
607 4904 784 4981 damnata,
812 4911 872 4962 aut
896 4908 1020 4962 contra
1043 4897 1164 4979 fidem,
1189 4897 1365 4978 Concilia,
1391 4898 1562 4980 decreta,
