3425 5700
728 602 966 668 »morea

192 758 409 838 Leodiensis,
425 757 573 820 hlotario
591 766 627 820 et
642 757 817 838 familiari,
833 759 880 819 ad
897 757 1139 820 charissimum
1156 758 1191 820 in
1209 757 1349 820 Christo
1364 759 1472 822 filium

191 877 348 929 nostrum
373 865 538 927 Carolum
561 865 809 928 Romanorum
840 876 877 927 et
901 865 1152 946 Hispaniarum
1176 866 1319 947 Regem
1346 865 1471 930 Catho-

191 973 294 1036 licum
327 983 362 1035 et
386 972 642 1053 Imperatorem
671 975 823 1035 electum
848 982 884 1034 et
908 970 1009 1034 Sacri
1034 971 1172 1054 imperii
1197 975 1371 1037 electores
1396 994 1473 1049 cae·

190 1090 356 1160 torosque
391 1077 605 1142 Germaniae
639 1081 733 1141 altae
768 1087 804 1141 et
837 1081 965 1141 bassae
999 1078 1187 1160 episcopos
1222 1080 1402 1162 principes
1437 1093 1473 1144 et

189 1187 422 1250 comunitates
445 1185 577 1248 Nostro
603 1195 638 1248 et
662 1186 894 1267 Apostolicae
910 1183 1015 1248 Sedis
1030 1186 1168 1248 Nuncio
1193 1196 1229 1249 et
1252 1187 1396 1267 oratori,
1420 1208 1471 1251 sa·

187 1298 296 1358 lutem
322 1303 358 1358 et
381 1293 615 1375 apostolicam
641 1293 937 1357 benedictionem.

277 1401 366 1464 Cum
390 1400 436 1462 ad
460 1400 547 1463 nihil
571 1400 667 1462 aliud
691 1409 814 1462 nostra
838 1399 973 1483 aspiret
995 1399 1144 1464 intentio
1168 1422 1273 1483 quam
1287 1412 1326 1462 ut
1343 1400 1473 1464 Christi

187 1509 344 1571 fidelium
370 1508 505 1571 animas
530 1515 652 1570 nostra
676 1506 862 1588 diligentia
886 1507 964 1568 Deo
988 1507 1197 1570 lucrifacere
1221 1508 1407 1589 possimus,
1434 1509 1470 1572 li-

186 1619 316 1678 benter
341 1616 437 1677 circa
460 1617 529 1677 hoc
550 1635 695 1696 operam
712 1613 856 1696 vigilem
875 1613 1084 1677 adhibemus
1098 1624 1137 1677 ut
1152 1615 1329 1678 diabolica
1344 1615 1471 1679 fraude

185 1723 329 1804 decepti
361 1724 406 1784 ad
441 1721 578 1784 caulam
609 1722 864 1784 dominicarum
889 1721 1006 1783 ovium
1031 1732 1265 1803 revertantur,
1298 1724 1385 1786 etsi
1411 1725 1471 1806 qui

184 1831 382 1893 animorum
407 1829 643 1910 perversitate
668 1828 765 1891 ducti
789 1829 824 1891 in
856 1830 1024 1891 damnato
1056 1849 1119 1892 suo
1143 1829 1327 1912 proposito
1351 1840 1470 1893 contu-

185 1938 334 2000 maciter
358 1936 550 2018 persistere
575 1935 773 2015 maluerint,
799 1935 920 1998 taliter
943 1935 1246 1999 animadvertatur
1270 1936 1305 1998 in
1329 1937 1409 2000 illos
1432 1949 1472 2000 ut

184 2045 232 2107 sit
265 2064 386 2107 eorum
420 2063 537 2124 paena
569 2042 721 2106 caeteris
745 2041 781 2104 in
807 2043 1020 2123 exemplum.
1068 2041 1155 2104 Cum
1179 2044 1288 2106 multa
1313 2053 1349 2106 et
1371 2045 1472 2106 varia

184 2153 232 2213 de
263 2151 422 2212 novitate
452 2150 631 2232 dogmatis
663 2158 699 2212 et
731 2148 951 2212 scandalosis
985 2148 1141 2211 articulis
1174 2149 1295 2213 fratris
1325 2151 1470 2214 Martini

185 2259 330 2337 Luther,
356 2257 490 2320 ordinis
511 2256 660 2318 fratrum
684 2255 937 2318 heremitarum
961 2253 1083 2318 Sancti
1108 2256 1300 2338 Augustini
1323 2257 1360 2320 in
1384 2257 1469 2322 Ger·

184 2365 305 2428 mania
329 2363 503 2444 degentis,
529 2363 632 2425 nobis
652 2363 861 2426 renunciata
878 2372 998 2425 essent
1018 2372 1054 2425 et
1079 2363 1237 2444 quotidie
1252 2364 1471 2428 referrentur

184 2492 279 2554 quae
296 2481 449 2534 mentem
467 2480 624 2533 nostram
642 2471 766 2532 mirum
782 2470 819 2532 in
835 2471 977 2532 modurn
995 2473 1277 2550 commovebant,
1301 2481 1469 2554 tanquam

183 2601 207 2642 a
232 2589 355 2641 nostra
383 2578 557 2660 religione
589 2579 731 2659 penitus
765 2577 882 2640 aliena
913 2576 1130 2658 diligentiori
1163 2578 1326 2641 examine
1360 2574 1470 2660 digna

184 2707 265 2750 esse
297 2695 541 2758 censerentur;
577 2685 651 2747 Nos
684 2705 729 2746 ne
762 2683 902 2747 novitas
934 2684 1143 2765 hujusmodi,
1176 2694 1212 2747 et
1236 2705 1278 2746 ea
1302 2705 1394 2766 quae
1422 2688 1469 2749 ab

183 2795 265 2877 ipso
290 2795 326 2857 in
351 2793 533 2876 publicum
556 2793 698 2875 prolata
722 2801 758 2855 et
780 2793 816 2855 in
841 2791 982 2873 scriptis
1007 2792 1113 2854 etiam
1137 2792 1284 2856 reducta
1305 2813 1377 2856 non
1392 2793 1469 2857 sine

182 2902 292 2964 animi
318 2902 429 2964 nostri
453 2899 678 2982 displicentia
701 2900 853 2961 vidimus
878 2909 913 2961 et
937 2900 1098 2981 legimus,
1121 2901 1328 2963 scandalum
1349 2901 1383 2963 in
1407 2922 1469 2985 po·

182 3011 270 3093 pulo
295 3007 488 3071 christiano
513 3027 669 3089 suaeque
694 3016 729 3068 et
753 3006 902 3069 aliorum
926 3006 1111 3068 animabus
1135 3006 1312 3070 interitum
1342 3028 1468 3090 provo·

183 3124 327 3195 carent,
361 3118 524 3177 volentes
553 3134 619 3195 pro
653 3122 774 3176 nostro
798 3114 970 3195 pastorali
994 3112 1113 3175 officio
1138 3114 1328 3177 salubriter
1352 3116 1466 3197 provi-

183 3225 282 3301 dere,
305 3222 422 3304 ipsum
442 3242 508 3303 per
524 3220 612 3283 alias
636 3229 777 3282 nostras
800 3220 835 3282 in
861 3220 974 3283 forma
998 3219 1100 3282 brevi
1123 3219 1261 3283 litteras
1285 3230 1324 3284 ut
1339 3222 1385 3284 ad
1403 3244 1468 3287 nos

182 3328 339 3408 veniret,
373 3330 531 3391 adhaec
556 3338 593 3389 ut
627 3348 673 3390 ex
705 3348 766 3389 ore
798 3346 862 3389 suo
893 3326 1079 3389 veritatem
1108 3336 1144 3389 et
1176 3348 1320 3390 causam
1345 3349 1467 3392 eorum

183 3457 277 3518 quae
301 3436 445 3518 publice
470 3436 676 3517 disputabat
701 3442 736 3496 et
759 3434 794 3496 in
819 3434 961 3515 scriptis
983 3434 1173 3516 redigebat
1187 3435 1468 3517 intelligeremus

183 3544 393 3620 monuimus²
419 3563 569 3624 cumque
584 3541 621 3604 id
636 3540 757 3604 facere
782 3552 991 3622 recusasset,
1016 3562 1057 3604 ac
1083 3563 1162 3604 eum
1186 3562 1257 3605 non
1275 3546 1467 3606 secundum

183 3650 254 3713 Dei
285 3652 403 3731 legem
436 3670 500 3731 per
528 3670 632 3731 quarn
659 3648 864 3711 obedientia
889 3658 924 3711 et
947 3648 1126 3711 humilitas
1149 3649 1346 3731 precipitur
1375 3650 1466 3714 ince-

182 3761 271 3821 dere
303 3758 585 3821 manifestissime
612 3765 805 3829 constaret·
831 3756 904 3819 Nos
928 3777 974 3819 ne
998 3777 1098 3819 error
1120 3756 1319 3838 hujusmodi
1342 3758 1378 3819 in
1403 3757 1466 3820 Ec·

182 3864 297 3928 clesia
320 3864 389 3926 Dei
413 3866 479 3925 sub
503 3862 783 3925 dissimulatione
807 3872 843 3925 et
867 3863 1096 3945 negligentia,
1123 3872 1283 3947 tempore
1307 3884 1466 3947 praeser-

182 3972 247 4035 tim
264 3981 397 4053 nostr0,
415 3971 631 4053 pertransire
648 3972 840 4050 videretur,
857 3970 1034 4033 nonnullis
1051 3992 1097 4033 ex
1111 3969 1265 4034 Sanctae
1279 3971 1467 4035 Romanae

182 4080 368 4143 Ecclesiae
400 4078 648 4141 Cardinalibus
680 4078 784 4141 vivae
819 4078 919 4141 vocis
951 4080 1095 4141 oraculo
1130 4078 1383 4141 commissimus
1418 4090 1467 4160 ut,

181 4186 355 4251 adhibitis
385 4186 420 4249 in
446 4185 557 4249 Sacra
580 4186 719 4267 Pagina
751 4184 930 4267 magistris
954 4196 989 4248 et
1013 4185 1091 4247 aliis
1115 4185 1199 4248 viris
1223 4185 1348 4265 doctiS,
1379 4187 1466 4267 ejus-

181 4297 267 4357 dem
286 4293 432 4356 Martini
455 4292 551 4355 dicta
575 4302 610 4355 et
634 4292 766 4374 scripta
791 4292 983 4373 diligenter
1007 4292 1253 4355 examinarent
1276 4301 1312 4355 et
1335 4293 1466 4357 deinde

180 4404 216 4464 in
245 4400 456 4464 consistorio
480 4408 602 4462 nostro
620 4411 758 4463 secreto
776 4399 966 4474 referrent;
992 4419 1139 4481 quorum
1154 4400 1328 4462 relatione
1345 4401 1467 4463 audita

181 4522 219 4571 et
245 4508 388 4591 saepius
411 4516 547 4570 mature
573 4507 741 4587 discussa,
767 4507 968 4589 complures
984 4506 1152 4569 articulos
1170 4527 1215 4569 ex
1234 4507 1309 4569 eius
1325 4508 1466 4589 scriptis

180 4625 367 4679 extractos
391 4618 436 4677 de
461 4615 654 4677 eorundem
679 4614 919 4676 Cardinalium
951 4613 1099 4676 consilio
1131 4614 1390 4695 damnavimus,
1422 4616 1464 4678 is·

179 4736 329 4804 tumque
346 4723 536 4787 Martinum
557 4727 623 4786 sub
639 4723 764 4806 poenis
779 4734 864 4785 tunc
885 4723 1064 4804 expressis
1088 4722 1285 4786 monuimus
1308 4733 1346 4785 ut
1372 4722 1466 4785 infra

179 4840 321 4894 certum
353 4840 492 4913 tempus
516 4841 600 4895 tunc
628 4852 837 4913 expressum
862 4850 1001 4894 errores
1025 4851 1107 4894 suos
1130 4839 1406 4913 recognosceret
1430 4839 1466 4893 et

178 4940 229 5000 ad
263 4937 388 5000 solitae
413 4938 574 5001 veritatis
599 4939 691 5000 viam
715 4948 964 5020 reverteretur,
989 4948 1025 5001 et
1049 4958 1140 5020 quae
1164 4937 1200 4999 in
1225 4938 1300 5001 eius
1324 4937 1464 5019 scriptis
