3425 5700
806 549 864 612 &ve
903 539 955 614 2'00
994 547 1052 614 110

289 705 411 785 Ι110000,
436 723 457 765 0
482 719 647 785 presumo
671 712 800 785 troppo
810 752 818 784 ,
849 726 917 786 pur
949 727 1015 787 per
1047 708 1081 770 la
1106 706 1174 769 mia
1198 704 1281 771 fidel
1306 706 1439 772 servitii
1464 726 1563 771 verso

288 810 418 873 Nostro
443 809 597 892 Signore
621 823 658 873 et
682 812 814 875 Vostra
831 812 1000 893 Signoria
1016 813 1332 877 Reverendissima
1348 836 1417 879 non
1434 817 1563 879 lassard

289 918 376 980 dirle
402 920 467 979 che
491 928 658 999 questoro
684 940 753 982 non
779 922 855 982 solo
882 940 948 982 con
974 920 1089 1001 cegni‚
1114 942 1171 983 ma
1195 923 1296 1002 quasi
1322 934 1563 1004 apertamente

287 1046 325 1086 se
349 1027 491 1087 lassano
524 1025 688 1089 intender
712 1025 980 1090 Sanctissimum
1005 1030 1048 1091 D.
1073 1027 1116 1091 N.
1140 1038 1252 1090 totum
1277 1037 1371 1092 stare
1396 1029 1417 1091 ὲ
1442 1029 1562 1109 Gallis,

288 1143 324 1194 et
347 1133 464 1195 hanno
489 1133 690 1215 sospicione
715 1135 851 1214 grande
877 1154 984 1215 sopra
999 1134 1124 1215 ,questi
1150 1133 1347 1217 Sguizzari,
1380 1146 1415 1197 et
1444 1147 1565 1218 questa

286 1240 433 1302 mattina
458 1260 528 1303 uno
554 1241 590 1301 di
614 1240 675 1322 piu
699 1240 828 1323 grandi
853 1242 967 1323 disse,
991 1243 1057 1303 che
1085 1241 1107 1304 l'
1132 1242 1383 1304 Ambasciator
1413 1243 1565 1307 Cesareo

286 1346 320 1407 in
352 1345 488 1408 Franza
512 1348 627 1409 havea
651 1347 775 1409 scritto
804 1348 838 1409 di
864 1350 915 1427 la,
948 1351 981 1410 el
1006 1348 1064 1411 Re
1090 1347 1387 1411 Christianissimo
1416 1352 1565 1413 haverse

285 1452 440 1533 gloriato
465 1456 531 1515 che
555 1454 606 1515 sei
630 1453 739 1516 millia
763 1451 955 1536 Sguizzari‚
980 1455 991 1517 i
1015 1454 1109 1536 quali
1135 1475 1222 1517 sono
1247 1458 1282 1517 al
1306 1458 1407 1519 soldo
1428 1458 1462 1519 di
1479 1458 1564 1521 Nos·

287 1571 341 1622 tro
366 1557 531 1641 Signore,
557 1581 666 1623 erano
690 1562 812 1643 pagati
839 1564 885 1624 da
909 1584 961 1641 se,
996 1571 1032 1624 et
1063 1564 1097 1624 al
1121 1583 1185 1625 suo
1210 1566 1419 1628 commando
1444 1586 1510 1647 per
1534 1568 1565 1627 le

285 1687 367 1728 cose
394 1668 429 1727 di
447 1666 586 1748 Napoli.
633 1667 674 1729 ln
699 1668 749 1730 tal
773 1670 879 1731 modo
904 1670 1030 1731 alcuna
1057 1672 1152 1731 volta
1168 1670 1282 1751 questi
1299 1690 1392 1751 gran
1408 1672 1564 1754 Principi

284 1794 323 1835 se
347 1775 489 1835 lassano
513 1774 606 1835 uscir
630 1775 781 1855 qualche
805 1778 930 1856 parola
961 1797 981 1838 0
1011 1796 1076 1857 per
1100 1797 1213 1857 pocca
1237 1778 1425 1858 prudentia
1446 1800 1475 1853 Ι0
1500 1800 1566 1861 per

283 1880 447 1962 gloriarsi
480 1889 515 1942 et
540 1889 667 1943 metter
690 1901 803 1964 paura
835 1882 880 1944 al'
906 1884 1111 1945 adversario
1145 1904 1164 1944 0
1199 1903 1264 1964 per
1292 1886 1441 1965 qualche
1473 1889 1564 1949 altra

282 1999 369 2050 arte.
417 1989 455 2050 Io
487 1988 625 2070 resposi
658 1990 724 2051 che
757 2010 825 2051 non
860 1992 990 2052 credea
1018 1992 1096 2053 chel
1126 1992 1184 2053 Re
1208 1992 1244 2052 di
1263 1992 1398 2054 Franza
1422 1993 1564 2056 lavesse

283 2097 380 2158 dette
404 2098 455 2157 tal
472 2097 605 2177 parole,
631 2106 666 2158 et
681 2117 721 2158 se
735 2117 802 2177 pur
823 2099 855 2158 le
873 2099 988 2159 havea
1013 2098 1109 2161 detto
1133 2098 1221 2160 forsi
1245 2102 1277 2160 el
1302 2098 1429 2163 faceva
1452 2102 1565 2181 accio,

282 2205 348 2264 che
374 2202 483 2264 Cesar
507 2222 572 2283 per
596 2205 667 2265 tale
691 2204 885 2284 suspitione
912 2225 981 2267 non
1006 2204 1144 2267 facesse
1177 2207 1210 2268 el
1239 2206 1352 2268 dever
1380 2228 1401 2269 a
1431 2207 1564 2271 Nostro

282 2307 436 2390 Signore
461 2310 495 2371 in
520 2309 554 2371 la
581 2330 665 2371 cosa
689 2311 734 2371 de
752 2309 886 2373 Luther
903 2332 924 2373 0
949 2313 1169 2391 0111011101110,
1195 2313 1313 2375 donde
1334 2311 1407 2375 Sua
1424 2312 1565 2377 Santita

281 2416 378 2479 fusse
412 2416 741 2498 ragionevolmente
782 2428 978 2481 constretta
1014 2441 1034 2481 a
1066 2420 1297 2501 favoreggiar
1328 2420 1351 2481 li
1383 2421 1565 2484 Francesi.

281 2523 430 2584 Mache
456 2523 490 2584 in
515 2544 602 2585 vero
627 2524 662 2585 io
686 2544 756 2585 non
789 2526 919 2587 credea
952 2547 1050 2589 esser
1080 2546 1165 2589 vero
1197 2529 1290 2591 delle
1322 2530 1462 2608 parole,
1497 2533 1565 2592 che

281 2630 327 2691 lui
354 2630 456 2691 dicea
480 2631 535 2693 del
557 2630 616 2692 Re
641 2631 676 2693 di
692 2630 840 2711 Franza‚
866 2642 901 2693 et
920 2632 1078 2711 allegaili
1096 2635 1221 2695 alcune
1237 2634 1377 2715 ragioni
1394 2645 1429 2696 et
1444 2656 1565 2715 cause,

282 2756 346 2815 per
359 2739 391 2797 le
404 2737 501 2817 quali
516 2738 762 2799 meritamente
780 2736 909 2799 Nostro
927 2736 1079 2818 Signore
1097 2760 1158 2801 era
1175 2749 1268 2802 stato
1283 2740 1421 2805 indotto
1443 2764 1464 2805 0
1482 2764 1564 2807 0011-

279 2844 345 2905 1101
361 2843 384 2904 11
402 2841 592 2924 Sguizzari.
630 2843 682 2906 Un
701 2846 792 2907 altro
818 2844 853 2906 di
878 2845 1103 2927 grandissimi
1128 2868 1252 2928 spesso
1273 2849 1318 2910 mi
1344 2848 1423 2912 dice
1449 2850 1563 2915 latine

279 2950 487 3014 Pontificem
523 2951 717 3014 Gallissare
751 2962 786 3012 et
817 2954 884 3014 che
916 2955 1003 3034 perd
1032 2953 1142 3016 Cesar
1173 2957 1242 3017 non
1273 2957 1407 3019 lassara
1440 2958 1495 3021 far
1528 2961 1564 3022 el

279 3060 389 3120 dever
420 3077 503 3138 su0‚
532 3079 599 3140 pur
631 3061 709 3121 chel
743 3081 813 3121 non
843 3061 884 3122 sii
909 3071 1040 3143 troppo
1065 3063 1292 3145 oltraggiat0,
1317 3065 1470 3127 maxime
1494 3088 1564 3148 per

277 3175 391 3227 tectos
416 3166 527 3228 dolos

367 3271 487 3354 Hoggi
514 3271 623 3334 Cesar
647 3272 726 3334 dice
757 3274 835 3335 chel
868 3271 1099 3337 Sanctissimo
1134 3277 1201 3338 mai
1233 3278 1325 3340 have
1359 3280 1564 3360 Imperator

277 3399 298 3440 0
323 3379 490 3459 Principe
514 3379 573 3460 piu
599 3380 791 3441 ubedlente
815 3380 951 3460 figliolo
976 3382 1011 3444 di
1037 3383 1101 3463 lui,
1133 3403 1199 3464 pur
1231 3387 1294 3447 che
1320 3383 1393 3449 Sua
1417 3385 1562 3451 Santita

277 3507 348 3548 non
373 3487 397 3548 li
420 3486 513 3549 faeci
537 3495 648 3548 torto:
686 3486 785 3548 Haec
818 3489 935 3551 omnia
967 3510 1010 3552 eo
1039 3492 1199 3553 tendunt.
1225 3529 1266 3536 -
1292 3492 1370 3554 Νο11
1402 3498 1563 3574 perdar

276 3593 433 3656 conselio
458 3615 479 3655 a
503 3591 576 3655 Sua
599 3591 738 3655 Santita
764 3595 807 3656 nc
832 3617 853 3656 a
878 3595 1010 3658 Vostra
1035 3594 1202 3678 Signoria
1226 3599 1561 3682 Reverendissima,

276 3721 332 3762 ma
360 3721 427 3782 per
449 3700 473 3761 il
498 3700 618 3762 debito
652 3701 687 3761 di
720 3701 791 3764 mia
819 3702 973 3784 servitiu,
1006 3704 1167 3785 supplico
1199 3704 1350 3787 pigliino
1376 3708 1410 3770 in
1436 3712 1562 3775 buona

275 3818 376 3888 parte
400 3809 433 3868 le
449 3806 517 3868 mie
534 3808 668 3887 parole,
694 3828 793 3869 come
810 3808 889 3870 dice
905 3809 1013 3872 Cato:
1038 3830 1228 3891 puerorum
1250 3813 1425 3878 nutricola
1449 3816 1561 3890 utile;

274 3913 458 3980 consilium
493 3913 665 3976 Dominus
700 3935 744 3975 ne
781 3914 926 3997 despice
962 3917 1071 3990 servi;
1112 3920 1285 3981 raccordo
1327 3923 1465 3986 adunca
1502 3946 1560 3988 re-

275 4031 542 4083 verentemente
567 4018 639 4082 Sua
664 4019 804 4083 Santita
827 4022 949 4084 habbii
976 4042 1059 4085 cura
1083 4024 1118 4085 in
1144 4026 1258 4106 questi
1283 4029 1389 4090 nuovi
1413 4035 1560 4096 tumulti

273 4149 343 4190 non
369 4129 555 4208 despiacer
579 4149 600 4190 a
624 4139 749 4209 questo
775 4129 953 4210 Principe.
1001 4131 1030 4192 Il
1055 4133 1121 4192 che
1152 4136 1240 4213 perd
1273 4156 1381 4198 ancor
1418 4139 1484 4199 che
1521 4140 1560 4204 io

272 4234 313 4296 sii
329 4245 428 4297 certo
445 4235 510 4296 che
526 4234 614 4312 sara,
638 4244 755 4296 tamen
780 4237 912 4315 perche
938 4237 995 4298 noi
1020 4239 1099 4301 altri
1124 4242 1275 4303 vedemo
1299 4243 1359 4323 qui
1383 4243 1443 4325 piu
1468 4267 1559 4310 cose

272 4342 307 4403 di
332 4351 457 4422 questo
482 4341 601 4421 Cesar,
626 4343 692 4403 che
717 4342 741 4402 li
765 4341 800 4402 di
825 4343 944 4405 Roma
968 4365 1038 4406 non
1064 4367 1151 4408 sono
1174 4349 1350 4430 persuasi,
1376 4349 1409 4412 io
1435 4372 1480 4413 ne
1507 4355 1558 4418 do

271 4448 407 4528 011νί00,
432 4459 467 4510 et
491 4448 582 4527 dico,
607 4451 672 4510 che
696 4469 751 4511 me
777 4451 926 4512 dubbito
951 4453 1016 4514 che
1034 4453 1204 4535 quidquid
1222 4466 1332 4536 agant
1354 4457 1424 4538 alii,
1450 4479 1557 4541 ques-

270 4555 321 4617 tui
345 4565 380 4618 et
403 4576 469 4636 per
492 4576 556 4617 sua
586 4555 695 4618 bonta
729 4565 766 4617 et
797 4557 987 4637 prudentia
1016 4568 1051 4620 et
1081 4561 1285 4642 animosita,
1316 4573 1352 4625 et
1381 4584 1447 4646 per
1479 4588 1557 4634 una

270 4661 554 4724 constantissima
577 4664 698 4724 buona
720 4662 863 4725 fortuna
886 4663 966 4726 sara
991 4666 1133 4729 tandem
1154 4668 1177 4730 il
1205 4669 1365 4749 vincitur,
1389 4682 1425 4734 et
1449 4694 1556 4740 come

269 4768 327 4849 gia
352 4771 398 4831 ho
423 4768 544 4830 scritto
570 4769 656 4850 ogni
681 4771 715 4830 dl
740 4769 799 4849 piu
825 4770 854 4830 si
879 4771 1024 4834 verifica
1057 4794 1122 4854 per
1151 4776 1248 4838 multi
1278 4779 1452 4860 exempli,
1481 4782 1556 4844 che

269 4876 317 4938 lui
341 4896 411 4938 non
435 4875 540 4938 facile
564 4875 785 4938 obliviscitur
808 4877 1013 4941 iniuriarum
1039 4892 1074 4942 et
1099 4902 1168 4944 non
1191 4904 1229 4945 se
1247 4905 1331 4947 cura
1347 4885 1383 4947 di
1401 4888 1554 4970 volupta
