3425 5700
776 948 842 1012 234

364 1072 612 1153 verannius
640 1074 744 1155 noh.
773 1038 942 1154 annin
970 1073 1141 1155 crement
1168 1072 1247 1152 vu.

630 1221 729 1294 (Epiri.
746 1222 836 1281 Pdno.
854 1221 905 1280 m.
924 1220 994 1294 200.)

686 1341 741 1407 (κο.
761 1343 827 1407 Julii
850 1339 937 1410 1525.)

261 1464 451 1527 Enimvero
475 1473 575 1527 tanto
599 1466 750 1529 maiores
774 1469 902 1548 habeo,
927 1479 962 1531 et
986 1467 1091 1530 etiam
1115 1485 1272 1546 agnosco
1298 1484 1352 1526 me
1367 1463 1451 1525 olim

173 1572 306 1635 referre
330 1574 464 1635 debere
493 1573 627 1653 gratias
652 1575 868 1637 Beatitudini
893 1576 1062 1654 Vestrae,
1099 1572 1301 1655 quodlicet
1326 1571 1451 1632 eadem

173 1678 289 1741 multis
322 1678 591 1742 difficultatibus
626 1680 786 1745 involuta
820 1683 967 1762 existat,
1003 1682 1130 1763 quibus
1164 1699 1311 1742 necesse
1343 1679 1452 1741 habet

173 1787 375 1864 subvenire,
390 1807 559 1849 summam
577 1788 703 1868 viginti
720 1789 869 1852 Millium
885 1808 1082 1866 aureorum,
1108 1808 1213 1870 quam
1237 1767 1349 1868 nuper
1373 1805 1449 1868 pro-

173 1893 317 1956 miserat
346 1893 591 1956 subsidiariam
624 1896 708 1959 mihi
731 1897 799 1960 iam
825 1897 1063 1979 assignaverit
1091 1897 1125 1957 in
1151 1895 1251 1957 Urbe
1275 1893 1451 1975 Fuggaris

173 2000 275 2063 isthic
301 2001 532 2081 degentibus,
561 2022 763 2084 quanquam
787 2005 822 2065 id
848 2004 897 2067 sic
922 2004 1000 2067 fore
1031 2024 1099 2066 non
1126 2003 1342 2066 dubitabam.
1389 2001 1453 2064 Est

174 2108 267 2170 enim
291 2107 523 2189 Apostolicae
547 2107 652 2171 Sedis
683 2111 789 2190 (sicut
821 2111 973 2174 maxime
1007 2112 1052 2173 ad
1078 2111 1227 2172 eandem
1252 2117 1391 2190 spectat
1424 2106 1451 2170 si

173 2234 263 2295 quae
287 2212 370 2300 alia)
393 2213 483 2277 fides
502 2216 695 2297 praecipua
712 2229 747 2280 et
763 2227 900 2294 sancta;
926 2229 1043 2286 tamen
1060 2238 1115 2279 me
1140 2236 1208 2278 non
1235 2215 1320 2277 nihil
1345 2234 1451 2276 curae

176 2321 310 2403 coepit,
345 2325 440 2402 quod
464 2323 624 2405 Fuggari
650 2325 835 2404 Augustae
861 2345 938 2387 eam
972 2344 1140 2386 summam
1181 2323 1216 2383 in
1241 2323 1334 2383 hunc
1360 2321 1452 2384 diem

175 2449 284 2511 usque
308 2429 353 2490 ad
378 2449 502 2490 manus
518 2450 616 2493 meas
639 2432 794 2493 nondum
821 2434 1072 2514 deposuerunt,
1096 2451 1165 2512 qua
1189 2429 1217 2492 si
1242 2432 1288 2490 ab
1314 2429 1365 2490 ei's
1380 2439 1451 2490 tam

176 2536 358 2598 commode
390 2535 426 2598 in
458 2555 559 2598 usum
593 2558 707 2600 meum
732 2547 881 2620 erogata
913 2538 1056 2617 fuisset,
1092 2557 1196 2618 quam
1229 2557 1408 2620 propense
1432 2557 1454 2598 a

176 2641 400 2704 Beatitudine
436 2642 567 2705 Vestra
602 2645 816 2708 demandata
852 2645 919 2708 fuit
961 2645 1043 2708 mihi
1090 2645 1329 2727 persolvenda
1364 2663 1453 2723 esse,

176 2759 270 2813 certe
306 2770 377 2812 non
412 2770 536 2831 parum
574 2752 664 2814 haec
702 2753 913 2815 acceleratio
949 2753 1151 2835 profuisset.
1199 2751 1301 2814 Nunc
1336 2760 1452 2814 autem

175 2858 294 2921 nescio
319 2857 485 2921 demirari
509 2857 611 2939 satis,
645 2860 740 2939 quod
764 2860 939 2943 tantisper
969 2861 1096 2922 solutio
1120 2860 1182 2922 illa
1214 2861 1453 2942 protrahatur,

175 2986 279 3047 quum
296 2965 473 3048 Fuggaris
498 2968 543 3029 de
560 2968 757 3048 quantitate
777 2968 901 3029 harum
917 2969 1146 3050 pecuniarum
1163 2967 1295 3049 optime
1312 2976 1453 3029 cautum

174 3072 280 3136 luerit
322 3072 417 3135 illam
454 3094 516 3136 eos
539 3073 575 3135 in
600 3076 692 3135 alma
716 3077 803 3160 urbe
827 3086 1118 3157 recuperaturOS,
1154 3075 1220 3137 nisi
1244 3076 1336 3138 forte
1362 3095 1452 3156 quae

175 3179 347 3242 eiusmodi
371 3180 488 3242 cautio
513 3181 558 3242 ad
582 3201 638 3242 me
662 3181 869 3244 transmissa
892 3183 1040 3261 nonsit,
1065 3182 1100 3244 in
1125 3203 1194 3263 qua
1217 3202 1256 3245 re
1276 3182 1450 3245 desidera·

172 3308 247 3349 mus
271 3285 471 3350 Consiliarii
494 3286 605 3349 nostri
628 3289 723 3369 apud
748 3288 1009 3352 Beatitudinem
1031 3289 1073 3352 V.
1100 3290 1264 3369 degentis
1289 3288 1452 3370 Magistri

174 3394 271 3456 Petri
297 3395 341 3455 de
366 3394 579 3456 Salamanca
603 3394 821 3458 exactiorem
846 3396 1075 3477 diligentiam.
1123 3396 1297 3477 Quicquid
1335 3407 1451 3458 tamen

173 3521 302 3563 causae
326 3502 418 3562 hanc
442 3521 576 3563 moram
601 3502 729 3578 attulit,
753 3503 894 3564 tametsi
909 3524 973 3584 per
991 3524 1069 3566 eam
1083 3505 1382 3565 incommodatum
1408 3502 1451 3563 sit

173 3608 276 3671 nobis
291 3628 361 3670 non
377 3628 447 3669 uno
465 3607 605 3671 nomine
619 3616 654 3670 et
666 3620 840 3691 respectu.
857 3628 970 3691 cogor
985 3610 1080 3673 illam
1099 3610 1205 3672 immo
1224 3610 1339 3671 debeo
1359 3608 1450 3670 sicut

174 3716 344 3778 admonet
382 3712 562 3777 Sanctitas
586 3714 718 3777 Vestra
742 3716 945 3778 domesticis
978 3717 1053 3779 eius
1084 3717 1251 3779 oneribus
1280 3716 1453 3797 imputare

174 3831 210 3883 et
234 3820 522 3902 necessitatibus,
547 3822 697 3883 maxime
731 3824 825 3903 quod
863 3843 928 3904 per
961 3824 1039 3885 illas
1079 3824 1168 3885 sicut
1200 3824 1234 3885 in
1265 3822 1453 3904 posteriori

174 3928 295 4005 Brevi,
319 3948 390 4009 quo
415 3928 612 3992 declaravit
635 3929 885 4010 responsiones
909 3950 981 4007 eas,
1006 3950 1097 4011 quae
1121 3952 1142 3993 a
1165 3950 1221 3994 me
1245 3931 1451 3991 tumultuan-

174 4034 269 4098 tibus
295 4035 535 4116 Popularibus
559 4035 647 4097 meis
671 4036 727 4099 hic
752 4036 835 4098 data
860 4047 950 4114 sunt,
975 4037 1102 4119 dignas
1126 4036 1192 4099 sibi
1216 4036 1325 4099 fuisse
1351 4036 1453 4100 visas.

176 4140 356 4205 Sanctitas
381 4142 512 4204 Vestra
535 4142 661 4223 recipit
684 4141 791 4205 fidem
808 4164 904 4206 suam
922 4164 991 4206 non
1010 4164 1086 4207 esse
1103 4156 1325 4223 moraturam,
1350 4164 1454 4225 quarn

175 4250 282 4327 omni,
308 4268 379 4329 quo
403 4250 519 4311 debeo
544 4259 579 4311 et
602 4270 745 4330 possum
769 4248 869 4312 filiali
894 4251 1008 4313 studio
1027 4262 1063 4312 et
1077 4250 1304 4313 observantia
1328 4250 1453 4312 iterum

174 4366 282 4437 atque
307 4355 434 4417 iterum
458 4376 559 4436 rog0,
584 4368 622 4418 ut
645 4356 844 4438 praefatam
868 4378 1050 4437 summam,
1075 4357 1104 4420 si
1128 4356 1204 4420 fieri
1228 4358 1357 4439 possit,
1382 4356 1451 4417 uni·

175 4482 316 4525 versam
341 4482 407 4544 per
430 4462 618 4544 Fuggaros
642 4462 827 4545 Augustae
853 4464 1103 4546 assignandam
1135 4465 1220 4527 mihi
1251 4466 1367 4527 denuo
1397 4465 1453 4526 de·

174 4572 330 4632 mandet.
370 4569 414 4630 Et
430 4569 459 4631 si
476 4590 567 4650 quae
582 4570 698 4651 portio
712 4579 831 4651 restat,
857 4571 1005 4633 celerius
1021 4570 1090 4633 iam
1108 4571 1324 4653 assignatam
1349 4570 1455 4632 etiam

175 4676 344 4739 universa
367 4685 544 4756 sequatur,
570 4684 607 4738 ut
622 4675 746 4737 maiori
761 4696 839 4737 curn
855 4676 971 4739 fructu
989 4679 1054 4740 hoc
1073 4676 1277 4740 benefitium
1297 4676 1452 4739 Beatitu-

176 4783 267 4846 dinis
306 4782 458 4845 Vestrae
488 4782 669 4863 accipiam.
727 4781 900 4863 Equidem
934 4804 1005 4846 non
1043 4783 1165 4846 dubito
1202 4783 1284 4865 quin
1321 4780 1455 4845 Sancta

176 4888 292 4954 Sedes
316 4889 400 4968 ista,
436 4888 465 4951 si
490 4909 609 4951 coram
632 4888 683 4951 illi
712 4889 835 4952 liceret
857 4890 1080 4972 perspicere,
1112 4912 1202 4974 quae
1233 4890 1454 4953 incommoda
