3425 5700
786 536 1034 597 ο-Μῡθῢ-«ν

270 680 513 766 Altenburgo,
548 689 583 747 et
615 680 727 765 Born,
760 685 916 750 dominio
948 686 1121 751 Friderici
1151 685 1321 770 Saxonis,
1352 698 1472 753 tamen
1504 704 1549 753 eo

269 790 351 854 vivo
375 812 459 855 mox
482 791 625 854 fuerunt
648 787 803 873 repressi

356 898 615 961 Intellexerunt
638 897 743 961 iidem
768 899 954 983 Principes
970 922 1016 987 eir
1034 902 1218 985 Mintzero,
1242 912 1278 967 et
1293 904 1373 966 aliis
1388 902 1550 984 captivis,

271 1004 496 1085 Capitaneos,
522 1015 558 1067 et
581 1004 777 1069 directores
801 1006 905 1069 huius
929 1010 1070 1090 negocii
1101 1031 1181 1074 esse
1212 1010 1248 1073 in
1280 1010 1414 1092 oppido
1437 1010 1550 1092 Impe-

268 1112 354 1173 riale
387 1112 617 1193 Molhausen,
649 1112 775 1194 quibus
812 1114 994 1177 decretum
1033 1116 1167 1197 fuerat,
1199 1137 1322 1180 omnes
1353 1116 1492 1179 nobiles
1514 1127 1552 1177 et

269 1219 450 1300 principes
475 1218 656 1292 occidere;
683 1219 807 1302 Itaque
832 1219 947 1283 XXII
971 1222 1056 1284 Maii
1088 1224 1202 1287 tribus
1233 1244 1280 1286 ex
1302 1224 1465 1306 partibus
1489 1242 1549 1304 op-

268 1326 389 1408 pidum
414 1326 588 1389 obsident.
636 1326 734 1389 Deus
759 1347 821 1390 eos
844 1326 1012 1393 fortunat.

356 1442 491 1505 Eodem
514 1440 612 1503 Maio
636 1440 778 1504 Rustici
801 1441 837 1503 in
861 1436 1045 1504 Burhonia
1068 1436 1279 1501 seditionem
1314 1446 1475 1516 movent,
1511 1445 1550 1498 et

267 1552 363 1612 bona
392 1548 600 1611 Monasterii
624 1548 812 1611 Fuldensis
834 1548 1027 1611 invadunt:
1065 1545 1211 1608 advolat
1235 1543 1423 1626 Philippus
1445 1542 1550 1604 Lant-

268 1656 412 1739 gravius
429 1654 590 1734 Hassiae,
615 1664 650 1717 et
674 1654 858 1718 seditionis
883 1657 1050 1717 authores
1074 1651 1192 1732 capite
1215 1652 1358 1732 plectit;
1383 1649 1423 1713 fit
1438 1649 1552 1713 maior

267 1783 458 1827 concursus
494 1761 724 1842 rusticorum,
761 1772 795 1824 et
830 1760 1087 1844 Lantgravium
1124 1757 1307 1831 obsident;
1343 1759 1439 1840 quod
1473 1756 1551 1819 eius

267 1870 491 1935 Maschalcus
516 1869 675 1949 audiens,
700 1870 851 1932 collecta
876 1867 1048 1932 nobilium
1071 1885 1176 1929 manu
1200 1864 1351 1928 rusticos
1373 1863 1479 1941 fudit,
1514 1872 1551 1925 et

268 1978 455 2065 Dominpm
491 1977 637 2049 liberat;
674 1976 867 2039 desiderati
899 1987 981 2039 sunt
1010 1975 1045 2037 in
1081 1994 1124 2035 ea
1153 1973 1239 2035 sede
1268 1971 1404 2053 aliquot
1427 1970 1549 2033 rustici

267 2105 374 2167 supra
398 2085 468 2146 duo
492 2082 609 2148 millia.
636 2120 680 2129 -
710 2083 861 2165 Aliquos
893 2082 981 2145 alios
1011 2081 1223 2145 seditionem
1253 2080 1439 2143 molientes
1470 2080 1548 2139 abs-

266 2212 334 2273 que
359 2190 510 2271 negocio
535 2189 698 2253 confecit.
1310 2246 1315 2254 .

356 2298 435 2362 Non
460 2298 629 2380 quievere
661 2316 726 2379 per
761 2298 894 2361 Maium
925 2295 1067 2360 Rustici
1091 2306 1153 2377 qut
1182 2306 1265 2359 sunt
1287 2294 1381 2357 inter
1402 2292 1549 2355 Memin-

266 2427 358 2489 gen,
384 2416 418 2468 et
444 2406 662 2485 Augustam,
694 2406 876 2487 praelatos
908 2414 944 2467 et
972 2403 1111 2467 nobiles
1141 2402 1363 2479 invadendo,
1397 2421 1477 2462 narn
1512 2410 1550 2463 et

266 2532 384 2574 arcem
409 2511 563 2573 nobilem
588 2508 728 2574 Stetten
752 2510 922 2594 Episcopi
946 2509 1148 2592 Augustani
1180 2518 1409 2588 exusserunt,
1439 2506 1550 2593 (dam-

266 2640 347 2682 num
385 2617 568 2681 estimatur
598 2619 643 2680 ad
673 2638 759 2697 qooo
793 2614 883 2699 flor.)
917 2617 1087 2681 Similiter
1116 2636 1217 2679 arces
1252 2616 1328 2679 eius
1358 2614 1548 2678 Schonech

268 2737 303 2789 et
328 2725 614 2788 Pfassenhausen
640 2735 870 2804 exusserunt,
896 2723 1086 2787 Chunrado
1115 2723 1160 2785 de
1184 2722 1362 2786 Nietheim
1386 2721 1548 2786 Castrum

266 2832 497 2914 Angelherch
521 2832 594 2914 (ubi
617 2830 884 2896 Maximilianus
909 2832 1105 2913 Imperator
1128 2850 1238 2913 saepe
1261 2831 1401 2894 solebat
1433 2829 1547 2892 diver·

264 2937 355 3026 tere)
380 2959 459 3002 cum
484 2958 554 3001 uno
579 2939 649 3002 alio
684 2949 801 3001 castro
826 2959 910 3018 suo,
946 2949 982 3000 et
1012 2937 1128 3020 ipsum
1159 2946 1318 3019 captum,
1349 2946 1386 3000 et
1419 2937 1549 2999 misere

264 3056 452 3108 tractatum
476 3045 600 3108 solutis
625 3065 711 3123 4ooo
734 3043 880 3108 florenis
903 3044 1002 3108 abire
1025 3044 1271 3126 permiserunt.

358 3153 599 3215 Incenderunt
630 3151 736 3214 etiam
770 3163 925 3214 castrum
948 3151 1233 3214 Minsterhausen
1257 3151 1401 3215 Domini
1432 3151 1548 3214 Chun-

264 3259 342 3323 radi
367 3260 422 3322 De
446 3259 548 3340 Rott,
574 3268 610 3322 et
624 3259 882 3322 Monasterium
897 3258 1117 3340 Wispergen
1140 3258 1306 3322 incendio
1322 3261 1548 3339 absumptum

265 3378 329 3430 est.
380 3365 610 3446 Invaserunt,
646 3376 682 3430 et
717 3366 916 3447 spoliarunt
948 3345 1102 3428 castrum
1139 3364 1355 3448 Siversperg
1388 3363 1547 3447 Philippi

265 3473 478 3554 Philingers,
491 3493 608 3535 arcem
626 3473 823 3557 Ronsperg
840 3474 945 3536 Adae
960 3473 1006 3536 de
1022 3471 1134 3552 Stein,
1160 3494 1276 3536 arcem
1293 3473 1405 3552 Stein,
1428 3492 1548 3536 arcem

298 3629 337 3645 ..
387 3590 422 3642 et
465 3579 730 3656 famatissimam
776 3601 894 3644 arcem
940 3579 1162 3643 Leibenthan
1208 3578 1363 3643 Abbatis
1409 3577 1546 3660 Campi·

264 3685 431 3749 donensis
456 3686 664 3769 spoliarunt,
690 3697 725 3750 et
749 3687 878 3750 deinde
901 3687 986 3769 igne
1009 3689 1296 3768 absumpserunt:
1320 3685 1549 3764 monasteria,

265 3792 499 3873 Sacerdotes,
533 3793 698 3875 Nobiles,
731 3806 766 3857 et
796 3794 942 3857 ditiores
966 3793 1088 3857 rustici
1112 3794 1221 3856 multa
1246 3795 1484 3875 deposuerant
1506 3793 1545 3855 in

265 3921 307 3963 ea
331 3921 424 3978 arce,
449 3921 542 3983 quae
566 3901 685 3964 omnia
707 3911 881 3964 venerunt
904 3901 939 3962 in
964 3921 1088 3964 manus
1112 3901 1340 3980 rusticorum,
1372 3899 1546 3962 extimata

263 4017 317 4070 est
340 4009 465 4089 rapina
489 4009 534 4070 ad
564 4028 672 4086 40000
703 4005 778 4070 flor.
808 4006 1006 4089 Diepoldus
1038 4009 1083 4071 de
1115 4007 1217 4071 Stein
1249 4002 1308 4089 qui
1335 4008 1370 4070 in
1400 4005 1546 4070 confini-

262 4117 329 4176 bus
352 4117 510 4178 habebat
534 4125 713 4178 trecentos
738 4115 894 4196 equites,
919 4127 955 4179 et
980 4115 1195 4197 quingentos
1218 4115 1358 4197 pedites
1382 4114 1547 4177 defendit
1581 4143 1592 4154 ·

262 4220 498 4286 Wissenhorn
523 4226 570 4286 ab
594 4222 790 4304 irruptione
813 4221 1041 4300 rusticorum,
1074 4232 1110 4284 et
1140 4222 1343 4285 successivo
1373 4221 1547 4303 plurimos

261 4328 412 4393 rusticos
447 4328 602 4392 confecit
637 4330 682 4392 ad
723 4350 733 4390 ι
741 4349 825 4410 500,
861 4328 964 4391 villas
1005 4329 1140 4410 aliquas
1177 4328 1334 4391 incendit
1369 4330 1405 4391 in
1437 4327 1546 4392 Valle

263 4436 357 4515 Rot,
396 4436 554 4500 similiter
593 4436 785 4498 Castellum
825 4433 1102 4498 Semetzhausen
1140 4445 1176 4497 et
1211 4455 1374 4518 magnam
1411 4434 1545 4498 Villam

264 4543 509 4623 Baltshausen,
535 4562 613 4605 cum
637 4542 799 4623 pluribus
822 4541 910 4605 aliis.

351 4649 486 4712 Eodem
510 4649 607 4712 Maio
632 4651 849 4713 rebellarunt
872 4649 1013 4712 Rustici
1038 4649 1132 4713 circa
1156 4650 1337 4729 Athesim,
1371 4659 1406 4713 et
1435 4650 1546 4714 Isack

262 4756 297 4818 in
322 4755 497 4820 Comitatu
521 4755 663 4837 Tyrolis
686 4756 892 4819 invaserunt
908 4756 1103 4836 Brixinam,
1128 4766 1163 4819 et
1179 4756 1320 4820 Clerum
1333 4758 1547 4840 spoliarunt,

263 4875 299 4930 et
331 4865 465 4948 aliquot
495 4863 714 4930 Monasteria
746 4861 979 4945 Nevenstifft,
1013 4862 1242 4948 Sthlanders,
1286 4862 1322 4928 S.
1355 4865 1549 4934 Michaelis
