3425 5700
817 571 1064 626 &1428‘4

303 717 364 778 che
382 716 556 778 stantibus
571 719 687 796 rebus,
705 727 742 778 ut
756 718 925 798 scriptum
942 728 1006 798 est,
1024 719 1258 781 l'adversario
1275 718 1428 780 havesse
1441 715 1577 797 miglior

301 845 426 904 causa,
462 833 579 886 tamen
614 824 670 887 chi
703 828 763 908 pol
796 836 948 889 mostrar
978 826 1126 907 ragione
1150 849 1172 889 a
1205 835 1393 908 questore,
1430 826 1453 886 li
1487 825 1578 905 quali

301 931 329 992 si
354 951 392 992 se
426 935 685 1012 gobernassero
718 954 783 1014 per
807 933 955 1014 ragione
980 954 1051 996 non
1084 934 1282 996 farebbeno
1314 935 1349 994 lo
1374 936 1440 995 che
1472 931 1577 993 fanno

301 1037 335 1099 in
372 1059 480 1100 causa
510 1039 678 1102 Martini?
733 1039 809 1116 Ma,
851 1051 949 1103 certo
990 1062 1055 1123 per
1090 1050 1216 1122 questa
1252 1039 1512 1122 gratificatione
1546 1048 1579 1100 et

301 1147 396 1208 dono
428 1147 462 1207 di
494 1147 625 1209 Nostro
657 1145 827 1229 Signore,
866 1169 954 1211 sono
993 1147 1115 1211 evitati
1146 1147 1274 1228 grandi
1306 1147 1481 1225 scandali,
1517 1148 1578 1207 che

302 1274 410 1316 erano
435 1275 499 1335 per
515 1254 650 1335 venire,
676 1276 744 1318 non
767 1259 880 1317 solum
905 1257 1080 1318 allacosa
1098 1255 1299 1318 universale
1324 1256 1389 1317 che
1404 1262 1578 1330 trattamo,

302 1362 395 1423 nella
421 1363 502 1442 qual
527 1361 744 1424 Armestorff
774 1383 839 1444 per
863 1362 958 1425 mille
983 1362 1062 1444 capi
1088 1363 1118 1424 ci
1142 1373 1227 1444 pote
1252 1360 1408 1439 adiutar,
1445 1381 1502 1422 ma
1525 1379 1579 1420 an·

302 1487 387 1530 cora
410 1468 722 1548 particularmente
748 1478 872 1532 contra
895 1470 1009 1550 Abel,
1033 1471 1100 1532 che
1125 1468 1343 1532 Armestorff
1362 1469 1480 1530 havea
1503 1486 1578 1528 con-

303 1576 399 1637 cluso
425 1597 491 1638 con
509 1576 643 1637 Hutten
668 1579 806 1658 grande
828 1597 895 1639 suo
919 1576 1032 1638 amico
1058 1579 1100 1638 et'
1117 1585 1266 1658 parente
1290 1575 1326 1636 di
1350 1574 1482 1657 pigliar
1498 1572 1579 1654 ogni

302 1703 395 1743 anno
419 1682 443 1744 li
467 1682 565 1744 frutti
591 1684 635 1745 de
660 1683 741 1745 tutti
766 1683 790 1746 li
814 1682 979 1746 beneficii
1004 1685 1048 1746 de
1071 1684 1167 1746 Abel
1201 1692 1236 1745 et
1259 1682 1420 1744 brusciar
1443 1683 1477 1743 le
1502 1701 1579 1742 case

304 1798 339 1850 et
369 1789 524 1871 pigliarli
549 1790 723 1871 censuali,
761 1800 796 1853 et
821 1792 915 1853 mille
949 1792 1038 1853 altre
1063 1790 1252 1870 enormita,
1288 1791 1321 1852 le
1355 1789 1450 1871 quali
1475 1809 1581 1850 ancor

304 1898 370 1958 che
403 1918 473 1959 non
508 1901 615 1960 credo
649 1899 684 1960 in
708 1907 817 1979 tutto,
853 1918 921 1981 pur
955 1899 989 1960 di
1014 1920 1079 1961 sua
1110 1902 1223 1960 bocca
1255 1919 1311 1960 me
1335 1899 1370 1959 lo
1403 1898 1450 1958 ha
1474 1897 1580 1971 detto,

304 2005 551 2085 subiungendo
576 2006 641 2067 che
667 2008 699 2068 al
725 2016 892 2088 presente
917 2015 1043 2087 questo
1069 2007 1086 2068 ὲ
1112 2005 1217 2068 facile
1242 2027 1263 2067 a
1286 2004 1360 2079 lar,
1394 2003 1525 2086 perche
1548 2002 1581 2062 la

305 2111 496 2174 Germania
520 2116 608 2175 hora
631 2113 700 2175 mai
725 2135 795 2175 non
817 2123 909 2176 terne
930 2114 990 2194 pin
1010 2111 1361 2175 excommunicationi
1384 2133 1404 2172 o
1421 2129 1580 2172 censure:

303 2220 349 2282 Di
383 2241 462 2282 esso
489 2220 705 2283 Armestorff
734 2242 803 2284 non
838 2222 883 2283 mi
908 2241 1016 2301 posso
1049 2217 1245 2303 persuader
1278 2229 1379 2281 tanto
1404 2220 1495 2280 male
1519 2237 1582 2298 per

304 2349 422 2390 essere
448 2327 495 2389 lui
519 2329 625 2390 homo
650 2329 897 2410 ragionevole,
922 2349 1031 2391 ancor
1054 2331 1119 2390 che
1144 2327 1292 2390 cervicis
1316 2328 1442 2407 durae,
1467 2324 1581 2386 madi

304 2435 422 2516 quello
448 2434 556 2514 impio
581 2434 719 2496 ribaldo
744 2435 778 2496 di
795 2435 928 2498 Hutten
954 2456 999 2497 ne
1024 2436 1130 2496 credo
1155 2437 1263 2497 molto
1279 2433 1425 2515 peggio,
1450 2435 1483 2495 el
1501 2435 1582 2514 qual

303 2544 350 2604 lia
383 2541 505 2603 scritto
540 2543 573 2602 al
598 2541 915 2604 Reverendissimo
940 2541 1128 2604 Cardinale
1153 2540 1365 2622 Mogontino
1399 2542 1465 2603 che
1497 2560 1535 2602 se
1561 2539 1583 2600 li

304 2647 533 2710 abbrusciara
557 2649 633 2710 suoi
659 2649 748 2724 libri,
774 2649 823 2710 lui
847 2649 1000 2710 vicissim
1025 2648 1049 2709 li
1074 2646 1305 2710 abbrusciara
1329 2647 1353 2708 li
1375 2645 1523 2726 castelli,
1547 2657 1584 2706 et

305 2755 406 2828 ville;
433 2758 495 2818 sed
521 2757 565 2817 de
589 2757 655 2818 hac
679 2777 717 2818 re
742 2759 822 2838 plus
846 2757 942 2820 satis,

394 2863 527 2926 Vostra
551 2862 717 2945 Signoria
741 2864 1060 2928 Reverendissima
1093 2865 1138 2927 mi
1171 2864 1381 2927 commanda
1414 2864 1480 2923 che
1512 2881 1580 2923 non

305 2970 406 3051 piglii
441 2974 512 3032 cosl
538 2971 623 3053 ogni
655 2982 757 3054 gutta
791 2974 826 3034 in
851 2975 1000 3035 mandar
1034 2982 1159 3053 queste
1192 2971 1353 3053 querele;
1389 2968 1581 3050 regratiola

304 3078 397 3141 assai
423 3078 481 3140 del
505 3098 569 3139 suo
593 3079 843 3142 humanissimo
875 3089 1054 3161 precett0,
1091 3100 1147 3141 ma
1171 3078 1261 3159 sapii
1286 3078 1404 3158 quella
1429 3078 1494 3138 che
1519 3096 1582 3157 per

304 3186 339 3246 la
362 3183 590 3265 importantia
614 3186 708 3247 della
732 3206 838 3249 causa
863 3196 985 3248 nostra
1010 3206 1074 3248 sou
1098 3194 1295 3247 constretto
1320 3205 1340 3245 a
1356 3184 1459 3263 farlo,
1484 3204 1581 3245 come

305 3293 338 3353 el
361 3290 493 3371 Signor
510 3290 708 3371 CarazzolO,
733 3302 768 3355 et
792 3314 926 3356 messer
950 3294 1139 3374 Raphaele
1164 3294 1198 3355 lo
1223 3311 1379 3373 possono
1403 3290 1581 3370 testificer,

305 3420 382 3461 cum
417 3399 449 3460 el
474 3398 622 3461 consilio
647 3399 701 3459 de'
727 3399 821 3481 quali
846 3420 911 3481 per
936 3399 1111 3463 necessita
1139 3400 1233 3461 della
1257 3420 1341 3461 cosa
1364 3400 1448 3461 holo
1473 3397 1580 3464 fatto:

305 3509 370 3568 che
402 3526 441 3568 se
466 3505 597 3568 Vestra
622 3506 788 3587 Signoria
812 3508 1129 3570 Reverendissima
1152 3509 1303 3569 vedesse
1333 3508 1367 3568 la
1391 3504 1581 3567 centesima

305 3624 406 3695 parte
441 3616 535 3676 della
569 3614 806 3677 concitatione
839 3615 875 3676 di
899 3614 1091 3678 Germania
1124 3614 1227 3677 aliter
1260 3613 1416 3676 sentiret.
1465 3611 1503 3673 Io
1537 3612 1580 3671 ho

305 3724 391 3783 letto
424 3722 516 3784 assai
549 3725 640 3785 bene
674 3724 707 3784 le
724 3722 878 3784 ‘historie
911 3724 946 3784 di
971 3734 1099 3804 questa
1120 3722 1273 3785 >latione
1307 3732 1343 3783 et
1374 3718 1515 3781 heresie
1548 3726 1580 3779 et

306 3828 459 3907 concilii,
485 3840 519 3890 et
544 3829 740 3903 schismati;
766 3830 836 3891 mai
858 3830 897 3891 fu
921 3830 1011 3892 simil
1036 3851 1129 3893 cosa.
1177 3829 1217 3890 El
1244 3827 1404 3890 Schisma
1429 3826 1464 3887 di
1490 3828 1578 3888 Hen-

306 3936 378 3997 rico
404 3946 526 3998 contra
542 3937 642 4018 Papa
659 3938 836 4019 Gregorio
853 3935 1013 4019 Septimo
1038 3940 1103 3999 che
1128 3934 1336 3999 commincid
1361 3934 1421 4015 qui
1444 3932 1479 3996 in
1496 3934 1578 3994 Vor-

306 4042 412 4106 matia
438 4054 549 4106 matre
575 4046 667 4107 delle
692 4044 868 4107 discordie
893 4045 1078 4125 presertim
1104 4054 1227 4107 contra
1251 4044 1403 4120 clerum,
1428 4040 1464 4102 fu
1489 4041 1580 4102 viole

306 4162 341 4214 et
364 4171 464 4225 rose;
490 4151 620 4234 perche
646 4152 746 4232 quasi
772 4160 863 4213 tutta
885 4153 920 4213 la
935 4150 1126 4213 Germania
1151 4159 1186 4212 et
1210 4151 1234 4211 il
1257 4148 1329 4211 filio
1355 4148 1390 4210 di
1415 4168 1495 4209 esso
1520 4147 1579 4207 lm-

306 4270 472 4340 peratore
498 4279 606 4320 erano
640 4259 753 4339 peril
778 4258 958 4321 Pontifice.
1008 4259 1053 4319 Al
1078 4266 1246 4339 presente
1270 4275 1341 4319 non
1365 4255 1437 4316 scio
1464 4254 1519 4315 chi
1542 4251 1579 4313 sii

307 4386 372 4447 per
396 4366 466 4443 noi,
492 4386 530 4427 se
554 4385 623 4426 non
641 4366 759 4443 Cesar,
783 4364 807 4426 il
832 4367 913 4445 qual
940 4366 1080 4445 perche,
1105 4386 1143 4425 se
1168 4384 1188 4424 o
1211 4384 1276 4443 per
1299 4373 1393 4424 terna
1417 4361 1453 4422 di
1469 4358 1579 4442 questi

306 4472 441 4553 populi,
466 4492 486 4533 o
511 4491 576 4552 per
600 4471 747 4533 consilio
770 4472 864 4533 malo
889 4470 926 4531 di
950 4471 1025 4532 suoi
1050 4491 1119 4532 non
1145 4471 1162 4532 ὁ
1188 4470 1346 4548 sedotto,
1371 4467 1452 4530 saris
1477 4485 1578 4529 ancer

307 4583 378 4643 ben
402 4578 495 4641 assai
519 4580 584 4641 che
608 4579 649 4639 sii
674 4599 739 4640 con
765 4577 834 4640 noi.
883 4579 951 4639 Del
975 4588 1069 4638 resto
1093 4586 1184 4639 tutto
1211 4577 1232 4637 ’l
1257 4576 1388 4638 mundo
1417 4577 1435 4638 ὲ
1461 4584 1577 4637 contra

309 4686 376 4764 noi,
403 4695 438 4747 et
462 4706 548 4748 sono
574 4684 687 4765 questi
713 4685 791 4747 cani
815 4684 931 4747 rabidi
956 4683 1079 4746 armati
1105 4683 1139 4745 di
1164 4686 1268 4745 lettre
1294 4694 1329 4745 et
1353 4684 1389 4743 di
1413 4703 1519 4762 arme,
1547 4689 1577 4740 et

307 4797 376 4855 ben
403 4792 430 4853 si
455 4813 566 4853 sanno
591 4793 740 4873 gloriar,
765 4794 829 4854 che
855 4813 925 4854 non
951 4812 1038 4853 sono
1063 4790 1123 4871 piu
1147 4791 1261 4853 bestie
1287 4811 1392 4852 senza
1415 4790 1576 4871 ingegnO,

308 4921 406 4963 come
445 4900 468 4961 li
502 4901 578 4961 loro
611 4900 803 4981 maggiori,
845 4902 911 4962 che
945 4898 1082 4961 l’ltalia
1113 4899 1160 4959 ha
1193 4918 1298 4978 perso
1332 4899 1364 4959 le
1396 4900 1514 4976 lettre,
1546 4903 1577 4954 et
