3425 5700
636 552 881 608 40341&

133 700 200 763 rola
221 700 264 761 de
288 698 369 779 Dio,
393 707 429 762 et
452 699 553 761 voler
576 698 738 780 prohibir
761 702 795 761 le
818 699 1043 781 impressioni
1067 700 1112 763 de
1136 700 1216 763 libri
1240 702 1396 784 dannati,

133 816 164 867 et
184 804 315 887 famosi,
339 806 459 869 hanno
483 814 679 868 monstrato
704 826 783 868 curn
807 806 831 867 li
856 805 979 885 effetti,
1003 807 1068 869 che
1091 808 1209 870 hanno
1233 811 1326 871 altra
1347 809 1396 872 in·

133 911 293 994 tentione,
328 912 459 995 perche
483 913 602 975 hanno
627 913 758 975 lassato
784 913 892 994 dopoi
915 912 1096 995 imprimet
1119 914 1222 978 simili
1252 925 1288 979 et
1312 936 1396 998 peg-

132 1018 212 1101 ffl'ori
234 1017 324 1099 libri,
348 1019 438 1082 fatto
461 1020 628 1102 predicar
651 1019 675 1081 li
699 1019 886 1098 lutherani,
911 1029 947 1083 et
969 1020 1150 1102 prohibito
1174 1023 1199 1084 li
1223 1024 1318 1087 boni.

209 1124 427 1189 Similmente
457 1146 523 1208 per
551 1127 617 1190 dar
639 1126 797 1189 remedio
821 1147 842 1189 a
870 1128 904 1189 le
928 1129 1134 1210 sopradette
1158 1149 1241 1192 cose
1264 1130 1396 1195 Nostro

133 1231 272 1316 Signore
296 1234 399 1316 Papa
423 1232 604 1296 Clemente
629 1232 707 1298 VII.
733 1235 780 1296 ha
802 1234 989 1313 mandato,
1020 1254 1041 1297 a
1064 1235 1100 1297 la
1122 1235 1246 1299 ultima
1268 1238 1397 1302 Diaeta

133 1341 170 1402 de
183 1339 426 1424 Noremberga
450 1342 483 1403 el
498 1340 815 1404 Reverendissimo
832 1340 1021 1404 Cardinale
1037 1339 1231 1425 Campegio
1248 1344 1396 1429 Legat0,

132 1448 225 1509 homo
249 1448 293 1511 de
309 1446 452 1529 integra
467 1447 551 1529 vita,
576 1455 613 1511 et
629 1449 827 1511 excellente
843 1447 1015 1528 doctrina,
1039 1449 1138 1513 accio
1153 1455 1396 1517 concorrendo

132 1554 264 1617 insieme
288 1564 363 1618 tute
388 1564 512 1636 queste
537 1554 741 1635 conditioni,
765 1554 787 1618 l'
801 1554 964 1634 autoritiu
988 1556 1023 1618 la
1045 1556 1167 1639 bonta,
1191 1559 1226 1621 la
1249 1559 1397 1624 scientia

132 1660 161 1722 di
182 1663 228 1724 tal
252 1662 376 1741 horne,
412 1662 520 1743 quelli
544 1660 670 1745 populi
701 1660 759 1743 pit
785 1660 988 1725 facilmente
1021 1683 1060 1725 se
1083 1673 1269 1745 potessero
1292 1666 1397 1731 indur

130 1769 199 1830 ala
221 1770 316 1831 bona
338 1766 415 1840 via;
445 1767 489 1831 ne
513 1768 559 1829 ha
582 1767 729 1849 giovato
753 1769 881 1831 alcuna
904 1788 1005 1847 cosa,
1030 1772 1160 1852 perche
1184 1781 1284 1837 tanto
1307 1796 1396 1839 sono

130 1876 284 1939 venenati
308 1874 334 1939 li
357 1874 465 1938 animi
488 1875 565 1937 loro
589 1894 661 1937 non
678 1877 874 1938 solamente
898 1884 1023 1938 contra
1042 1877 1088 1939 de
1104 1889 1230 1959 questa
1245 1880 1396 1965 Chiesia,

130 2002 178 2043 rna
199 1983 304 2045 etiam
327 1990 453 2044 contra
477 1980 562 2064 ogni
586 1980 813 2063 superiorita,
849 1983 915 2045 che
939 1984 971 2045 el
995 1984 1094 2046 detto
1118 1984 1257 2068 Legato
1281 2009 1352 2053 non
1377 1991 1395 2054 ὲ

131 2098 211 2151 stato
233 2092 304 2153 ben
328 2088 422 2152 visto
446 2088 481 2151 in
506 2090 610 2152 alcun
633 2090 725 2169 locO,
749 2098 785 2151 et
808 2087 844 2152 in
861 2090 1027 2171 Augusta
1049 2093 1212 2157 haveano
1232 2097 1395 2161 ordinato

131 2204 177 2259 tra
205 2198 321 2278 quello
345 2198 480 2278 populo
514 2195 559 2259 de
582 2195 677 2259 uscir
700 2196 863 2259 incontra
888 2195 1000 2260 Cento
1024 2197 1170 2278 gioveni
1202 2204 1320 2267 vestiti
1349 2207 1396 2269 da

131 2302 260 2383 diavoli,
283 2301 528 2367 strassinando
552 2321 622 2365 uno
646 2304 753 2366 homo
776 2305 898 2385 legato
922 2303 958 2366 in
982 2304 1104 2368 habito
1129 2307 1174 2370 de
1188 2307 1395 2388 Cardinale;

132 2428 189 2489 pur
217 2430 281 2491 per
313 2408 573 2472 advertimento
598 2410 644 2471 de
668 2411 818 2490 qualche
843 2430 997 2491 persona
1030 2412 1075 2475 de
1099 2410 1276 2498 Consili0,
1308 2418 1396 2483 forsi

133 2516 182 2597 pil
210 2536 272 2600 per
303 2518 338 2579 la
362 2514 534 2579 enormita
566 2515 611 2578 de
640 2517 674 2579 la
698 2536 784 2578 cosa
817 2518 884 2579 che
915 2538 981 2599 per
1003 2519 1071 2581 ben
1097 2520 1214 2601 voler,
1251 2523 1284 2586 el
1314 2544 1394 2589 con·

133 2624 207 2687 selio
229 2626 274 2687 de
296 2627 332 2687 la
356 2632 452 2713 terra
475 2622 554 2685 fece
578 2624 644 2685 che
669 2642 739 2685 non
764 2622 924 2703 seguisse
948 2625 997 2686 tal
1022 2627 1231 2693 desordene.

209 2732 282 2813 Poi,
306 2752 328 2793 a
352 2732 387 2793 la
406 2729 537 2792 intrata
553 2731 600 2792 de
614 2728 864 2813 Norimberga‚
887 2729 925 2793 fu
940 2751 1011 2795 non
1027 2752 1133 2797 senza
1148 2755 1264 2816 causa,
1288 2758 1395 2822 preso

133 2840 272 2904 conselio
297 2840 365 2904 che
388 2858 458 2902 non
483 2837 635 2902 intrasse
660 2858 759 2902 come
784 2838 931 2903 soleano
956 2839 981 2903 li
1004 2840 1113 2922 legati
1129 2863 1207 2905 cum
1223 2846 1257 2908 le
1275 2846 1394 2912 debite

133 2947 340 3011 solemnitati.
387 2946 416 3008 Il
450 2947 515 3009 che
549 2944 618 3008 mai
651 2945 760 3028 dopoi
794 2945 908 3009 cheli
939 2947 1049 3027 legati
1082 2968 1121 3012 se
1145 2952 1339 3035 mandan0,
1375 2956 1394 3018 ὲ

133 3064 355 3118 accostumato
379 3053 445 3116 far.
493 3052 534 3115 Li
559 3052 654 3133 quali
679 3062 714 3116 et
736 3053 878 3133 Caesar,
904 3063 938 3116 et
962 3053 986 3117 li
1010 3055 1069 3116 Re
1093 3058 1216 3120 soleno
1239 3059 1395 3125 honorat

133 3165 220 3226 nale
241 3161 370 3226 intrate
395 3161 440 3223 de
464 3161 498 3223 le
522 3159 641 3224 citadi.

206 3271 368 3349 Ancora,
403 3267 424 3330 ὲ
455 3268 501 3330 da
525 3265 683 3330 advertit
715 3268 780 3329 che
815 3268 847 3329 el
873 3267 974 3330 Duca
1004 3268 1049 3331 de
1074 3267 1234 3332 Saxonia
1256 3269 1394 3334 Elettor

133 3376 231 3439 subito
259 3377 377 3438 inteso
408 3375 441 3438 el
465 3372 781 3437 Reverendissimo
806 3373 944 3454 Legato
976 3395 1074 3438 esser
1102 3375 1137 3438 in
1163 3376 1318 3457 camin0,
1354 3398 1393 3442 se

133 3487 208 3563 parti
231 3485 275 3546 da
298 3485 335 3546 la
358 3481 506 3561 Diaeta,
532 3488 567 3543 et
591 3479 689 3543 molti
714 3479 793 3542 altri
817 3479 995 3561 Principi,
1025 3492 1060 3542 et
1083 3483 1243 3545 lassorno
1268 3483 1293 3546 li
1316 3485 1392 3547 loro

134 3587 256 3653 Oratori
288 3608 356 3672 pro
379 3587 512 3668 forma,
547 3586 713 3649 accioche
746 3605 818 3648 non
851 3607 890 3648 se
914 3587 1145 3650 concludesse
1178 3607 1264 3651 cosa
1286 3591 1392 3671 bona,
1491 3584 1494 3592 ⁴

134 3697 244 3774 perche
268 3698 362 3759 dove
383 3714 449 3776 per
473 3693 505 3756 el
525 3694 647 3774 legato
668 3691 773 3754 venia
789 3699 962 3774 proposto
982 3693 1101 3773 quello
1125 3695 1191 3757 che
1213 3697 1248 3758 la
1266 3696 1391 3777 region

104 3805 161 3862 “et
185 3805 216 3866 el
244 3805 355 3867 dever
378 3802 500 3881 volea,
532 3799 681 3862 diceano
706 3819 776 3861 non
807 3799 919 3861 haver
943 3799 1189 3863 commissione
1216 3800 1262 3863 da
1292 3801 1317 3863 li
1339 3802 1393 3865 soi

134 3907 279 3994 Principi,
303 3926 415 3972 overo
438 3905 700 3970 communitadi.

205 4017 248 4080 Et
264 4037 331 4100 per
346 4013 563 4077 resolutione
579 4022 615 4077 et
630 4019 793 4094 resposta
809 4011 857 4074 dil
875 4011 1135 4093 departimento
1152 4013 1198 4076 de
1212 4015 1248 4076 la
1263 4013 1392 4078 Diaeta

135 4121 278 4186 havendo
310 4121 336 4184 li
360 4119 504 4186 Oratori
537 4119 581 4182 de
610 4119 644 4182 le
666 4128 763 4182 terre
786 4115 935 4180 franche
968 4118 1274 4183 manifestameute
1307 4121 1391 4184 dato

136 4229 266 4305 pessima
294 4239 332 4292 et
354 4225 560 4309 impiissima
584 4235 762 4308 resposta:
797 4225 832 4286 la
856 4223 1082 4288 conclusione
1106 4226 1306 4289 universale
1329 4227 1390 4308 piu

138 4336 413 4400 cautelosamente
446 4354 492 4396 va
525 4333 570 4395 ad
604 4353 649 4394 un
675 4332 854 4394 medesmo
887 4329 975 4411 fine,
1011 4341 1047 4394 et
1079 4351 1190 4396 ancor
1224 4336 1289 4396 che
1312 4334 1390 4415 pari

138 4439 230 4517 prima
250 4441 341 4506 facie
365 4441 427 4523 piu
451 4439 636 4518 catholica,
663 4459 732 4501 non
758 4438 900 4501 dimano
923 4438 970 4500 ha
992 4437 1028 4500 in
1052 4459 1091 4501 se
1107 4441 1216 4502 molto
1241 4460 1390 4523 venen0,

33 4527 35 4556 ³
139 4554 166 4606 et
185 4549 337 4614 contiene
362 4551 475 4631 (come
499 4549 518 4611 ὲ
542 4555 700 4610 costume
724 4542 816 4630 loro)
840 4548 966 4609 alcune
991 4545 1147 4628 captioni
1168 4546 1258 4609 assai
1276 4546 1389 4629 facili,

33 4691 35 4720 t
140 4669 156 4711 a
174 4673 387 4738 cognoscere,
411 4653 544 4737 perche
566 4655 659 4716 dove
683 4652 811 4715 dicono
827 4671 927 4714 esser
949 4651 1062 4715 tenuti
1078 4652 1226 4734 exequir
1243 4655 1275 4716 el
1291 4653 1389 4715 Man-

142 4757 208 4822 tato
228 4763 398 4827 Caesareo
427 4761 518 4824 fatto
550 4782 571 4823 a
594 4759 778 4840 Wormes,
815 4768 850 4822 et
880 4760 981 4822 voler
1017 4759 1178 4822 obedirlo
1211 4769 1344 4841 quanto
1368 4781 1391 4822 a

33 4861 35 4872 ⁴
146 4861 294 4934 lutosam
316 4869 508 4953 possibile,
536 4887 607 4931 non
632 4868 649 4932 ὲ
674 4869 765 4932 altro
790 4887 829 4932 se
853 4888 924 4930 non
948 4868 1014 4931 che
1038 4869 1130 4932 dove
1154 4887 1226 4931 non
1249 4867 1285 4930 lo
1309 4886 1389 4933 exe·
