3425 5700
625 561 873 623 “dimili-⁶

126 712 327 798 principibus
354 732 420 795 pro
445 711 537 775 virili
560 732 641 777 mea
663 733 798 777 summo
823 711 941 777 studio
964 717 1142 797 conabor,
1178 724 1217 777 ut
1245 715 1390 780 tandem

125 822 179 884 hec
200 822 275 884 lues
292 830 369 909 toto
390 821 546 901 pellatur
562 821 607 883 ab
624 822 722 885 orbe.
760 818 949 885 Coeterum
963 821 1092 885 adhoc
1108 822 1291 905 negotium
1306 822 1391 887 Cae·

124 926 199 991 saris
221 937 255 990 et
271 925 455 991 Catholice
470 925 669 1008 Majestatis
691 927 885 991 auctoritas
908 929 1167 1009 propemodum
1188 931 1392 993 necessaria

124 1044 182 1115 est,
215 1054 321 1117 quam
343 1030 521 1096 Sanctitas
546 1031 676 1096 Vestra
708 1034 833 1096 sedulo
866 1054 1012 1098 monere
1042 1034 1177 1099 hortari
1206 1034 1392 1119 impellere

122 1141 334 1223 animareque
357 1140 404 1204 ad
428 1140 519 1203 hanc
544 1148 617 1203 tam
640 1149 801 1204 sanctam
824 1162 899 1204 rem
923 1162 993 1205 non
1018 1142 1185 1223 desistat,
1215 1153 1255 1206 ut
1278 1143 1390 1227 Impe-

123 1248 241 1311 ratorio
264 1266 411 1311 munere
444 1246 480 1310 in
506 1246 692 1309 turbandis
725 1247 1041 1330 opprimendisque
1070 1248 1265 1313 novitatum
1293 1262 1390 1315 auto·

123 1355 208 1418 ribus
237 1354 430 1437 defungat,
462 1352 522 1435 qui
546 1373 602 1417 me
626 1351 695 1415 sibi
718 1354 939 1435 potissimum
963 1374 1109 1436 scopum
1133 1358 1267 1420 habeut
1291 1378 1391 1422 exer·

123 1462 223 1525 cende
245 1460 390 1541 malitie,
415 1480 487 1523 non
512 1459 653 1523 aliunde
677 1458 811 1523 inducti
837 1481 942 1542 quam
968 1460 1100 1524 invidia
1125 1462 1392 1547 cupiditateque

122 1568 262 1632 habendi
287 1588 331 1631 ea
353 1586 423 1649 que
442 1566 747 1647 Archiepiscopus
765 1566 1090 1650 Magdeburgensis
1113 1568 1293 1651 possideo,
1321 1591 1392 1653 qua

123 1674 241 1739 diocesi
263 1674 334 1737 illis
351 1671 500 1737 vicinior
515 1692 606 1747 sum;
632 1693 781 1754 quorum
797 1684 836 1737 ut
855 1674 1038 1756 improbos
1058 1684 1208 1739 conatus
1223 1678 1392 1757 prudenti

123 1782 253 1845 consilio
296 1780 476 1845 vincerem
512 1779 767 1843 Reverendum
805 1801 847 1844 ac
890 1780 1167 1844 Illustrissimum
1201 1782 1390 1848 Dominum

123 1890 280 1969 Joannem
296 1888 485 1953 Albertum
502 1887 707 1951 Patruelem
722 1907 838 1951 meum
856 1886 894 1949 in
913 1886 1155 1951 coadiutorem
1179 1887 1214 1951 in
1232 1888 1391 1953 Ecclesia

123 1996 410 2079 Magdeburgensi
450 1995 625 2078 assumpsi
665 2016 710 2059 ne
742 1997 808 2059 sub
840 1994 964 2057 mortis
999 2014 1077 2058 mee
1109 2005 1248 2079 tempus
1282 1999 1392 2081 (quod

124 2104 213 2169 avide
235 2104 443 2186 expectant)
466 2102 671 2165 invadende
695 2103 975 2183 occupandeque
999 2101 1162 2165 Diocesis
1176 2102 1391 2185 Magdebur-

124 2211 229 2293 gensis
243 2210 385 2276 occasio
402 2208 489 2292 ipsis
503 2218 577 2272 tum
593 2208 717 2273 relicta
734 2210 890 2291 dataque
905 2208 1096 2274 videretur.
1127 2209 1392 2277 Coadiutoriam

123 2318 206 2382 illam
226 2328 264 2381 ut
287 2338 354 2401 per
376 2316 517 2380 lieteras
546 2313 706 2379 eiusdem
730 2315 902 2399 patruelis
925 2314 992 2378 mei
1026 2315 1156 2379 certior
1179 2338 1255 2381 sum
1279 2318 1394 2384 factus

127 2425 157 2487 in
182 2425 291 2507 primo
324 2422 436 2506 ipsius
460 2421 680 2487 Consistorio
711 2422 869 2506 gratiose
901 2432 936 2485 et
967 2424 1160 2487 clementer
1186 2424 1327 2489 admisit
1357 2436 1394 2489 et

125 2531 332 2595 confirmavit
364 2550 434 2613 quo
458 2550 529 2593 non
562 2539 636 2593 tarn
666 2528 781 2611 ipsum
811 2530 1009 2613 patruelem
1033 2549 1165 2610 meum,
1200 2551 1306 2612 quam
1336 2552 1392 2596 me

124 2638 224 2719 ipsum
246 2660 288 2703 ac
304 2638 504 2702 Ecclesiam
528 2638 750 2720 petissimum
774 2657 910 2700 summo
933 2636 1108 2701 beneficio
1132 2636 1296 2701 affectam
1321 2638 1391 2702 exi-

125 2745 224 2827 stimo,
240 2746 395 2827 novique
411 2743 578 2808 beneficii
592 2744 816 2824 accessionis,
834 2764 890 2807 me
905 2744 1021 2807 eidem
1034 2741 1224 2807 Sanctitati
1241 2744 1393 2808 Vestrae

126 2855 226 2937 magis
248 2853 442 2918 obnoxium
467 2873 636 2936 agnosco.
684 2850 883 2933 Coeterum,
908 2872 982 2934 oro,
1010 2852 1194 2916 beatitudo
1220 2862 1338 2916 vestra
1356 2852 1392 2916 in

124 2961 426 3044 compositionibus
457 2982 498 3025 ac
524 2969 733 3048 annatarum
759 2960 971 3024 solutionum
1003 2969 1039 3022 et
1063 2959 1140 3023 aliis
1163 2959 1213 3023 ita
1236 2960 1394 3043 benigne

125 3072 309 3149 patruelem
333 3089 449 3132 meum
473 3068 579 3132 solita
602 3067 737 3151 pietate
761 3051 916 3131 tractare
941 3067 1125 3149 dignetur,
1156 3075 1194 3129 ut
1217 3066 1395 3150 intelligat

124 3174 454 3239 commendationem
477 3176 569 3238 hanc
595 3195 709 3239 meam
726 3195 797 3238 non
813 3194 940 3257 parum
957 3173 1116 3237 utilitatis
1141 3173 1208 3237 sibi
1224 3174 1394 3241 attulisse.

123 3280 277 3347 Feliciter
306 3303 350 3346 ac
381 3281 577 3345 diutissime
601 3283 721 3345 valeat
744 3279 781 3347 S.
806 3280 850 3345 V.
885 3283 929 3344 ad
954 3279 1143 3344 Christiani
1174 3280 1271 3345 orbis
1300 3290 1394 3346 tran·

122 3385 319 3469 quillitateni
349 3388 449 3453 cuius
480 3388 720 3453 Sanctissimis
750 3389 904 3471 pedibus
934 3409 990 3452 me
1014 3389 1266 3471 Ecclesiasque
1296 3409 1394 3453 meas

122 3515 235 3560 omnes
256 3495 450 3560 humillime
474 3497 695 3560 commendo.

205 3603 315 3667 Hallis
340 3602 399 3666 die
424 3602 516 3666 XIV
539 3602 699 3683 Januarii
723 3603 830 3667 Anno
854 3602 1073 3667 MDXXIV.

378 3709 419 3773 E.
443 3709 484 3774 B.
509 3709 595 3774 Vre.

932 3798 1092 3848 Humillima
1109 3800 1235 3847 Creatura

857 3885 992 3949 libanu·
1010 3895 1090 3948 Card.
1108 3894 1287 3958 Moguntinus.

652 4055 860 4067 mma

718 4196 792 4263 143.

413 4303 572 4385 clemens
600 4304 678 4386 vu
707 4302 909 4385 Marchioni
936 4302 1099 4384 Badcnsi

576 4443 639 4513 (Bc.
664 4441 708 4502 ccl
731 4443 845 4518 prino.
876 4441 946 4511 uu)

607 4553 664 4621 (17·
684 4556 794 4620 Januar.
816 4557 905 4618 ¹⁵24)

208 4675 345 4741 Dilecte
368 4675 430 4757 fili,
454 4679 604 4742 salutem
628 4688 695 4743 etc.
742 4677 829 4742 Cum
853 4697 920 4760 pro
943 4686 1064 4740 nostro
1092 4673 1230 4756 officio,
1257 4695 1394 4759 proque

115 4805 157 4847 ea
181 4785 456 4866 benevolentia,
488 4805 559 4867 qua
589 4784 692 4848 istam
727 4783 956 4848 fortissimam
979 4783 1167 4846 Nationem
1191 4802 1332 4864 semper
1358 4783 1394 4845 in

115 4891 310 4957 minoribus
333 4892 514 4975 prosecuti
537 4912 667 4974 sumus,
701 4901 737 4955 et
760 4911 854 4954 nunc
878 4900 1027 4973 paterne
1051 4889 1312 4973 prosequimur,
1345 4889 1394 4951 di·

138 5017 226 5068 Balsa,
238 5017 380 5058 Documenta
388 5016 527 5058 brumas.
1200 4995 1234 5048 21
