3425 5700
807 563 1053 621 *eane*

291 730 383 793 quae
411 718 579 793 nostrum,
604 720 641 775 et
664 710 897 793 Apostolicae
920 707 1025 773 Sedis
1048 711 1231 786 honorem,
1253 717 1362 789 atque
1379 705 1572 770 Ecclesias-

290 817 395 881 ticam
420 817 638 899 libertatem,
662 817 843 901 ipsiusque
868 817 1093 882 Lutheranae
1123 815 1282 879 haeresis
1317 814 1573 878 extinctionem

289 934 517 1005 concernunt,
541 924 660 987 utilior
683 924 772 1005 istic,
797 945 902 1007 quam
925 925 983 989 hic
1007 945 1086 989 esse
1109 922 1256 1007 poteris.
1300 920 1477 1003 Quocirca
1491 921 1572 1003 hac,

290 1041 326 1093 et
357 1032 435 1096 aliis
462 1031 731 1097 rationabilibus
755 1033 870 1096 causis
910 1053 975 1096 nos
1005 1032 1052 1096 ad
1082 1032 1119 1094 id
1144 1030 1387 1111 moventibus,
1417 1027 1572 1099 inducti:

288 1148 386 1203 motu
402 1138 560 1221 proprio,
576 1149 674 1202 etex
691 1149 789 1202 certa
804 1149 927 1203 nostra
939 1138 1098 1221 scientia,
1115 1137 1231 1201 eidem
1254 1134 1572 1218 Circumspectioni

288 1254 382 1327 tuae,
406 1256 445 1309 ut
468 1266 572 1327 nunc,
596 1254 633 1309 et
656 1247 837 1328 deincepS,
862 1247 981 1327 quoad
1004 1230 1209 1325 vixeris,'in
1234 1243 1338 1307 dictis
1356 1241 1572 1307 Germaniae

288 1352 468 1435 partibus,
497 1363 533 1417 et
557 1352 645 1416 alias
669 1354 880 1435 ubicumque
905 1352 969 1416 tibi
993 1352 1191 1435 expediens
1215 1351 1412 1431 videbitur,
1436 1361 1473 1413 et
1495 1350 1571 1431 pla-

290 1460 413 1541 cuerit,
436 1459 613 1523 licentiam
639 1459 824 1541 manendi,
847 1480 890 1523 ac
913 1469 952 1523 ut
975 1461 1022 1523 ad
1041 1459 1136 1540 Nos,
1158 1466 1194 1521 et
1217 1456 1348 1520 dictam
1369 1457 1572 1521 Romanam

289 1566 447 1649 Curiam,
472 1568 586 1631 donec
615 1566 710 1630 aliud
733 1567 798 1629 tibi
822 1566 1127 1646 mandaverimus,
1161 1565 1268 1629 etiam
1292 1562 1390 1628 Sede
1413 1565 1570 1647 Aposto-

288 1675 357 1738 lica
380 1684 549 1756 vacante,
573 1675 746 1738 accedere
753 1722 763 1758 ,
787 1684 824 1738 et
847 1674 884 1736 in
908 1694 952 1738 ea
974 1675 1133 1737 residere
1156 1693 1380 1755 nequaquam
1403 1670 1571 1747 tenearis,

289 1801 354 1845 nec
379 1782 425 1845 ad
448 1781 484 1845 id
510 1803 530 1845 a
553 1801 730 1864 quoquam
755 1782 851 1864 cogi,
883 1790 944 1843 aut
976 1780 1141 1863 compelli
1165 1780 1417 1863 quoquomodo
1441 1778 1572 1864 possis,

288 1888 513 1953 Auctoritate
536 1889 748 1970 Apostolica
771 1899 896 1951 tenore
920 1888 1161 1970 praesentium
1184 1887 1428 1968 concedimus,
1453 1893 1489 1949 et
1518 1884 1571 1947 in·

288 1994 484 2076 dulgemus.
514 1996 554 2059 In
572 1995 785 2059 contrarium
797 1993 1011 2057 facientibus
1023 2014 1094 2057 non
1106 1994 1332 2058 obstantibus
1348 1993 1571 2075 quibuscum-

288 2120 367 2184 que.
413 2102 495 2168 Dat.
521 2102 662 2166 Romae
686 2100 754 2165 Die
779 2100 895 2163 XXV
919 2100 1104 2164 Februarii
1134 2122 1226 2181 15²4·
1274 2101 1381 2164 Anno
1405 2100 1529 2183 primo.

378 2225 705 2308 Quadruplicatum.

821 2404 1027 2416 mmmmm

890 2634 932 2699 14
957 2682 965 2698 .

563 2752 722 2833 Clemens
750 2751 829 2834 VII.
857 2636 1006 2832 Eraimo
1033 2751 1292 2834 Rotterodamo.

623 2901 720 2974 (belli
737 2901 846 2960 31111111
865 2901 919 2960 eto.
937 2899 1087 2974 munuc.
1104 2899 1150 2960 lot
1169 2901 1234 2974 nu)

792 3009 828 3080 (3-
847 3011 951 3077 Aprilis
973 3008 1060 3080 1524·)

374 3156 431 3219 Ex
454 3154 580 3219 litteris
604 3155 673 3219 tuis
697 3163 732 3218 et
756 3175 802 3218 ex
826 3175 870 3218 eo
893 3154 986 3218 libro
1010 3174 1114 3236 quem
1143 3156 1189 3218 ad
1219 3176 1285 3219 nos
1313 3155 1348 3217 in
1373 3155 1566 3238 Apostolo-

287 3285 364 3328 rum
393 3263 487 3328 Acta
511 3261 746 3344 conscriptum
776 3261 920 3344 misisti,
951 3260 1057 3324 facile
1084 3261 1331 3343 perspeximus
1358 3273 1455 3327 tuam
1479 3283 1567 3346 erga

288 3391 353 3437 nos
378 3371 640 3435 observantiam
657 3369 881 3434 coniunctam
896 3369 974 3452 pari
990 3370 1253 3450 benevolentia,
1277 3391 1449 3454 spemque
1469 3391 1564 3454 mag·

286 3499 367 3541 nam
392 3477 582 3560 caepimuS,
606 3478 657 3540 Te
681 3497 786 3558 quem
803 3478 902 3539 Deus
926 3480 1150 3558 omnipotens
1175 3476 1357 3541 doctrinae
1381 3498 1564 3542 ornamen-

285 3584 331 3647 tis
365 3583 541 3666 insignem
576 3603 654 3647 esse
688 3583 880 3664 voluisset,
922 3602 989 3664 pro
1027 3583 1185 3646 eiusdem
1220 3584 1289 3647 Dei
1325 3604 1433 3648 causa
1466 3606 1564 3650 arma

286 3701 520 3773 sumpturum,
554 3711 644 3773 quae
669 3700 788 3754 essent
811 3705 873 3753 tuo
898 3699 997 3752 tanto
1022 3689 1167 3772 ingenio
1192 3700 1228 3753 et
1251 3690 1284 3753 ei
1308 3691 1434 3772 pietati
1459 3712 1562 3775 quam

285 3797 475 3880 profiteris,
499 3807 749 3861 consentanea.
796 3794 856 3859 Sic
872 3795 966 3859 enim
982 3794 1088 3859 etiam
1105 3797 1150 3859 ad
1175 3816 1240 3860 nos
1263 3798 1382 3862 multis
1405 3819 1453 3862 ex
1476 3799 1562 3863 locis

285 3903 502 3968 afferebatur
525 3903 590 3967 tibi
619 3903 669 3968 ita
700 3923 809 3986 agere
841 3903 878 3966 in
909 3903 1027 3966 animo
1060 3923 1156 3977 esse;
1186 3902 1328 3986 iamque
1359 3917 1560 3989 susceptum

284 4012 342 4074 vel
365 4011 484 4093 potius
507 4011 703 4074 institutum
728 4011 907 4093 quoddam
931 4030 1022 4093 opus
1045 4030 1115 4091 quo
1140 4013 1328 4075 multorum
1351 4033 1464 4096 prave
1487 4034 1560 4078 sen·

284 4118 443 4181 tientium
461 4117 640 4180 erroribus
656 4116 917 4198 patefaciendis
932 4125 1015 4179 tuae
1031 4117 1201 4182 scientiae
1221 4120 1340 4184 lumen
1362 4121 1559 4185 accederet
1702 4169 1703 4188 1

284 4224 389 4306 Quod
422 4223 524 4287 nobis
554 4223 621 4286 fuit
649 4222 771 4287 auditu
803 4222 1112 4297 iucundissimum;
1143 4225 1265 4308 magni
1297 4226 1391 4290 enim
1421 4247 1560 4310 semper

283 4330 430 4394 fecimus
465 4330 600 4393 litteras
632 4339 667 4394 et
700 4329 898 4393 doctrinam
930 4337 1044 4405 tuann
1079 4329 1187 4413 inque
1217 4334 1285 4396 hac
1319 4333 1497 4397 sententia
1525 4344 1559 4396 et

284 4446 406 4500 nostro
430 4446 580 4519 paterno
604 4437 722 4500 animo
747 4455 835 4518 erga
865 4446 917 4515 te,
948 4434 1023 4499 sive
1052 4435 1088 4500 in
1117 4439 1210 4502 hanc
1234 4441 1358 4503 urbem
1380 4449 1417 4504 te
1441 4450 1556 4505 contu-

282 4543 376 4623 leriS,
401 4542 477 4607 sive
500 4543 701 4607 constiteris
715 4541 801 4608 alibi
822 4542 970 4626 uspiam,
995 4542 1207 4628 ubicumque
1230 4555 1328 4611 certe
1351 4547 1473 4630 fueris,
1497 4567 1557 4612 nos

281 4649 462 4732 intelliges
485 4670 629 4713 manere
653 4660 867 4714 constantes
914 4649 1039 4731 Itaque
1063 4660 1100 4715 et
1123 4654 1219 4736 quod
1242 4656 1288 4718 ad
1319 4663 1355 4719 te
1386 4659 1555 4722 obtrecta-

281 4757 436 4821 tionibus
452 4757 673 4821 liberandum
684 4757 822 4837 attinet,
840 4756 1115 4837 interposuimus
1130 4765 1378 4828 auctoritatem
1393 4774 1554 4842 nostram,

281 4873 319 4929 et
353 4863 518 4946 quoniam
550 4884 623 4928 non
655 4874 710 4928 est
745 4862 856 4927 nostri
884 4883 1001 4946 neque
1031 4865 1151 4930 iudicii
1180 4889 1296 4952 neque
1327 4871 1435 4936 animi
1463 4883 1553 4934 tuam
