3425 5700
753 537 1071 596 'mmm

310 680 369 744 Ad
402 691 597 745 extremum
631 683 717 746 illud
758 684 991 748 sanctitatem
1022 686 1189 748 Vestram
1219 694 1382 766 rogatam
1413 686 1514 748 velim
1541 696 1573 747 ut

309 788 338 850 si
363 809 433 870 qua
456 789 489 851 in
515 791 583 852 hoc
607 811 770 854 sermone
806 793 979 874 reperiat,
1010 812 1079 874 quo
1111 792 1186 856 eius
1217 791 1444 856 offendantur
1474 813 1573 874 aures,

309 895 346 957 id
379 917 447 959 non
483 899 649 962 Roffensi
683 900 741 981 qui
779 901 931 982 Anglice
967 904 1107 966 locutus
1142 911 1209 982 est,
1252 902 1315 964 sed
1350 899 1437 963 mihi
1470 900 1574 982 potius

308 1003 473 1084 ascribat,
499 1005 558 1086 qui
582 1009 628 1068 ab
652 1027 696 1069 eo
720 1010 813 1070 bene
838 1018 873 1070 et
897 1007 1006 1071 latine
1031 1008 1141 1090 dicta,
1177 1009 1268 1071 male
1300 1017 1336 1072 et
1367 1009 1517 1071 barbare
1544 1006 1574 1068 in

308 1108 452 1172 latinum
476 1113 577 1175 verti.
626 1113 671 1174 Et
695 1117 814 1178 valeat
837 1114 1042 1179 felicissime
1068 1115 1199 1179 Vestra
1223 1113 1421 1195 Sanctitas,
1453 1113 1507 1176 cui
1528 1133 1574 1175 me

308 1217 499 1280 humillime
523 1223 740 1285 commendo

398 1323 451 1386 Ex
476 1325 692 1390 Riehmonte
716 1328 830 1410 primo
854 1330 950 1407 Junii

798 1456 924 1504 Eiusdem
944 1456 1098 1504 Sanctitatis
1117 1459 1228 1505 Vestrae
1247 1454 1411 1504 humillimus
1429 1453 1547 1502 Servulus

1141 1552 1175 1615 tl
1186 1583 1197 1600 ·
1207 1551 1321 1614 Potiu·

846 1730 886 1746 llvw
918 1731 922 1736 ⁸
930 1732 945 1744 'a'
953 1731 964 1744 κ
990 1730 1052 1746 'WN

920 2002 974 2068 99.

630 2127 1029 2210 Vieeouuoellnrius
1055 2127 1275 2209 lleundro.

739 2268 882 2336 (uolut
901 2269 1027 2328 eamn.
1045 2268 1076 2327 1.
1096 2267 1147 2336 a)

826 2381 862 2445 (ὁ.
883 2382 957 2446 Junii
981 2377 1067 2447 1521.)

396 2499 476 2563 Non
493 2502 528 2564 vi
544 2512 765 2585 potressemo
781 2505 849 2568 mai
865 2507 908 2569 ne
932 2506 967 2567 in
992 2506 1118 2588 parola
1142 2505 1185 2567 ne
1210 2504 1244 2566 in
1270 2513 1369 2566 carta
1385 2501 1580 2583 exprimere

307 2605 541 2689 l’allegrezza
565 2619 600 2672 et
624 2621 792 2674 contento
816 2615 863 2675 ha
885 2623 1055 2676 recevuto
1079 2614 1113 2674 la
1138 2611 1189 2674 St*
1214 2613 1259 2674 de
1288 2611 1331 2673 N.
1357 2609 1393 2673 S.
1418 2611 1513 2672 della
1535 2606 1581 2668 di·

306 2712 390 2775 vina
414 2722 450 2775 et
473 2714 519 2776 da
543 2737 683 2800 sempre
700 2739 919 2782 comemorar
935 2739 1047 2800 opera
1069 2718 1106 2782 di
1120 2718 1251 2782 Cesare
1267 2717 1326 2780 Re
1342 2727 1377 2780 et
1393 2717 1582 2798 imperator
1687 2794 1688 2799 η

307 2820 594 2887 christianissimo
620 2826 713 2889 assai
736 2825 796 2908 piu
820 2826 855 2890 in
881 2825 978 2890 effeti
1003 2829 1068 2890 che
1093 2827 1150 2891 nel
1174 2825 1293 2906 titolo,
1324 2836 1359 2888 et
1383 2823 1434 2887 Su
1457 2821 1510 2886 5¹⁸
1525 2821 1582 2884 ad·
1687 2814 1689 2833 '

307 2928 395 2991 mira
419 2940 455 2993 et
479 2934 611 2995 extolle
637 2946 672 2997 et
696 2936 730 2995 la
754 2934 836 2997 fede
861 2945 897 2997 et
920 2935 1121 2998 constantia
1151 2946 1187 2997 et
1211 2932 1400 3016 prudentia
1424 2931 1461 2992 di
1484 2938 1583 2992 tanto

307 3036 520 3118 imperatore
550 3042 614 3103 che
648 3042 758 3104 hebbi
795 3042 823 3103 si
858 3044 951 3104 bene
988 3051 1023 3104 et
1057 3046 1085 3104 sl
1121 3049 1378 3104 maturamente
1414 3039 1584 3102 condotto
1686 3047 1687 3102 1

306 3144 329 3206 l’
345 3165 455 3226 opera
480 3159 515 3209 et
541 3148 746 3229 expedition
776 3158 901 3210 contro
930 3151 1013 3229 qual
1038 3150 1231 3213 maladetto
1263 3167 1330 3209 con
1362 3145 1518 3228 perfetto
1549 3150 1585 3203 et
1686 3185 1687 3200 .

306 3251 508 3315 desiderato
533 3253 613 3320 fine.
650 3254 700 3317 Su
714 3254 765 3317 δ’*
782 3257 829 3317 ha
854 3256 939 3317 lette
963 3254 1022 3336 pio
1050 3256 1147 3317 volte
1171 3264 1296 3335 queste
1320 3252 1441 3315 ultime
1463 3258 1585 3314 vostre

305 3359 421 3423 littere
446 3381 553 3441 sopra
577 3361 600 3423 il
626 3362 770 3443 signare
794 3373 830 3424 et
862 3362 1034 3443 expedire
1064 3361 1075 3422 i
1106 3360 1283 3439 mandati,
1317 3368 1352 3421 et
1383 3358 1419 3421 in
1450 3375 1586 3419 somma

304 3468 523 3549 impossibile
548 3469 641 3531 saria
664 3470 709 3532 ad
735 3470 936 3552 exprimere
961 3470 995 3531 la
1018 3468 1111 3531 festa
1135 3478 1170 3531 et
1194 3468 1304 3530 iubilo
1330 3466 1365 3529 di
1382 3464 1443 3528 Su.
1466 3462 1584 3527 Beati·
1685 3545 1687 3568 ι

305 3574 427 3638 tudine
452 3586 487 3638 et
511 3577 557 3638 ha
581 3576 669 3640 fatto
695 3575 918 3659 leggeregia
938 3575 973 3638 in
999 3576 1183 3658 signatura
1207 3574 1375 3657 pubblica
1400 3574 1497 3635 dette
1523 3572 1585 3633 let-

305 3694 381 3746 tere
397 3694 432 3745 et
448 3684 698 3765 leggerannosi
715 3686 827 3746 anche
842 3684 878 3745 in
896 3684 1117 3745 consistorio.
1165 3682 1238 3746 Sua
1254 3679 1392 3743 Santita
1416 3677 1586 3741 referisse

306 3812 372 3854 con
397 3799 488 3853 tutto
514 3790 535 3854 'l
560 3812 642 3854 core
668 3802 703 3853 et
727 3812 794 3853 con
820 3800 911 3853 tutto
935 3792 956 3852 l’
973 3791 1091 3853 animo
1125 3800 1160 3852 et
1191 3790 1272 3853 tutti
1303 3790 1314 3851 i
1343 3790 1437 3853 sensi
1468 3788 1588 3870 gratie

305 3908 437 3979 quanto
458 3900 529 3979 pud
555 3898 729 3980 maggiori
754 3920 775 3961 a
800 3896 849 3960 Sa
873 3896 939 3958 Μ’*
963 3908 998 3960 et
1021 3916 1135 3979 prega
1163 3898 1265 3960 iddio
1296 3900 1331 3960 la
1359 3896 1527 3960 conservi
1552 3896 1588 3959 in
1684 3909 1685 3918 ’

306 4014 432 4087 questo
457 4003 570 4069 Santo
594 4006 779 4087 proposito
804 4006 839 4067 di
865 4004 1059 4067 defendere
1083 4006 1118 4066 la
1142 4004 1272 4067 Chiesa
1304 4014 1340 4067 et
1364 4014 1466 4067 santa
1489 4002 1589 4067 Sede

307 4113 518 4194 Apostolica
542 4123 577 4175 et
600 4112 625 4174 li
649 4112 733 4174 doni
758 4112 831 4175 vita
854 4114 965 4194 longa
989 4121 1025 4173 et
1048 4111 1212 4192 prosperi
1236 4111 1317 4173 tutti
1339 4110 1352 4173 i
1375 4111 1452 4174 suoi
1476 4110 1593 4193 giusti

307 4220 392 4283 voti.
438 4218 509 4282 Voi
533 4219 567 4281 in
593 4239 696 4282 nome
721 4218 757 4280 di
781 4216 855 4282 Sua
873 4216 924 4281 S¹⁸
943 4227 1075 4299 quanto
1100 4216 1159 4300 piri
1184 4226 1324 4299 potrete
1347 4236 1414 4281 con
1438 4216 1592 4280 affetion

307 4326 556 4409 ringratierete
580 4323 616 4389 S.
637 4325 686 4388 M.
711 4324 989 4407 persuadendoli
1005 4326 1071 4388 che
1086 4335 1185 4388 tanto
1206 4324 1374 4389 benefitio
1399 4335 1435 4387 et
1459 4324 1594 4388 merito

309 4434 344 4496 di
367 4435 486 4515 quella
509 4454 581 4496 non
606 4434 774 4496 caschera
803 4432 873 4495 mai
897 4434 993 4495 dalla
1024 4432 1193 4496 memoria
1221 4432 1257 4494 di
1288 4429 1338 4495 Su
1362 4432 1440 4494 Bne
1472 4433 1518 4495 ne
1545 4434 1594 4495 de

307 4543 343 4603 la
360 4539 455 4603 Sede
472 4540 692 4621 Apostolica,
718 4538 795 4602 anzi
819 4560 959 4621 sempre
984 4549 1021 4602 et
1042 4539 1063 4601 l'
1081 4559 1152 4601 una
1169 4548 1204 4602 et
1223 4539 1244 4601 l'
1261 4540 1352 4602 altro
1377 4539 1406 4601 si
1429 4540 1595 4603 siorzeri

308 4649 344 4711 di
369 4646 493 4710 esserli
512 4648 572 4728 piri
598 4656 721 4728 grato;
747 4656 783 4709 et
806 4648 1000 4709 benedetto
1025 4656 1060 4709 et
1084 4647 1205 4709 lodato
1226 4646 1279 4709 sia
1295 4666 1435 4729 sempre
1459 4658 1595 4729 questo

309 4778 330 4819 a
354 4754 412 4818 noi
443 4756 490 4817 da
524 4755 594 4817 Dio
625 4755 709 4817 dato
739 4753 960 4835 Imperatore
992 4764 1028 4815 et
1059 4753 1235 4815 advocato
1270 4754 1315 4816 de
1350 4755 1385 4816 la
1418 4754 1598 4818 Romana
1681 4761 1682 4768 ’

309 4862 447 4927 chiesa.
494 4860 568 4925 Sua
585 4860 722 4931 Santiti
740 4882 810 4933 non
827 4860 962 4935 testera
987 4860 1023 4925 di
1045 4860 1124 4931 fare
1138 4870 1229 4930 tutte
1244 4862 1277 4929 le
1292 4862 1598 4931 demonstrationi
