3425 5700
922 956 998 1022 227.

772 1073 945 1154 toranus
974 1071 1147 1154 Sadoleto.

745 1221 864 1292 (Vmor.
892 1221 929 1279 ιᾱ
951 1220 1033 1278 0102
1056 1220 1093 1278 n
1120 1220 1174 1291 47.)

821 1342 876 1406 (10.
896 1341 964 1406 Jnlii
987 1339 1073 1408 1525.)

408 1467 459 1529 Le
491 1466 559 1528 mie
589 1464 710 1528 ultime
741 1484 828 1528 sono
857 1475 950 1528 state
987 1467 1031 1528 de
1062 1465 1123 1530 III.
1155 1465 1275 1546 Dopoi
1309 1486 1347 1528 se
1380 1467 1471 1528 hebe
1509 1485 1605 1527 nova

321 1575 400 1636 chel
424 1573 679 1636 TrietestaIner
709 1575 862 1636 essendo
895 1574 1028 1636 andato
1059 1594 1137 1636 curn
1172 1571 1282 1654 quelli
1313 1573 1440 1636 cavalli
1471 1573 1605 1635 scrisse

318 1702 384 1764 per
408 1685 497 1743 altre
520 1679 588 1743 mie
603 1680 639 1742 in
663 1701 710 1742 un
734 1700 862 1762 paesse
885 1678 941 1742 fra
972 1679 1081 1743 Stiria
1105 1690 1142 1742 et
1166 1678 1350 1743 Cerinthia
1373 1682 1456 1761 qual
1484 1700 1523 1742 se
1551 1679 1605 1740 di-

321 1788 450 1850 manda
473 1786 760 1870 Inderslamyng,
793 1787 818 1849 li
841 1787 966 1850 villani
999 1788 1044 1849 de
1072 1787 1281 1870 Saltzpurch
1315 1787 1339 1849 li
1371 1788 1530 1850 andorno
1569 1789 1607 1848 la

320 1903 425 1958 nocte
450 1905 486 1957 et
509 1905 679 1958 trovorno
703 1897 737 1956 le
752 1897 863 1957 scolte
879 1893 1043 1975 imbriagi
1059 1905 1094 1957 et
1110 1893 1135 1956 il
1149 1903 1246 1957 resto
1269 1895 1305 1956 in
1323 1896 1406 1975 let0‚
1431 1905 1467 1958 et
1483 1895 1606 1957 hanno

319 2001 504 2066 ammazati
529 2021 593 2064 200
616 2002 663 2064 da
686 2003 811 2064 cavalo
843 2000 900 2064 fra
928 2000 952 2064 li
976 2000 1086 2084 qualli
1120 2001 1145 2064 li
1174 2022 1261 2064 sono
1294 2021 1335 2080 59
1364 2001 1475 2064 nobili
1509 2011 1544 2063 et
1568 2003 1604 2063 el

320 2107 574 2172 Trietestainer
597 2128 724 2190 prem,
757 2107 863 2170 ferito
888 2107 924 2170 in
948 2127 1019 2172 una
1042 2111 1174 2190 gamba
1198 2117 1233 2171 et
1257 2108 1355 2172 molti
1387 2108 1468 2170 altri
1495 2109 1606 2190 presi.

319 2216 368 2279 Al
395 2225 563 2298 presente
591 2215 738 2278 intendo
772 2217 838 2278 che
868 2236 936 2296 pur
968 2219 1003 2278 le
1035 2223 1144 2297 gente
1178 2217 1223 2279 de
1258 2218 1294 2278 la
1326 2215 1401 2296 liga
1424 2215 1555 2278 vadino
1579 2237 1607 2278 a

318 2344 484 2387 soccorer
507 2321 703 2404 Salzpurch
727 2331 763 2384 et
787 2323 853 2384 che
878 2322 937 2403 gia
961 2323 1101 2386 deveno
1129 2343 1227 2386 esser
1255 2343 1296 2385 su
1320 2325 1405 2404 quel
1428 2323 1473 2384 de
1497 2323 1604 2386 Bavi-

317 2451 379 2493 era
403 2441 439 2494 et
463 2432 527 2492 che
552 2429 576 2493 li
600 2450 645 2492 va
676 2430 782 2492 etiam
808 2429 906 2492 Zorzi
930 2429 1177 2512 Fransperger
1209 2449 1287 2493 cum
1312 2429 1363 2492 III
1388 2430 1470 2492 mila
1502 2430 1607 2505 fanti,

318 2549 354 2600 et
376 2537 523 2600 intendo
548 2538 628 2599 chel
650 2535 813 2619 principe
840 2515 895 2599 ha'
921 2537 1080 2600 revocati
1116 2536 1140 2599 li
1174 2537 1226 2600 sui
1255 2536 1373 2599 nuncii
1404 2538 1518 2598 havea
1541 2557 1607 2620 ap-

318 2665 445 2727 presso
470 2643 577 2726 quelli
602 2645 647 2706 de
671 2641 868 2725 Salzpurch
899 2664 965 2726 per
997 2665 1095 2707 esser
1124 2646 1258 2706 anchor
1289 2644 1337 2706 lui
1371 2645 1416 2706 de
1444 2645 1479 2707 Ia
1512 2645 1607 2726 Liga

321 2762 358 2815 et
385 2750 580 2813 dubitando
606 2752 672 2814 che
695 2751 914 2813 intendendo
939 2751 1048 2832 quelli
1072 2752 1116 2812 de
1142 2749 1337 2833 Salzpurch
1368 2751 1401 2813 el
1429 2752 1531 2814 venir
1556 2753 1607 2814 de

321 2862 356 2923 Ia
379 2868 488 2941 gente
512 2879 583 2921 non
607 2858 631 2920 li
654 2858 836 2922 facessere
861 2858 1047 2940 dispiazer.

406 2964 448 3027 Li
479 2964 603 3028 villani
634 2986 743 3048 sopra
773 2968 807 3028 el
837 2966 921 3048 lago
955 2967 1000 3028 de
1034 2966 1235 3029 Constanza
1262 2965 1497 3029 obsidiavano
1530 2987 1605 3029 una

320 3082 414 3136 terra
437 3073 496 3135 del
519 3072 681 3155 principe
706 3073 911 3135 dimandata
936 3070 998 3135 Sel
1023 3082 1059 3135 et
1081 3072 1263 3155 Marchsit,
1289 3072 1314 3135 Ii
1344 3072 1364 3135 ὲ
1394 3076 1527 3137 andato
1562 3074 1602 3137 in
1711 3098 1712 3125 1

319 3198 484 3245 soccorso
503 3167 544 3241 'et
566 3181 614 3242 ha
636 3180 784 3242 reducto
808 3178 833 3241 Ii
858 3179 980 3241 villani
1005 3181 1071 3243 che
1095 3201 1133 3243 se
1165 3180 1188 3242 li
1219 3181 1290 3243 han
1322 3180 1396 3242 dati
1426 3202 1448 3243 a
1471 3180 1604 3243 discre-

320 3287 434 3368 tione,
467 3287 513 3350 de
543 3285 568 3349 li
600 3285 709 3367 qualli
740 3307 785 3349 ne
815 3287 863 3349 ha
893 3297 1020 3349 cavato
1046 3284 1139 3348 XVI
1164 3289 1230 3350 che
1253 3305 1343 3349 sono
1367 3287 1449 3351 stati
1474 3287 1498 3350 li
1522 3288 1605 3371 capi

322 3405 359 3457 et
387 3394 412 3457 li
442 3392 521 3456 fara
551 3391 655 3456 taliar
686 3393 722 3455 la
752 3401 863 3473 testa,
905 3394 949 3456 de
980 3402 1076 3456 sorte
1107 3395 1173 3456 che
1207 3414 1252 3457 ne
1280 3396 1432 3458 havemo
1465 3415 1608 3477 sempre
1710 3440 1711 3447 κ

321 3520 393 3562 una
415 3502 510 3563 bona
534 3508 570 3562 et
592 3520 664 3561 una
687 3500 798 3563 trista.
845 3500 915 3581 Qui
938 3520 976 3563 se
1001 3511 1154 3581 expecta
1178 3502 1213 3564 la
1236 3501 1360 3565 ultima
1373 3512 1536 3583 resposta
1560 3504 1608 3564 de

324 3607 440 3689 questi
463 3605 556 3670 Stati
588 3616 624 3670 et
647 3626 713 3689 per
743 3608 790 3670 tal
823 3628 931 3671 causa
964 3610 996 3670 el
1028 3608 1194 3690 Principe
1223 3610 1270 3671 ha
1294 3608 1448 3671 differita
1479 3610 1512 3671 la
1543 3629 1609 3671 sua

324 3717 454 3778 andata
479 3736 500 3778 a
523 3713 703 3796 Coupaier
725 3713 773 3776 fin
797 3736 819 3778 a
842 3714 867 3777 li
890 3713 1029 3778 XVIII.
1077 3714 1117 3777 In
1141 3715 1346 3797 Hinspruch
1371 3718 1428 3779 die
1462 3716 1499 3778 X
1522 3716 1610 3795 Julii

323 3822 525 3885 MDXXV.

864 4035 1065 4049 Wvdmvv'h

932 4321 1007 4388 228.

765 4428 977 4532 campegius
1006 4428 1178 4511 sadolen.

739 4576 884 4648 nunt
903 4576 1029 4636 samm
1045 4576 1120 4635 am
1139 4575 1208 4647 109.)

846 4699 898 4760 (ιο.
918 4696 986 4762 Jnn
1007 4700 1092 4761 τετε.)

507 4840 564 4903 De
586 4840 620 4902 le
644 4858 727 4902 cose
752 4839 797 4901 de
821 4836 1014 4902 Germania
1044 4858 1157 4922 penso
1189 4840 1256 4901 che
1290 4838 1336 4901 de
1366 4836 1536 4921 Inspruck
1562 4836 1615 4901 N.

335 4944 372 5012 S.
408 4947 460 5009 sia
490 4946 718 5029 pienamente
752 4946 961 5009 informato:
998 4946 1222 5009 trovandomi
1257 4945 1292 5008 in
1317 4946 1460 5009 Labaco
1495 4946 1537 5007 da
1572 4946 1615 5011 lo
