3425 5700
789 529 1036 586 ⁰·<3312C>·0

273 684 310 739 et
339 676 474 741 umbra.
521 674 624 738 Hunc
657 674 798 737 interim
835 694 905 757 ego
937 675 1079 759 iugibus
1109 676 1276 759 precibus
1310 677 1481 759 pulsabo,
1519 684 1560 739 ut

273 783 417 845 tandem
448 781 603 863 aperiat,
637 781 835 864 misereque
869 781 1038 846 afflictam
1062 783 1356 847 christianitatem
1385 782 1561 865 respiciat

273 898 310 953 et
341 888 598 953 sanctissimum
629 898 809 971 pastorem
843 910 1028 972 aequeque
1058 890 1266 972 vigilantem
1297 909 1403 972 quam
1434 889 1558 952 diutis-

273 997 360 1061 sime
391 1004 589 1060 conservet.
636 997 767 1061 Datum
799 994 1090 1081 Nuerembergae
1121 997 1179 1063 die
1210 996 1303 1061 XVI
1325 996 1463 1060 Mensis
1484 997 1557 1059 De·

274 1104 426 1169 cembris
449 1103 667 1168 MDXXIII.

879 1648 954 1715 136.

491 1764 650 1846 clemens
677 1762 755 1845 VII.
783 1763 985 1855 Marchimi
1010 1764 1333 1867 brandeburgensi

441 1912 556 1983 tiresia
573 1910 723 1971 mamantis
741 1910 801 1969 vn.
820 1914 889 1971 auu
908 1911 981 1972 rma.
999 1911 1046 1972 iol
1063 1911 1120 1981 tat,
1138 1926 1206 1971 anuo
1224 1912 1247 1971 L
1267 1927 1309 1985 ep.
1328 1911 1383 1983 88.)

744 2032 798 2099 (24.
817 2032 974 2083 Decembris
995 2030 1083 2096 1523.)

363 2166 503 2231 Dilecta
527 2166 577 2231 fili
601 2175 666 2232 etc.
715 2165 849 2229 Audito
873 2186 939 2248 per
962 2185 1028 2229 nos
1051 2185 1166 2248 nuper
1183 2163 1451 2229 Nobilissimum
1467 2163 1558 2229 Ger-

273 2294 456 2341 manorum
480 2273 683 2356 Principum
709 2272 932 2337 Conventum
944 2271 1202 2355 Norimbergae
1225 2272 1439 2351 habendum,
1470 2272 1561 2336 laeti

272 2382 320 2463 id,
344 2402 386 2446 ac
410 2382 520 2444 multo
544 2381 670 2444 laetius
695 2379 895 2461 accepimus
919 2378 1150 2443 Nobilitatem
1170 2387 1269 2443 tuam
1293 2398 1337 2442 eo
1362 2390 1560 2443 conventu·

273 2509 350 2553 ram
374 2509 463 2553 esse.
488 2487 581 2561 ¹Ubi
607 2488 700 2551 enim
724 2495 778 2551 tot
802 2486 1002 2553 Orthodoxi
1025 2486 1213 2573 Principes
1234 2484 1270 2548 in
1295 2486 1451 2549 Domino
1475 2506 1561 2551 con·

274 2604 488 2680 gregentur,
523 2604 633 2677 tuque
671 2594 707 2657 in
738 2593 861 2676 primis
895 2596 1064 2675 accedaS,
1095 2595 1310 2675 sperandum
1343 2602 1398 2656 est
1429 2592 1561 2659 ibide

275 2702 468 2771 universali
492 2700 576 2766 fidei
599 2701 812 2765 christianae
840 2702 1026 2763 commodo
1050 2709 1087 2763 et
1108 2702 1240 2781 salute,
1273 2708 1335 2763 aut
1362 2700 1484 2783 potius
1513 2702 1561 2765 de

274 2820 328 2876 tot
350 2812 521 2878 malorum
552 2807 718 2874 remediis
750 2809 973 2872 tractandum
1008 2826 1051 2870 ac
1081 2807 1342 2892 providendum
1366 2828 1456 2872 esse.
1505 2807 1561 2872 Ea

274 2921 319 2984 de
344 2939 451 2982 causa
474 2938 518 2997 ne
543 2937 608 2982 nos
630 2937 696 2998 pro
721 2927 843 2980 nostro
868 2913 1040 2998 pastorali
1065 2913 1184 2979 officio
1209 2925 1280 2977 tam
1313 2926 1440 2978 ornato
1473 2935 1560 2980 con·

274 3027 396 3092 ventui
417 3027 639 3106 deessemus,
664 3023 858 3103 statuimus,
884 3025 929 3086 de
953 3022 1151 3088 venerabili
1180 3021 1330 3085 fratrum
1354 3031 1562 3088 nostrorum

275 3131 312 3200 S.
344 3134 391 3198 R.
423 3131 463 3196 E.
495 3132 734 3197 Cardinalium
769 3131 935 3217 consilio,
973 3129 1147 3197 Nuncium
1179 3129 1269 3194 istuc
1307 3129 1562 3212 Apostolicum

275 3241 372 3327 apud
396 3239 499 3304 istam
523 3239 692 3322 inclytam
716 3237 819 3300 nobis
843 3257 984 3320 semper
1017 3236 1181 3300 dilectam
1209 3235 1398 3300 Nationem
1428 3247 1563 3320 postea

276 3367 417 3430 semper
440 3366 693 3427 remansurum,
710 3345 869 3418 mittere;
896 3343 956 3428 qui
972 3345 1055 3406 dum
1071 3364 1110 3408 se
1125 3343 1283 3426 expedit,
1307 3353 1416 3426 atque
1440 3345 1561 3410 accin-

275 3455 348 3538 git,
380 3453 544 3520 iussimus
575 3453 712 3519 interea
743 3451 909 3520 dilectum
940 3450 1049 3514 filium
1080 3450 1339 3533 Hieronymum
1361 3451 1564 3516 Rorarium

274 3561 502 3641 familiarem,
533 3569 569 3624 et
592 3559 823 3622 camerarium
855 3568 1014 3623 nostrum
1045 3555 1281 3621 exhibitorem
1313 3559 1564 3644 praesentium

276 3689 319 3732 eo
342 3660 584 3751 praecurrere.
632 3665 697 3730 Cui
722 3665 865 3747 quidem
888 3664 924 3729 in
947 3664 1124 3728 mandatis
1148 3664 1330 3746 dedimus,
1361 3673 1400 3726 ut
1423 3663 1564 3730 Nobili·

274 3783 384 3839 tatem
413 3783 525 3854 tuam,
561 3793 666 3855 quam
699 3773 733 3836 in
758 3771 952 3836 minoribus
974 3770 1157 3835 constituti
1180 3771 1409 3854 peculiariter
1432 3770 1565 3837 dilexi·

275 3903 363 3963 mus,
387 3900 578 3962 sumusque
602 3879 771 3962 deinceps
794 3888 944 3962 paterne
968 3877 1149 3958 dilecturi,
1178 3879 1303 3961 adeat,
1327 3888 1566 3961 nostramque

276 3991 308 4054 ei
333 3991 379 4053 ad
404 3990 735 4055 communebonum
750 4006 964 4069 propensam
979 3988 1200 4049 voluntatem
1224 3996 1392 4068 exponat,
1416 3986 1566 4068 plenius

275 4101 320 4162 ab
344 4097 417 4178 illo,
442 4095 501 4178 qui
517 4097 753 4177 subsequetur
770 4093 1030 4176 explicandam.
1078 4092 1153 4155 Nos
1177 4100 1297 4155 autem
1324 4091 1566 4157 Nobilitatem

275 4215 372 4268 tuam
396 4222 462 4285 pro
488 4215 548 4266 tuo
574 4200 712 4283 officio,
738 4221 844 4283 quum
876 4200 968 4264 sacri
992 4199 1136 4282 Imperii
1159 4199 1350 4265 Romanae
1373 4197 1567 4263 Ecclesiae

276 4310 442 4374 advocati
467 4311 673 4389 membrum,
697 4317 804 4389 atque
827 4305 972 4371 Elector
996 4306 1050 4369 his
1066 4314 1216 4388 paterne
1233 4306 1426 4387 hortamur,
1451 4315 1488 4370 et
1516 4327 1568 4370 ex

276 4417 391 4481 animo
416 4415 637 4498 requirimus,
661 4425 700 4477 ut
723 4416 769 4478 ad
794 4413 1005 4496 dignitatem
1019 4411 1253 4496 Apostolicae
1270 4407 1386 4494 Sedis,
1409 4411 1482 4476 imo
1508 4435 1568 4477 sa·

275 4526 386 4587 lutem
411 4535 447 4587 et
470 4522 762 4604 tranquillitatem
787 4522 894 4585 totius
920 4520 1142 4584 Christianae
1167 4519 1425 4604 Reipublicae,
1456 4540 1569 4586 sanc·

276 4642 418 4713 tamque
441 4630 549 4694 fidem
573 4628 742 4692 tuendam
766 4628 968 4709 incumbas,
998 4626 1101 4690 sicuti
1132 4625 1183 4688 tui
1214 4625 1383 4709 maiores,
1407 4646 1569 4708 quorum

275 4737 427 4821 gloriam
459 4737 495 4802 in
528 4735 657 4801 ceteris
680 4734 827 4817 auxisti,
864 4754 934 4798 non
965 4732 1139 4814 minuisti,
1168 4733 1423 4814 incubuerunt,
1456 4742 1497 4796 et
1528 4743 1569 4800 te

275 4845 515 4911 incubiturum
539 4841 755 4909 confidimus.
802 4841 903 4906 Haec
927 4849 1046 4906 autem
1070 4838 1311 4925 Hieronymus
1344 4838 1422 4924 ipse
1449 4840 1569 4924 pluri-
