<?xml version="1.0" encoding="UTF-8"?>
<!DOCTYPE html PUBLIC "-//W3C//DTD XHTML 1.0 Transitional//EN"
    "http://www.w3.org/TR/xhtml1/DTD/xhtml1-transitional.dtd">
<html xmlns="http://www.w3.org/1999/xhtml" xml:lang="en" lang="en">
 <head>
  <title>
</title>
<meta http-equiv="Content-Type" content="text/html;charset=utf-8" />
  <meta name='ocr-system' content='tesseract 3.04.00' />
  <meta name='ocr-capabilities' content='ocr_page ocr_carea ocr_par ocr_line ocrx_word'/>
</head>
<body>
  <div class='ocr_page' id='page_1' title='image "./monumentareform00unkngoog_0446.png"; bbox 0 0 3425 5700; ppageno 0'>
   <div class='ocr_carea' id='block_1_1' title="bbox 828 591 1075 680">
    <p class='ocr_par' dir='ltr' id='par_1_1' title="bbox 828 591 1075 680">
     <span class='ocr_line' id='line_1_1' title="bbox 828 591 1075 680; baseline -0.012 -28"><span class='ocrx_word' id='word_1_1' title='bbox 828 591 1075 680; x_wconf 46' lang='lat' dir='ltr'>wieres</span> 
     </span>
    </p>
   </div>
   <div class='ocr_carea' id='block_1_2' title="bbox 567 938 1347 1166">
    <p class='ocr_par' dir='ltr' id='par_1_2' title="bbox 567 938 1347 1166">
     <span class='ocr_line' id='line_1_2' title="bbox 917 938 990 1004; baseline 0.027 -2"><span class='ocrx_word' id='word_1_2' title='bbox 917 938 990 1004; x_wconf 90' lang='lat'>183.</span> 
     </span>
     <span class='ocr_line' id='line_1_3' title="bbox 567 1061 1347 1166; baseline -0.001 -22"><span class='ocrx_word' id='word_1_3' title='bbox 567 1065 765 1166; x_wconf 74' lang='lat' dir='ltr'><strong>Episcopus</strong></span> <span class='ocrx_word' id='word_1_4' title='bbox 792 1063 1023 1145; x_wconf 74' lang='lat' dir='ltr'>Tridentinus</span> <span class='ocrx_word' id='word_1_5' title='bbox 1051 1061 1224 1144; x_wconf 77' lang='lat' dir='ltr'><strong>Clementi</strong></span> <span class='ocrx_word' id='word_1_6' title='bbox 1251 1062 1347 1143; x_wconf 65' lang='lat' dir='ltr'>VH:</span> 
     </span>
    </p>
   </div>
   <div class='ocr_carea' id='block_1_3' title="bbox 763 1199 1146 1380">
    <p class='ocr_par' dir='ltr' id='par_1_3' title="bbox 763 1199 1146 1380">
     <span class='ocr_line' id='line_1_4' title="bbox 763 1199 1146 1276; baseline -0.005 -14"><span class='ocrx_word' id='word_1_7' title='bbox 763 1201 865 1276; x_wconf 69' lang='lat' dir='ltr'>(lpus</span> <span class='ocrx_word' id='word_1_8' title='bbox 883 1199 1003 1276; x_wconf 66' lang='lat' dir='ltr'>rmus.</span> <span class='ocrx_word' id='word_1_9' title='bbox 1021 1201 1058 1260; x_wconf 83' lang='lat'>11.</span> <span class='ocrx_word' id='word_1_10' title='bbox 1078 1199 1146 1274; x_wconf 64' lang='grc' dir='ltr'>ὅθι)</span> 
     </span>
     <span class='ocr_line' id='line_1_5' title="bbox 783 1313 1121 1380; baseline 0.009 -17"><span class='ocrx_word' id='word_1_11' title='bbox 783 1315 836 1380; x_wconf 87' lang='lat'><strong>(¹7·</strong></span> <span class='ocrx_word' id='word_1_12' title='bbox 856 1313 1013 1364; x_wconf 80' lang='lat' dir='ltr'>Decembrls</span> <span class='ocrx_word' id='word_1_13' title='bbox 1035 1319 1121 1378; x_wconf 69' lang='lat'>1524}</span> 
     </span>
    </p>
   </div>
   <div class='ocr_carea' id='block_1_4' title="bbox 311 1432 1594 2784">
    <p class='ocr_par' dir='ltr' id='par_1_4' title="bbox 311 1432 1594 2784">
     <span class='ocr_line' id='line_1_6' title="bbox 445 1432 1589 1521; baseline -0.001 -19"><span class='ocrx_word' id='word_1_14' title='bbox 445 1438 655 1502; x_wconf 74' lang='lat' dir='ltr'>Beatissimo</span> <span class='ocrx_word' id='word_1_15' title='bbox 670 1438 779 1502; x_wconf 85' lang='lat' dir='ltr'>Pater</span> <span class='ocrx_word' id='word_1_16' title='bbox 794 1432 947 1501; x_wconf 85' lang='lat' dir='ltr'>Domine</span> <span class='ocrx_word' id='word_1_17' title='bbox 963 1435 1113 1500; x_wconf 81' lang='lat' dir='ltr'>Domine</span> <span class='ocrx_word' id='word_1_18' title='bbox 1138 1437 1396 1517; x_wconf 86' lang='lat' dir='ltr'>colendissime,</span> <span class='ocrx_word' id='word_1_19' title='bbox 1414 1444 1497 1521; x_wconf 88' lang='lat' dir='ltr'>post</span> <span class='ocrx_word' id='word_1_20' title='bbox 1512 1436 1589 1501; x_wconf 86' lang='lat' dir='ltr'>hea-</span> 
     </span>
     <span class='ocr_line' id='line_1_7' title="bbox 311 1543 1589 1628; baseline 0 -20"><span class='ocrx_word' id='word_1_21' title='bbox 311 1554 427 1609; x_wconf 90' lang='lat' dir='ltr'>torum</span> <span class='ocrx_word' id='word_1_22' title='bbox 450 1547 581 1628; x_wconf 90' lang='lat' dir='ltr'>pedum</span> <span class='ocrx_word' id='word_1_23' title='bbox 605 1548 744 1625; x_wconf 91' lang='lat' dir='ltr'>oscula,</span> <span class='ocrx_word' id='word_1_24' title='bbox 769 1543 999 1607; x_wconf 87' lang='lat' dir='ltr'>humillimam</span> <span class='ocrx_word' id='word_1_25' title='bbox 1024 1543 1203 1606; x_wconf 90' lang='lat' dir='ltr'>servitutis</span> <span class='ocrx_word' id='word_1_26' title='bbox 1234 1565 1335 1608; x_wconf 88' lang='lat' dir='ltr'>meae</span> <span class='ocrx_word' id='word_1_27' title='bbox 1365 1545 1589 1622; x_wconf 84' lang='lat' dir='ltr'>oblationem,</span> 
     </span>
     <span class='ocr_line' id='line_1_8' title="bbox 312 1643 1590 1716; baseline -0.002 0"><span class='ocrx_word' id='word_1_28' title='bbox 312 1660 348 1716; x_wconf 88' lang='lat' dir='ltr'>et</span> <span class='ocrx_word' id='word_1_29' title='bbox 371 1652 538 1716; x_wconf 86' lang='lat' dir='ltr'>devotam</span> <span class='ocrx_word' id='word_1_30' title='bbox 562 1645 914 1714; x_wconf 81' lang='lat' dir='ltr'>commendationem.</span> <span class='ocrx_word' id='word_1_31' title='bbox 957 1646 1069 1712; x_wconf 84' lang='lat' dir='ltr'>Redit</span> <span class='ocrx_word' id='word_1_32' title='bbox 1093 1643 1138 1712; x_wconf 90' lang='lat' dir='ltr'>ad</span> <span class='ocrx_word' id='word_1_33' title='bbox 1163 1647 1399 1714; x_wconf 74' lang='lat' dir='ltr'>sanctitatem</span> <span class='ocrx_word' id='word_1_34' title='bbox 1428 1651 1590 1714; x_wconf 86' lang='lat' dir='ltr'>Vestram</span> 
     </span>
     <span class='ocr_line' id='line_1_9' title="bbox 311 1751 1589 1842; baseline -0.002 -20"><span class='ocrx_word' id='word_1_35' title='bbox 311 1759 486 1842; x_wconf 84' lang='lat' dir='ltr'>Magister</span> <span class='ocrx_word' id='word_1_36' title='bbox 517 1758 645 1821; x_wconf 88' lang='lat' dir='ltr'>Petrus</span> <span class='ocrx_word' id='word_1_37' title='bbox 678 1757 933 1836; x_wconf 86' lang='lat' dir='ltr'>Salamancha,</span> <span class='ocrx_word' id='word_1_38' title='bbox 967 1756 1025 1838; x_wconf 91' lang='lat' dir='ltr'>qui</span> <span class='ocrx_word' id='word_1_39' title='bbox 1054 1757 1177 1839; x_wconf 89' lang='lat' dir='ltr'>paucis</span> <span class='ocrx_word' id='word_1_40' title='bbox 1209 1755 1292 1819; x_wconf 87' lang='lat' dir='ltr'>erite</span> <span class='ocrx_word' id='word_1_41' title='bbox 1317 1751 1444 1820; x_wconf 90' lang='lat' dir='ltr'>diebus</span> <span class='ocrx_word' id='word_1_42' title='bbox 1469 1760 1515 1820; x_wconf 87' lang='lat' dir='ltr'>ab</span> <span class='ocrx_word' id='word_1_43' title='bbox 1539 1779 1589 1820; x_wconf 88' lang='lat' dir='ltr'>ea-</span> 
     </span>
     <span class='ocr_line' id='line_1_10' title="bbox 311 1861 1591 1944; baseline -0.001 -15"><span class='ocrx_word' id='word_1_44' title='bbox 311 1866 392 1929; x_wconf 89' lang='lat' dir='ltr'>dem</span> <span class='ocrx_word' id='word_1_45' title='bbox 425 1867 471 1928; x_wconf 89' lang='lat' dir='ltr'>ad</span> <span class='ocrx_word' id='word_1_46' title='bbox 503 1863 773 1928; x_wconf 85' lang='lat' dir='ltr'>Serenisslmnm</span> <span class='ocrx_word' id='word_1_47' title='bbox 805 1863 1008 1944; x_wconf 86' lang='lat' dir='ltr'>Principem</span> <span class='ocrx_word' id='word_1_48' title='bbox 1038 1861 1227 1927; x_wconf 90' lang='lat' dir='ltr'>Dominum</span> <span class='ocrx_word' id='word_1_49' title='bbox 1255 1883 1373 1926; x_wconf 86' lang='lat' dir='ltr'>meum</span> <span class='ocrx_word' id='word_1_50' title='bbox 1404 1865 1591 1928; x_wconf 89' lang='lat' dir='ltr'>observan-</span> 
     </span>
     <span class='ocr_line' id='line_1_11' title="bbox 312 1969 1590 2054; baseline -0.001 -19"><span class='ocrx_word' id='word_1_51' title='bbox 312 1974 395 2036; x_wconf 89' lang='lat' dir='ltr'>dum</span> <span class='ocrx_word' id='word_1_52' title='bbox 420 1975 465 2036; x_wconf 87' lang='lat' dir='ltr'>ad</span> <span class='ocrx_word' id='word_1_53' title='bbox 490 1971 664 2054; x_wconf 87' lang='lat' dir='ltr'>quaedam</span> <span class='ocrx_word' id='word_1_54' title='bbox 688 1969 835 2053; x_wconf 84' lang='lat' dir='ltr'>negotia</span> <span class='ocrx_word' id='word_1_55' title='bbox 851 1972 1036 2033; x_wconf 87' lang='lat' dir='ltr'>subeunda</span> <span class='ocrx_word' id='word_1_56' title='bbox 1057 1970 1182 2033; x_wconf 90' lang='lat' dir='ltr'>missus</span> <span class='ocrx_word' id='word_1_57' title='bbox 1197 1970 1325 2051; x_wconf 86' lang='lat' dir='ltr'>fuerat,</span> <span class='ocrx_word' id='word_1_58' title='bbox 1350 1969 1406 2033; x_wconf 92' lang='lat' dir='ltr'>cui</span> <span class='ocrx_word' id='word_1_59' title='bbox 1431 1969 1590 2053; x_wconf 89' lang='lat' dir='ltr'>equidem</span> 
     </span>
     <span class='ocr_line' id='line_1_12' title="bbox 313 2077 1591 2163; baseline 0 -21"><span class='ocrx_word' id='word_1_60' title='bbox 313 2081 363 2162; x_wconf 92' lang='lat' dir='ltr'>(ut</span> <span class='ocrx_word' id='word_1_61' title='bbox 386 2095 452 2163; x_wconf 87' lang='lat' dir='ltr'>par</span> <span class='ocrx_word' id='word_1_62' title='bbox 485 2083 574 2158; x_wconf 80' lang='lat' dir='ltr'>erat)</span> <span class='ocrx_word' id='word_1_63' title='bbox 604 2080 953 2161; x_wconf 87' lang='lat' dir='ltr'>quantulumcunque</span> <span class='ocrx_word' id='word_1_64' title='bbox 984 2078 1079 2140; x_wconf 91' lang='lat' dir='ltr'>vires</span> <span class='ocrx_word' id='word_1_65' title='bbox 1111 2099 1211 2141; x_wconf 89' lang='lat' dir='ltr'>meae</span> <span class='ocrx_word' id='word_1_66' title='bbox 1235 2077 1399 2157; x_wconf 86' lang='lat' dir='ltr'>fuerunt,</span> <span class='ocrx_word' id='word_1_67' title='bbox 1429 2079 1466 2141; x_wconf 91' lang='lat' dir='ltr'>in</span> <span class='ocrx_word' id='word_1_68' title='bbox 1497 2080 1591 2142; x_wconf 87' lang='lat' dir='ltr'>nullo</span> 
     </span>
     <span class='ocr_line' id='line_1_13' title="bbox 312 2183 1592 2268; baseline 0 -20"><span class='ocrx_word' id='word_1_69' title='bbox 312 2183 429 2268; x_wconf 83' lang='lat' dir='ltr'>defui,</span> <span class='ocrx_word' id='word_1_70' title='bbox 460 2185 544 2267; x_wconf 87' lang='lat' dir='ltr'>quin</span> <span class='ocrx_word' id='word_1_71' title='bbox 567 2205 624 2248; x_wconf 75' lang='lat' dir='ltr'>res</span> <span class='ocrx_word' id='word_1_72' title='bbox 648 2186 727 2265; x_wconf 91' lang='lat' dir='ltr'>ipsa</span> <span class='ocrx_word' id='word_1_73' title='bbox 750 2199 796 2247; x_wconf 85' lang='lat' dir='ltr'>ex</span> <span class='ocrx_word' id='word_1_74' title='bbox 820 2197 906 2247; x_wconf 90' lang='lat' dir='ltr'>voto</span> <span class='ocrx_word' id='word_1_75' title='bbox 936 2194 972 2246; x_wconf 89' lang='lat' dir='ltr'>et</span> <span class='ocrx_word' id='word_1_76' title='bbox 996 2183 1185 2266; x_wconf 87' lang='lat' dir='ltr'>desyderio</span> <span class='ocrx_word' id='word_1_77' title='bbox 1211 2183 1418 2248; x_wconf 84' lang='lat' dir='ltr'>Sanctitatis</span> <span class='ocrx_word' id='word_1_78' title='bbox 1442 2184 1592 2248; x_wconf 77' lang='lat' dir='ltr'>Vestrae</span> 
     </span>
     <span class='ocr_line' id='line_1_14' title="bbox 313 2290 1593 2373; baseline -0.002 -17"><span class='ocrx_word' id='word_1_79' title='bbox 313 2293 537 2371; x_wconf 84' lang='lat' dir='ltr'>succederet,</span> <span class='ocrx_word' id='word_1_80' title='bbox 569 2291 719 2373; x_wconf 88' lang='lat' dir='ltr'>proinde</span> <span class='ocrx_word' id='word_1_81' title='bbox 743 2290 792 2353; x_wconf 92' lang='lat' dir='ltr'>nil</span> <span class='ocrx_word' id='word_1_82' title='bbox 817 2295 871 2353; x_wconf 86' lang='lat' dir='ltr'>est</span> <span class='ocrx_word' id='word_1_83' title='bbox 895 2293 991 2371; x_wconf 88' lang='lat' dir='ltr'>quod</span> <span class='ocrx_word' id='word_1_84' title='bbox 1015 2301 1163 2372; x_wconf 92' lang='lat' dir='ltr'>propter</span> <span class='ocrx_word' id='word_1_85' title='bbox 1186 2300 1396 2373; x_wconf 86' lang='lat' dir='ltr'>perpetuam</span> <span class='ocrx_word' id='word_1_86' title='bbox 1420 2311 1536 2354; x_wconf 89' lang='lat' dir='ltr'>meam</span> <span class='ocrx_word' id='word_1_87' title='bbox 1558 2291 1593 2354; x_wconf 87' lang='lat' dir='ltr'>in</span> 
     </span>
     <span class='ocr_line' id='line_1_15' title="bbox 314 2395 1593 2480; baseline -0.001 -19"><span class='ocrx_word' id='word_1_88' title='bbox 314 2396 545 2461; x_wconf 87' lang='lat' dir='ltr'>Sanctitatern</span> <span class='ocrx_word' id='word_1_89' title='bbox 571 2396 736 2460; x_wconf 85' lang='lat' dir='ltr'>Vestram</span> <span class='ocrx_word' id='word_1_90' title='bbox 762 2407 797 2459; x_wconf 90' lang='lat' dir='ltr'>et</span> <span class='ocrx_word' id='word_1_91' title='bbox 821 2395 954 2459; x_wconf 86' lang='lat' dir='ltr'>Sedem</span> <span class='ocrx_word' id='word_1_92' title='bbox 985 2397 1231 2480; x_wconf 87' lang='lat' dir='ltr'>Apostolicam</span> <span class='ocrx_word' id='word_1_93' title='bbox 1262 2397 1469 2460; x_wconf 87' lang='lat' dir='ltr'>servitutem</span> <span class='ocrx_word' id='word_1_94' title='bbox 1502 2399 1593 2460; x_wconf 92' lang='lat' dir='ltr'>ultro</span> 
     </span>
     <span class='ocr_line' id='line_1_16' title="bbox 313 2503 1592 2586; baseline -0.003 -16"><span class='ocrx_word' id='word_1_95' title='bbox 313 2524 384 2570; x_wconf 88' lang='lat' dir='ltr'>non</span> <span class='ocrx_word' id='word_1_96' title='bbox 396 2507 561 2582; x_wconf 89' lang='lat' dir='ltr'>subirem,</span> <span class='ocrx_word' id='word_1_97' title='bbox 579 2507 744 2586; x_wconf 91' lang='lat' dir='ltr'>quodque</span> <span class='ocrx_word' id='word_1_98' title='bbox 761 2507 807 2567; x_wconf 91' lang='lat' dir='ltr'>ob</span> <span class='ocrx_word' id='word_1_99' title='bbox 823 2503 1136 2585; x_wconf 87' lang='lat' dir='ltr'>propensissimam</span> <span class='ocrx_word' id='word_1_100' title='bbox 1162 2503 1388 2566; x_wconf 87' lang='lat' dir='ltr'>devotionem</span> <span class='ocrx_word' id='word_1_101' title='bbox 1414 2515 1449 2566; x_wconf 89' lang='lat' dir='ltr'>et</span> <span class='ocrx_word' id='word_1_102' title='bbox 1473 2506 1592 2566; x_wconf 88' lang='lat' dir='ltr'>obser·</span> 
     </span>
     <span class='ocr_line' id='line_1_17' title="bbox 315 2609 1594 2695; baseline -0.003 -19"><span class='ocrx_word' id='word_1_103' title='bbox 315 2613 483 2695; x_wconf 87' lang='lat' dir='ltr'>vantiam,</span> <span class='ocrx_word' id='word_1_104' title='bbox 509 2633 579 2694; x_wconf 90' lang='lat' dir='ltr'>qua</span> <span class='ocrx_word' id='word_1_105' title='bbox 603 2631 670 2674; x_wconf 85' lang='lat' dir='ltr'>ram</span> <span class='ocrx_word' id='word_1_106' title='bbox 697 2611 828 2673; x_wconf 90' lang='lat' dir='ltr'>dudum</span> <span class='ocrx_word' id='word_1_107' title='bbox 853 2609 968 2673; x_wconf 88' lang='lat' dir='ltr'>eidem</span> <span class='ocrx_word' id='word_1_108' title='bbox 994 2629 1048 2672; x_wconf 89' lang='lat' dir='ltr'>me</span> <span class='ocrx_word' id='word_1_109' title='bbox 1063 2614 1173 2671; x_wconf 90' lang='lat' dir='ltr'>toturn</span> <span class='ocrx_word' id='word_1_110' title='bbox 1193 2610 1333 2691; x_wconf 86' lang='lat' dir='ltr'>devovi,</span> <span class='ocrx_word' id='word_1_111' title='bbox 1357 2609 1477 2672; x_wconf 88' lang='lat' dir='ltr'>facere</span> <span class='ocrx_word' id='word_1_112' title='bbox 1494 2630 1594 2691; x_wconf 91' lang='lat' dir='ltr'>prae·</span> 
     </span>
     <span class='ocr_line' id='line_1_18' title="bbox 313 2719 555 2784; baseline 0 -1"><span class='ocrx_word' id='word_1_113' title='bbox 313 2719 555 2784; x_wconf 87' lang='lat' dir='ltr'>termitterem.</span> 
     </span>
    </p>
   </div>
   <div class='ocr_carea' id='block_1_5' title="bbox 311 2840 1600 3990">
    <p class='ocr_par' dir='ltr' id='par_1_5' title="bbox 311 2840 1600 3990">
     <span class='ocr_line' id='line_1_19' title="bbox 402 2840 1596 2927; baseline -0.003 -19"><span class='ocrx_word' id='word_1_114' title='bbox 402 2844 505 2927; x_wconf 82' lang='lat' dir='ltr'>Quod</span> <span class='ocrx_word' id='word_1_115' title='bbox 529 2864 615 2907; x_wconf 88' lang='lat' dir='ltr'>vero</span> <span class='ocrx_word' id='word_1_116' title='bbox 639 2843 686 2906; x_wconf 91' lang='lat' dir='ltr'>ad</span> <span class='ocrx_word' id='word_1_117' title='bbox 709 2865 785 2907; x_wconf 88' lang='lat' dir='ltr'>rem</span> <span class='ocrx_word' id='word_1_118' title='bbox 810 2840 956 2906; x_wconf 89' lang='lat' dir='ltr'>Lutheri</span> <span class='ocrx_word' id='word_1_119' title='bbox 981 2841 1144 2925; x_wconf 88' lang='lat' dir='ltr'>pertinet,</span> <span class='ocrx_word' id='word_1_120' title='bbox 1170 2840 1275 2903; x_wconf 88' lang='lat' dir='ltr'>video</span> <span class='ocrx_word' id='word_1_121' title='bbox 1301 2841 1336 2904; x_wconf 93' lang='lat' dir='ltr'>in</span> <span class='ocrx_word' id='word_1_122' title='bbox 1362 2841 1438 2904; x_wconf 90' lang='lat' dir='ltr'>dies</span> <span class='ocrx_word' id='word_1_123' title='bbox 1463 2843 1596 2905; x_wconf 89' lang='lat' dir='ltr'>malurn</span> 
     </span>
     <span class='ocr_line' id='line_1_20' title="bbox 312 2946 1596 3033; baseline -0.003 -18"><span class='ocrx_word' id='word_1_124' title='bbox 312 2952 398 3016; x_wconf 93' lang='lat' dir='ltr'>illud</span> <span class='ocrx_word' id='word_1_125' title='bbox 422 2950 526 3014; x_wconf 87' lang='lat' dir='ltr'>latius</span> <span class='ocrx_word' id='word_1_126' title='bbox 551 2970 707 3033; x_wconf 84' lang='lat' dir='ltr'>serpere,</span> <span class='ocrx_word' id='word_1_127' title='bbox 732 2950 893 3030; x_wconf 88' lang='lat' dir='ltr'>aliosque</span> <span class='ocrx_word' id='word_1_128' title='bbox 916 2951 1070 3031; x_wconf 91' lang='lat' dir='ltr'>populos</span> <span class='ocrx_word' id='word_1_129' title='bbox 1093 2948 1247 3011; x_wconf 86' lang='lat' dir='ltr'>inficere.</span> <span class='ocrx_word' id='word_1_130' title='bbox 1273 2948 1407 3010; x_wconf 89' lang='lat' dir='ltr'>Verum</span> <span class='ocrx_word' id='word_1_131' title='bbox 1431 2948 1461 3010; x_wconf 91' lang='lat' dir='ltr'>si</span> <span class='ocrx_word' id='word_1_132' title='bbox 1485 2946 1596 3011; x_wconf 86' lang='lat' dir='ltr'>Sanc·</span> 
     </span>
     <span class='ocr_line' id='line_1_21' title="bbox 313 3054 1596 3137; baseline -0.002 -17"><span class='ocrx_word' id='word_1_133' title='bbox 313 3059 396 3121; x_wconf 89' lang='lat' dir='ltr'>titas</span> <span class='ocrx_word' id='word_1_134' title='bbox 420 3054 551 3120; x_wconf 87' lang='lat' dir='ltr'>Vestra</span> <span class='ocrx_word' id='word_1_135' title='bbox 583 3056 714 3137; x_wconf 87' lang='lat' dir='ltr'>inqua</span> <span class='ocrx_word' id='word_1_136' title='bbox 738 3056 851 3118; x_wconf 90' lang='lat' dir='ltr'>omnis</span> <span class='ocrx_word' id='word_1_137' title='bbox 875 3076 958 3136; x_wconf 91' lang='lat' dir='ltr'>spes</span> <span class='ocrx_word' id='word_1_138' title='bbox 992 3056 1140 3136; x_wconf 88' lang='lat' dir='ltr'>residet,</span> <span class='ocrx_word' id='word_1_139' title='bbox 1172 3074 1239 3136; x_wconf 87' lang='lat' dir='ltr'>pro</span> <span class='ocrx_word' id='word_1_140' title='bbox 1267 3056 1381 3118; x_wconf 89' lang='lat' dir='ltr'>salute</span> <span class='ocrx_word' id='word_1_141' title='bbox 1405 3055 1596 3136; x_wconf 88' lang='lat' dir='ltr'>Reipubli-</span> 
     </span>
     <span class='ocr_line' id='line_1_22' title="bbox 313 3162 1597 3244; baseline 0 -17"><span class='ocrx_word' id='word_1_142' title='bbox 313 3185 377 3227; x_wconf 88' lang='lat' dir='ltr'>cae</span> <span class='ocrx_word' id='word_1_143' title='bbox 413 3162 542 3226; x_wconf 84' lang='lat' dir='ltr'>Christi</span> <span class='ocrx_word' id='word_1_144' title='bbox 577 3162 750 3244; x_wconf 85' lang='lat' dir='ltr'>erigenda</span> <span class='ocrx_word' id='word_1_145' title='bbox 790 3162 1060 3225; x_wconf 90' lang='lat' dir='ltr'>ellaborandum</span> <span class='ocrx_word' id='word_1_146' title='bbox 1094 3162 1398 3243; x_wconf 88' lang='lat' dir='ltr'>perseveraverit,</span> <span class='ocrx_word' id='word_1_147' title='bbox 1437 3172 1476 3223; x_wconf 94' lang='lat' dir='ltr'>ut</span> <span class='ocrx_word' id='word_1_148' title='bbox 1512 3164 1597 3227; x_wconf 90' lang='lat' dir='ltr'>hac-</span> 
     </span>
     <span class='ocr_line' id='line_1_23' title="bbox 313 3268 1599 3351; baseline -0.001 -17"><span class='ocrx_word' id='word_1_149' title='bbox 313 3280 414 3334; x_wconf 88' lang='lat' dir='ltr'>tenus</span> <span class='ocrx_word' id='word_1_150' title='bbox 439 3279 474 3333; x_wconf 88' lang='lat' dir='ltr'>et</span> <span class='ocrx_word' id='word_1_151' title='bbox 497 3268 597 3349; x_wconf 84' lang='lat' dir='ltr'>fecit,</span> <span class='ocrx_word' id='word_1_152' title='bbox 631 3280 666 3331; x_wconf 91' lang='lat' dir='ltr'>et</span> <span class='ocrx_word' id='word_1_153' title='bbox 696 3269 731 3331; x_wconf 91' lang='lat' dir='ltr'>in</span> <span class='ocrx_word' id='word_1_154' title='bbox 763 3278 945 3351; x_wconf 90' lang='lat' dir='ltr'>posterum</span> <span class='ocrx_word' id='word_1_155' title='bbox 981 3289 1060 3331; x_wconf 87' lang='lat' dir='ltr'>eam</span> <span class='ocrx_word' id='word_1_156' title='bbox 1089 3268 1263 3330; x_wconf 86' lang='lat' dir='ltr'>facturam</span> <span class='ocrx_word' id='word_1_157' title='bbox 1296 3288 1366 3331; x_wconf 90' lang='lat' dir='ltr'>non</span> <span class='ocrx_word' id='word_1_158' title='bbox 1400 3268 1599 3351; x_wconf 83' lang='lat' dir='ltr'>dubitatur,</span> 
     </span>
     <span class='ocr_line' id='line_1_24' title="bbox 313 3374 1600 3457; baseline 0.002 -18"><span class='ocrx_word' id='word_1_159' title='bbox 313 3398 386 3439; x_wconf 91' lang='lat' dir='ltr'>rem</span> <span class='ocrx_word' id='word_1_160' title='bbox 422 3384 499 3439; x_wconf 92' lang='lat' dir='ltr'>tuto</span> <span class='ocrx_word' id='word_1_161' title='bbox 534 3377 614 3439; x_wconf 92' lang='lat' dir='ltr'>loco</span> <span class='ocrx_word' id='word_1_162' title='bbox 647 3378 831 3457; x_wconf 87' lang='lat' dir='ltr'>quiescere</span> <span class='ocrx_word' id='word_1_163' title='bbox 867 3374 1004 3456; x_wconf 90' lang='lat' dir='ltr'>sperari</span> <span class='ocrx_word' id='word_1_164' title='bbox 1037 3374 1185 3456; x_wconf 87' lang='lat' dir='ltr'>poterit,</span> <span class='ocrx_word' id='word_1_165' title='bbox 1218 3376 1349 3456; x_wconf 89' lang='lat' dir='ltr'>alioqui</span> <span class='ocrx_word' id='word_1_166' title='bbox 1380 3380 1457 3457; x_wconf 89' lang='lat' dir='ltr'>(nec</span> <span class='ocrx_word' id='word_1_167' title='bbox 1486 3376 1600 3441; x_wconf 81' lang='lat' dir='ltr'>facile</span> 
     </span>
     <span class='ocr_line' id='line_1_25' title="bbox 314 3478 1600 3564; baseline 0.002 -20"><span class='ocrx_word' id='word_1_168' title='bbox 314 3481 476 3564; x_wconf 87' lang='lat' dir='ltr'>dixerim)</span> <span class='ocrx_word' id='word_1_169' title='bbox 500 3502 645 3564; x_wconf 89' lang='lat' dir='ltr'>prorsus</span> <span class='ocrx_word' id='word_1_170' title='bbox 670 3492 787 3543; x_wconf 87' lang='lat' dir='ltr'>actum</span> <span class='ocrx_word' id='word_1_171' title='bbox 811 3501 890 3543; x_wconf 90' lang='lat' dir='ltr'>esse</span> <span class='ocrx_word' id='word_1_172' title='bbox 916 3480 1059 3561; x_wconf 90' lang='lat' dir='ltr'>dubito,</span> <span class='ocrx_word' id='word_1_173' title='bbox 1091 3482 1386 3562; x_wconf 89' lang='lat' dir='ltr'>quemadmodum</span> <span class='ocrx_word' id='word_1_174' title='bbox 1414 3478 1600 3547; x_wconf 87' lang='lat' dir='ltr'>Sanctitas</span> 
     </span>
     <span class='ocr_line' id='line_1_26' title="bbox 313 3582 1600 3671; baseline 0.003 -21"><span class='ocrx_word' id='word_1_175' title='bbox 313 3588 444 3652; x_wconf 90' lang='lat' dir='ltr'>Vestra</span> <span class='ocrx_word' id='word_1_176' title='bbox 475 3609 521 3651; x_wconf 87' lang='lat' dir='ltr'>ex</span> <span class='ocrx_word' id='word_1_177' title='bbox 544 3587 623 3671; x_wconf 92' lang='lat' dir='ltr'>ipso</span> <span class='ocrx_word' id='word_1_178' title='bbox 647 3587 822 3668; x_wconf 82' lang='lat' dir='ltr'>Magistro</span> <span class='ocrx_word' id='word_1_179' title='bbox 845 3588 953 3651; x_wconf 89' lang='lat' dir='ltr'>Petro</span> <span class='ocrx_word' id='word_1_180' title='bbox 971 3582 1132 3651; x_wconf 76' lang='lat' dir='ltr'>diffusius</span> <span class='ocrx_word' id='word_1_181' title='bbox 1148 3586 1334 3669; x_wconf 84' lang='lat' dir='ltr'>intelliget,</span> <span class='ocrx_word' id='word_1_182' title='bbox 1359 3608 1450 3670; x_wconf 89' lang='lat' dir='ltr'>quae</span> <span class='ocrx_word' id='word_1_183' title='bbox 1474 3590 1600 3654; x_wconf 87' lang='lat' dir='ltr'>omnia</span> 
     </span>
     <span class='ocr_line' id='line_1_27' title="bbox 312 3693 1600 3781; baseline 0.002 -24"><span class='ocrx_word' id='word_1_184' title='bbox 312 3717 357 3757; x_wconf 89' lang='lat' dir='ltr'>ex</span> <span class='ocrx_word' id='word_1_185' title='bbox 381 3695 501 3757; x_wconf 88' lang='lat' dir='ltr'>debito</span> <span class='ocrx_word' id='word_1_186' title='bbox 527 3695 706 3758; x_wconf 90' lang='lat' dir='ltr'>servitutis</span> <span class='ocrx_word' id='word_1_187' title='bbox 730 3714 830 3757; x_wconf 89' lang='lat' dir='ltr'>meae</span> <span class='ocrx_word' id='word_1_188' title='bbox 855 3694 891 3756; x_wconf 90' lang='lat' dir='ltr'>in</span> <span class='ocrx_word' id='word_1_189' title='bbox 916 3714 994 3757; x_wconf 87' lang='lat' dir='ltr'>eam</span> <span class='ocrx_word' id='word_1_190' title='bbox 1019 3716 1063 3757; x_wconf 83' lang='lat' dir='ltr'>ex</span> <span class='ocrx_word' id='word_1_191' title='bbox 1089 3696 1197 3757; x_wconf 92' lang='lat' dir='ltr'>corde</span> <span class='ocrx_word' id='word_1_192' title='bbox 1231 3693 1465 3776; x_wconf 84' lang='lat' dir='ltr'>significanda</span> <span class='ocrx_word' id='word_1_193' title='bbox 1496 3699 1600 3781; x_wconf 86' lang='lat' dir='ltr'>duxi,</span> 
     </span>
     <span class='ocr_line' id='line_1_28' title="bbox 312 3798 1600 3886; baseline 0.004 -23"><span class='ocrx_word' id='word_1_194' title='bbox 312 3801 367 3863; x_wconf 92' lang='lat' dir='ltr'>cui</span> <span class='ocrx_word' id='word_1_195' title='bbox 392 3822 447 3864; x_wconf 90' lang='lat' dir='ltr'>me</span> <span class='ocrx_word' id='word_1_196' title='bbox 472 3809 508 3863; x_wconf 89' lang='lat' dir='ltr'>et</span> <span class='ocrx_word' id='word_1_197' title='bbox 531 3799 727 3864; x_wconf 87' lang='lat' dir='ltr'>Ecclesiam</span> <span class='ocrx_word' id='word_1_198' title='bbox 751 3820 849 3863; x_wconf 90' lang='lat' dir='ltr'>suam</span> <span class='ocrx_word' id='word_1_199' title='bbox 874 3798 1119 3863; x_wconf 87' lang='lat' dir='ltr'>Tridentinam</span> <span class='ocrx_word' id='word_1_200' title='bbox 1152 3800 1345 3864; x_wconf 89' lang='lat' dir='ltr'>humillime</span> <span class='ocrx_word' id='word_1_201' title='bbox 1370 3806 1600 3886; x_wconf 88' lang='lat' dir='ltr'>commendo,</span> 
     </span>
     <span class='ocr_line' id='line_1_29' title="bbox 311 3904 1600 3990; baseline 0.003 -18"><span class='ocrx_word' id='word_1_202' title='bbox 311 3917 348 3972; x_wconf 86' lang='lat' dir='ltr'>et</span> <span class='ocrx_word' id='word_1_203' title='bbox 370 3910 416 3971; x_wconf 89' lang='lat' dir='ltr'>ad</span> <span class='ocrx_word' id='word_1_204' title='bbox 441 3908 588 3990; x_wconf 90' lang='lat' dir='ltr'>quaevis</span> <span class='ocrx_word' id='word_1_205' title='bbox 612 3905 791 3971; x_wconf 90' lang='lat' dir='ltr'>servitutis</span> <span class='ocrx_word' id='word_1_206' title='bbox 816 3906 934 3971; x_wconf 83' lang='lat' dir='ltr'>officia</span> <span class='ocrx_word' id='word_1_207' title='bbox 959 3904 1213 3970; x_wconf 88' lang='lat' dir='ltr'>deditissimum</span> <span class='ocrx_word' id='word_1_208' title='bbox 1237 3927 1292 3970; x_wconf 89' lang='lat' dir='ltr'>me</span> <span class='ocrx_word' id='word_1_209' title='bbox 1308 3928 1449 3990; x_wconf 87' lang='lat' dir='ltr'>semper</span> <span class='ocrx_word' id='word_1_210' title='bbox 1467 3910 1600 3977; x_wconf 83' lang='lat' dir='ltr'>offere.</span> 
     </span>
    </p>
   </div>
   <div class='ocr_carea' id='block_1_6' title="bbox 399 4031 1287 4222">
    <p class='ocr_par' dir='ltr' id='par_1_6' title="bbox 399 4031 1287 4222">
     <span class='ocr_line' id='line_1_30' title="bbox 399 4031 1287 4114; baseline 0.003 -21"><span class='ocrx_word' id='word_1_211' title='bbox 399 4031 454 4093; x_wconf 89' lang='lat' dir='ltr'>Ex</span> <span class='ocrx_word' id='word_1_212' title='bbox 477 4032 679 4114; x_wconf 82' lang='lat' dir='ltr'>Inspruchg</span> <span class='ocrx_word' id='word_1_213' title='bbox 702 4032 813 4095; x_wconf 89' lang='lat' dir='ltr'>XVII</span> <span class='ocrx_word' id='word_1_214' title='bbox 837 4031 1044 4095; x_wconf 89' lang='lat' dir='ltr'>Decembris</span> <span class='ocrx_word' id='word_1_215' title='bbox 1068 4031 1287 4096; x_wconf 85' lang='lat' dir='ltr'>MDXXIV.</span> 
     </span>
     <span class='ocr_line' id='line_1_31' title="bbox 515 4155 684 4222; baseline 0.012 -3"><span class='ocrx_word' id='word_1_216' title='bbox 515 4157 554 4222; x_wconf 87' lang='lat' dir='ltr'>E.</span> <span class='ocrx_word' id='word_1_217' title='bbox 579 4155 616 4220; x_wconf 89' lang='lat' dir='ltr'>S.</span> <span class='ocrx_word' id='word_1_218' title='bbox 641 4158 684 4222; x_wconf 90' lang='lat' dir='ltr'>V.</span> 
     </span>
    </p>
   </div>
   <div class='ocr_carea' id='block_1_7' title="bbox 1093 4274 1464 4433">
    <p class='ocr_par' dir='ltr' id='par_1_7' title="bbox 1093 4274 1464 4433">
     <span class='ocr_line' id='line_1_32' title="bbox 1093 4274 1464 4336; baseline 0.019 -8"><span class='ocrx_word' id='word_1_219' title='bbox 1093 4279 1251 4330; x_wconf 84' lang='lat' dir='ltr'>Humillima</span> <span class='ocrx_word' id='word_1_220' title='bbox 1279 4282 1405 4331; x_wconf 76' lang='lat' dir='ltr'>Creature</span> <span class='ocrx_word' id='word_1_221' title='bbox 1433 4274 1464 4336; x_wconf 68' lang='grc' dir='ltr'>Ι.</span> 
     </span>
     <span class='ocr_line' id='line_1_33' title="bbox 1104 4369 1441 4433; baseline 0.015 -17"><span class='ocrx_word' id='word_1_222' title='bbox 1104 4369 1251 4433; x_wconf 86' lang='lat' dir='ltr'>Episcopus</span> <span class='ocrx_word' id='word_1_223' title='bbox 1272 4372 1293 4417; x_wconf 82' lang='grc' dir='ltr'>Τ</span> <span class='ocrx_word' id='word_1_224' title='bbox 1296 4372 1441 4421; x_wconf 88' lang='lat' dir='ltr'>ridentinus</span> 
     </span>
    </p>
   </div>
   <div class='ocr_carea' id='block_1_8' title="bbox 0 0 1720 5700">
    <p class='ocr_par' dir='ltr' id='par_1_8' title="bbox 0 0 1720 5700">
     <span class='ocr_line' id='line_1_34' title="bbox 0 0 1720 5700; baseline 0 0"><span class='ocrx_word' id='word_1_225' title='bbox 0 0 1720 5700; x_wconf 95' lang='lat' dir='ltr'> </span> 
     </span>
    </p>
   </div>
  </div>
 </body>
</html>
