3425 5700
696 552 942 611 04553234

179 699 344 763 dubitare
368 701 453 782 quin
478 697 535 762 8¹¹⁸
550 700 594 765 D.
619 700 662 764 Ν.
690 701 786 763 bono
818 710 853 763 et
887 702 1055 784 prudenti
1092 704 1239 768 consilio
1276 726 1361 768 usus
1393 705 1461 768 sibi

182 806 359 869 silentium
392 808 437 870 de
468 806 616 870 Erasmo
646 807 899 891 imponendum
928 810 1140 883 censuisset;
1179 815 1343 895 velleque
1375 813 1461 875 illud

180 922 328 977 eatenus
351 934 496 977 servare
521 923 696 994 quatenus
720 914 757 977 S.
781 912 825 977 D.
851 914 893 979 N.
918 919 1107 981 mandasse
1129 920 1309 993 crederet;
1343 919 1379 982 id
1408 930 1463 983 est

178 1029 217 1082 ut
247 1040 268 1083 a
302 1020 551 1083 maledicentia
580 1020 614 1083 in
647 1020 829 1085 Erasmum
858 1023 1064 1088 nominatim
1089 1027 1293 1088 exercenda
1315 1045 1462 1108 prorsus

178 1127 385 1209 abstineret,
410 1136 517 1209 prout
539 1126 715 1191 iacturum
740 1149 778 1192 se
803 1129 933 1192 seiam
958 1140 1042 1193 tunc
1065 1132 1245 1213 pollicitus
1265 1148 1329 1212 est,
1353 1135 1460 1215 plane

179 1234 393 1315 promittens
423 1256 462 1297 se
493 1235 677 1298 Erasmum
713 1236 865 1316 amplius
896 1237 1114 1301 haereticum
1137 1241 1321 1321 appellare
1356 1241 1461 1320 nolle,

179 1350 286 1421 prout
313 1340 412 1423 prius
436 1341 625 1423 aliquoties
655 1344 714 1404 vel
739 1342 877 1405 dixisse
910 1345 969 1406 vel
997 1345 1123 1407 saltem
1153 1344 1310 1409 innuisse
1341 1366 1379 1408 se
1403 1346 1461 1409 nri-

180 1447 273 1510 nime
298 1446 537 1529 inficiebatur,
557 1464 645 1511 'non
671 1448 813 1530 quidem
837 1450 919 1512 odio
943 1470 1119 1531 personae
1143 1453 1189 1514 ad
1212 1452 1247 1514 id
1272 1453 1463 1516 adductum

181 1574 286 1635 quam
313 1576 382 1617 una
406 1576 485 1618 cum
509 1556 637 1618 litteris
660 1576 801 1637 semper
825 1567 993 1637 amasset,
1027 1560 1089 1621 sed
1114 1560 1190 1621 zelo
1214 1558 1297 1622 fidei
1321 1560 1377 1623 cui
1402 1580 1461 1622 ex-

180 1661 306 1742 pedire
331 1662 435 1725 immo
460 1662 697 1725 necessarium
723 1682 801 1725 esse
826 1663 1004 1743 duxisset,
1034 1662 1200 1727 fidelibus
1231 1666 1357 1747 quibus
1386 1686 1460 1730 ver-

180 1771 263 1830 bum
283 1768 351 1831 Dei
375 1790 422 1831 ex
446 1768 564 1831 officio
589 1770 806 1833 annunciare
831 1770 968 1850 debuit,
994 1772 1200 1852 patefacere
1224 1783 1260 1836 et
1283 1773 1462 1838 insinuare

181 1874 350 1955 quidnam
375 1876 420 1939 de
445 1875 581 1938 Erasmi
611 1874 752 1958 scriptis
786 1896 854 1939 non
889 1877 1012 1959 paucis
1044 1878 1247 1959 pernitiosis
1282 1880 1464 1943 erroribus

180 1983 315 2063 ubique
339 1983 529 2064 respersis,
566 1984 699 2046 sentire
724 1984 915 2064 deberent,
948 2005 993 2047 ne
1029 1985 1196 2049 videlicet
1226 1987 1359 2068 pariter
1384 2007 1462 2049 cum

182 2090 324 2153 mellitis
353 2101 388 2153 et
422 2090 555 2153 ornatis
582 2090 734 2153 hominis
766 2090 887 2153 verbis
920 2111 1060 2154 venena
1095 2113 1258 2155 sensuum
1293 2095 1359 2155 sub
1393 2092 1463 2155 illis

183 2196 333 2259 latentia
367 2197 580 2261 imbiberent
616 2206 650 2261 et
684 2209 722 2260 ut
757 2196 880 2259 videas
916 2195 1056 2283 (inquit)
1089 2200 1265 2280 quomodo
1298 2199 1462 2262 Erasmus

184 2323 273 2385 erga
297 2304 444 2367 Lutheri
468 2304 681 2368 diabolicum
707 2314 847 2386 ceptum
874 2313 910 2367 et
933 2303 1129 2368 institutum
1161 2309 1206 2369 ab
1231 2306 1331 2369 initio
1354 2306 1463 2369 fuerit

181 2410 353 2492 affectUS,
382 2411 472 2475 scito
496 2412 593 2473 illum
617 2412 651 2474 in
678 2412 828 2493 quadam
860 2411 1011 2493 epistola
1047 2415 1091 2476 ad
1123 2412 1335 2494 Lutherum,
1370 2433 1462 2495 quae

181 2519 300 2598 palam
327 2517 591 2599 circumfertur,
626 2518 813 2600 scripsisse
844 2518 932 2580 haec
963 2520 1093 2580 verba:
1117 2518 1218 2581 Haec
1249 2520 1366 2583 scribo
1390 2540 1461 2582 non

179 2634 219 2687 ut
243 2624 373 2706 facias,
411 2628 473 2688 sed
510 2637 547 2688 ut
585 2627 680 2707 quod
715 2624 819 2704 facis,
854 2635 1029 2707 perpetuo
1060 2624 1187 2699 facias3
1221 2645 1312 2707 quae
1336 2630 1459 2708 verba,

181 2732 304 2795 nescio
329 2730 466 2813 (inquit)
492 2753 562 2814 quo
587 2732 682 2795 facto
707 2752 729 2794 a
753 2752 930 2815 quoquam
961 2732 996 2793 in
1027 2734 1159 2795 bonam
1194 2743 1332 2814 partem
1355 2734 1460 2798 inter-

179 2839 315 2920 pretari
339 2848 503 2922 possent,
532 2850 593 2904 aut
624 2818 801 2922 quomodo
827 2859 896 2921 ego
920 2839 1134 2921 reprehendi
1157 2838 1193 2902 in
1218 2860 1260 2903 eo
1285 2841 1380 2922 quod
1405 2862 1461 2904 au·

180 2945 316 3008 ditores
353 2967 451 3010 meos
486 2947 652 3010 admonui
695 2967 739 3009 ne
775 2946 922 3009 Erasmo
957 2946 1104 3027 eiusque
1137 2946 1280 3027 scriptis
1319 2947 1462 3011 nimium

178 3051 344 3116 fiderent.
394 3055 493 3117 Haec
531 3065 566 3116 et
598 3055 652 3117 his
678 3053 805 3118 similia
828 3054 938 3116 multa
963 3053 1110 3117 adduxit
1134 3054 1179 3115 ad
1204 3055 1462 3119 ostendendum

179 3179 220 3222 se
244 3159 371 3222 merito
396 3171 432 3222 et
457 3183 503 3224 ex
527 3161 658 3224 iudicio
682 3160 787 3223 immo
821 3181 866 3223 ex
900 3160 1022 3223 debito
1053 3160 1089 3220 in
1114 3159 1296 3222 Erasmum
1327 3161 1460 3224 dixisse

179 3287 426 3349 quaecumque
451 3269 611 3349 dixisset,
637 3278 671 3330 et
696 3288 816 3329 omnes
841 3266 942 3329 verbi
957 3267 1025 3329 Dei
1040 3267 1458 3348 praedicatores-eadem

179 3374 301 3436 dicere
326 3375 503 3453 debuisse,
527 3377 595 3438 hoc
611 3373 763 3438 maxime
777 3383 938 3456 tempore
956 3394 1026 3454 quo
1041 3372 1202 3436 homines
1226 3375 1340 3455 magis
1364 3394 1458 3438 nova

179 3489 216 3542 et
232 3480 359 3543 insana
376 3483 545 3563 dogmata
568 3502 673 3564 quam
698 3501 801 3544 veras
826 3490 861 3543 et
885 3481 1078 3542 catholicas
1104 3479 1284 3544 doctrinas
1300 3481 1457 3563 prurien-

178 3587 275 3649 tibus
315 3589 460 3651 auribus
496 3588 715 3671 exciperent.
770 3588 849 3650 Hoc
877 3597 995 3649 tamen
1028 3585 1098 3648 fine
1132 3606 1330 3649 sermonem
1361 3608 1461 3650 suum

177 3694 364 3774 conclusit,
389 3704 427 3758 ut
451 3697 593 3759 omnino
627 3705 777 3775 negaret
815 3715 853 3756 se
886 3693 1074 3774 quicquam
1106 3692 1256 3774 amplius
1280 3695 1401 3756 acerbi
1424 3695 1459 3757 in

178 3801 364 3864 Erasmum
388 3803 592 3866 nominatim
618 3803 809 3881 dicturum,
842 3801 1032 3863 dummodo
1066 3811 1183 3863 tamen
1215 3800 1275 3863 ille
1305 3800 1460 3864 vicissim

176 3909 377 3972 abstineret
408 3931 429 3971 a
461 3910 650 3972 scribendo
682 3907 717 3970 in
753 3907 834 3971 fidei
865 3917 1152 3988 propugnatores
1184 3927 1228 3970 ea
1257 3928 1347 3989 quae
1381 3908 1459 3971 illos

178 4017 276 4097 apud
309 4019 480 4098 populum
512 4015 797 4097 contemptibiles
828 4024 863 4076 et
892 4013 1120 4094 auctoritate,
1149 4013 1277 4076 talibus
1308 4015 1459 4078 maxime

181 4123 396 4203 necessaria,
422 4133 584 4186 carentes
608 4122 759 4186 reddere
783 4131 941 4204 possent.
978 4121 1036 4183 Ad
1061 4122 1156 4202 quod
1180 4120 1277 4183 illum
1301 4121 1460 4184 similiter

176 4249 244 4312 per
268 4227 360 4292 S¹¹¹¹¹¹¹¹
384 4231 427 4293 D.
454 4229 495 4292 N.
525 4229 675 4311 astringi
699 4227 941 4310 supplicabam
973 4247 1089 4307 neque
1124 4227 1217 4289 enim
1248 4229 1319 4289 ullo
1351 4238 1458 4308 pacto

178 4335 310 4398 adduci
334 4337 451 4418 potuit
475 4347 513 4399 ut
537 4337 700 4399 crederet
724 4354 803 4398 esse
836 4334 963 4398 mentis
980 4331 1028 4394 δὴ
1049 4331 1144 4396 Suae
1163 4333 1310 4396 Erasmo
1327 4335 1459 4397 debere

177 4443 293 4507 libere
317 4443 475 4506 scribere
500 4463 744 4525 quaecumque
775 4442 884 4505 vellet
916 4440 950 4502 in
976 4440 1241 4521 praedicatores
1266 4440 1459 4503 catholicos

179 4569 313 4632 eosque
339 4550 434 4614 mille
459 4551 673 4632 contemptis
707 4560 743 4612 et
766 4549 922 4612 ridiculis
951 4546 1133 4610 vocabulis
1157 4548 1361 4628 appellare;
1386 4567 1457 4610 non

176 4657 287 4722 licere
311 4657 521 4721 autemillis
545 4676 623 4720 sese
643 4658 815 4720 adversus
839 4655 933 4718 illius
957 4655 1098 4735 scripta,
1122 4655 1232 4716 multo
1261 4651 1365 4715 latius
1396 4673 1455 4735 pa·

175 4765 290 4828 tentia
312 4764 433 4828 verbis
456 4784 540 4828 mox
565 4763 870 4843 evanescentibus,
901 4774 936 4824 et
956 4780 1095 4844 semper
1119 4759 1310 4841 loquentia,
1335 4759 1456 4823 defen·

176 4875 275 4937 dere.
324 4871 486 4954 Denique
510 4872 544 4934 in
571 4871 722 4953 epistola
747 4871 918 4952 quadam,
946 4889 1051 4951 quam
1085 4867 1179 4930 idem
1203 4867 1457 4949 Egmondanus
