3425 5700
888 809 920 872 4.

441 896 637 1014 instructio
665 955 728 1034 pm
755 933 905 1013 Domino
932 933 1149 1030 Hieronymo
1177 929 1365 1009 Aleandro.

723 1071 809 1141 (tota
828 1069 964 1129 Womae.
982 1069 1028 1128 iol.
1046 1069 1080 1137 l.)

352 1191 470 1254 Primo
496 1189 692 1253 advertatis
709 1211 753 1252 ne
771 1189 863 1252 inter
879 1211 944 1252 vos
960 1199 996 1252 et
1013 1188 1193 1251 dominum
1208 1188 1382 1266 Joannem
1399 1187 1541 1250 Echium

263 1298 445 1360 exoriatur
470 1297 589 1378 aliqua
612 1297 807 1376 discordia,
840 1316 910 1379 qua
934 1299 1001 1359 hoc
1026 1305 1186 1358 sanctum
1211 1315 1300 1374 opus
1323 1295 1426 1356 vobis
1453 1315 1542 1356 com·

263 1406 405 1467 missum
429 1407 674 1486 perturbetur,
707 1413 768 1466 aut
792 1404 912 1486 aliquo
937 1404 1042 1465 modo
1070 1401 1304 1482 impediatur;
1338 1422 1418 1463 cum
1446 1423 1541 1463 sanc·

262 1511 396 1574 tissima
420 1511 593 1574 charitate
617 1531 659 1572 ac
683 1509 935 1573 benevolentia
959 1509 1077 1571 omnia
1101 1508 1364 1570 accuratissime
1388 1518 1541 1588 pertrac-

261 1618 395 1681 tabitis:
443 1619 531 1680 Nam
558 1616 635 1679 S¹¹¹¹¹¹³
665 1619 706 1681 D.
739 1616 782 1679 N.
814 1627 1001 1698 utrumque
1033 1614 1230 1696 aequaliter
1260 1615 1390 1697 diligit,
1425 1624 1462 1677 et
1491 1636 1540 1677 re·

260 1746 446 1788 munerare
470 1733 617 1807 paratus
642 1733 705 1786 est.

351 1848 518 1911 Secundo
542 1869 689 1911 necesse
714 1858 778 1925 est,
810 1857 849 1909 ut
872 1848 1034 1910 habeatis
1058 1848 1198 1910 Bullam
1221 1849 1258 1909 in
1282 1868 1352 1929 qua
1375 1849 1543 1910 creamini

261 1955 557 2020 Prothonotarius
581 1955 732 2018 Nuntius
766 1956 984 2036 apostolicus
1018 1965 1053 2017 et
1085 1956 1250 2036 specialis
1278 1955 1465 2037 inquisitor
1498 1957 1543 2018 ad

261 2065 522 2144 reprimendum
539 2063 730 2125 Martinum
752 2083 792 2124 ac
814 2064 888 2143 ejus
904 2083 1076 2142 sequaces
1089 2082 1173 2153 cum,
1184 2071 1362 2143 potestate
1378 2063 1544 2125 inventos

261 2170 468 2251 culpabiles
494 2179 555 2232 aut
579 2191 719 2232 errores
743 2169 778 2232 in
803 2171 902 2231 bulla
926 2169 1113 2231 damnatos
1137 2171 1314 2252 quomodo
1331 2170 1419 2232 libet
1442 2191 1542 2250 prae-

262 2276 422 2339 dicantes
455 2287 656 2338 asserentes
688 2296 750 2338 sen
785 2275 1021 2338 defendentes
1052 2297 1113 2338 seu
1145 2277 1368 2359 disputantes
1400 2277 1544 2358 publice

261 2385 319 2446 vel
350 2386 505 2456 occulte,
546 2384 769 2461 carcerandi,
816 2383 987 2464 puniendi
1020 2383 1125 2445 etiam
1156 2384 1278 2445 ultimo
1308 2383 1484 2466 supplicio
1509 2393 1545 2446 et

261 2489 426 2552 tradendi
442 2487 570 2553 Curiae
595 2490 779 2569 saeculari,
804 2511 846 2552 ac
871 2489 1061 2552 invocandi
1081 2491 1264 2553 brachium
1282 2490 1357 2553 sive
1374 2491 1543 2552 auxilium

261 2597 448 2679 cujuslibet
472 2597 647 2679 Principis
679 2599 736 2659 vel
768 2596 900 2658 domini
933 2605 1004 2658 tam
1037 2597 1268 2660 ecclesiastici
1293 2618 1399 2679 quam
1423 2620 1542 2661 saecu-

261 2705 358 2783 laris,
391 2713 426 2766 et
455 2725 534 2766 cum
558 2703 728 2766 facultate
753 2703 960 2766 declarandi
984 2723 1047 2766 eos
1070 2703 1238 2767 incidisse
1262 2705 1296 2767 in
1322 2707 1477 2786 Bullam,
1510 2717 1545 2768 et

262 2814 349 2874 haec
374 2811 491 2874 omnia
515 2821 597 2895 post
621 2811 898 2893 publicationem
923 2810 1043 2874 bullae
1068 2820 1103 2874 et
1126 2813 1265 2893 lapsum
1288 2812 1429 2876 termini
1449 2813 1485 2876 in
1502 2835 1544 2876 ea

261 2918 429 2982 contenti.

350 3046 481 3127 Terti0,
506 3047 588 3129 quia
613 3046 800 3128 negocium
824 3047 1024 3127 hujusmodi
1040 3057 1095 3110 est
1110 3047 1248 3129 grande
1266 3056 1301 3107 et
1317 3046 1545 3126 laboriosum,

261 3164 296 3216 et
319 3156 429 3216 multa
452 3152 660 3216 incumbunt
676 3152 710 3215 in
728 3152 879 3216 diversis
895 3154 983 3217 locis
1000 3155 1218 3236 peragenda,
1239 3174 1387 3215 necesse
1403 3153 1546 3216 videtur

261 3274 299 3323 ut
322 3261 526 3343 partiamini
550 3264 596 3323 ad
621 3261 772 3323 invicem
796 3262 940 3323 labores
963 3271 1120 3324 vestros:
1160 3260 1236 3322 Vos
1260 3259 1369 3342 igitur
1391 3259 1545 3324 Domine

262 3367 397 3430 Hieron
400 3388 480 3449 yma
504 3366 599 3430 ibitis
624 3368 669 3429 ad
695 3366 835 3430 Curiam
854 3366 1016 3430 Caesaris
1031 3379 1129 3430 recto
1145 3368 1296 3447 tramite,
1322 3378 1357 3430 et
1371 3366 1420 3429 ibi
1442 3389 1545 3449 prae-

261 3475 447 3537 sentabitis
477 3476 610 3537 bullam
645 3477 865 3557 plumbatam
899 3476 973 3555 ejus
996 3476 1072 3556 Ml,
1097 3475 1364 3556 suadebitisque
1400 3486 1439 3537 ut
1471 3486 1546 3539 tam

261 3580 477 3663 pernitiosae
508 3582 601 3663 pesti
630 3582 777 3643 obviare
801 3582 888 3644 velit
912 3582 1123 3662 praesertim
1146 3584 1181 3645 in
1204 3582 1304 3645 initio
1329 3602 1414 3645 suae
1436 3584 1546 3646 advo·

262 3688 410 3751 cationis
435 3697 471 3751 et
494 3698 682 3769 susceptae
707 3688 924 3751 defensionis
949 3710 1014 3770 pro
1045 3700 1168 3751 sancta
1191 3690 1359 3752 Romana
1382 3689 1548 3754 Ecclesia

261 3816 331 3877 quo
355 3795 442 3858 nihil
466 3794 656 3876 gloriosius
680 3806 802 3877 posset
820 3795 951 3875 facere,
976 3798 1197 3859 ostendendo
1214 3796 1271 3858 Me
1289 3817 1373 3859 suae
1391 3798 1548 3878 qualiter

262 3900 346 3963 Semi
365 3904 408 3965 D.
433 3902 476 3965 N.
502 3913 538 3965 et
561 3903 665 3965 sedes
690 3903 902 3984 Apostolica
926 3923 997 3965 non
1022 3905 1067 3965 ad
1091 3904 1267 3967 fovendas
1294 3905 1547 3969 contentiones

262 4030 326 4072 nec
354 4011 470 4090 rian,
504 4012 567 4072 sed
592 4012 636 4071 ad
662 4012 840 4071 sedandas
866 4019 902 4071 et
926 4011 1187 4090 extinguendas
1211 4015 1380 4073 haereses
1404 4023 1548 4078 mature

260 4117 451 4196 processit,
487 4128 523 4178 et
554 4117 819 4179 communicatis
848 4117 1010 4179 omnibus
1035 4118 1215 4180 erroribus
1239 4139 1301 4181 seu
1326 4119 1484 4183 articulis
1508 4122 1549 4184 in

260 4224 358 4285 bulla
389 4222 564 4286 contentis
596 4244 675 4285 cum
700 4228 745 4285 stae
769 4224 839 4286 Ro.
865 4223 960 4287 Eccl.
986 4223 1234 4289 Cardinalibus
1256 4246 1297 4288 ac
1323 4226 1441 4289 multis
1465 4230 1549 4292 aliis

261 4330 473 4393 doctissimis
496 4331 580 4393 viris
605 4332 677 4393 Ro.
702 4330 828 4393 Curiae
852 4330 933 4393 illos
957 4332 1155 4413 damnavit,
1186 4343 1222 4395 et
1246 4344 1439 4414 propterea
1463 4355 1549 4399 cum

260 4438 387 4501 fecerit
411 4438 506 4519 quod
533 4438 584 4499 sui
615 4438 723 4500 officii
749 4449 812 4517 est,
837 4438 928 4519 petit
951 4440 1135 4501 brachium
1158 4424 1432 4520 potentiae'M‘³⁶
1457 4462 1549 4507 suae

183 4578 189 4588 ·
261 4546 358 4625 cujus
382 4544 537 4606 officium
562 4555 615 4607 est
639 4544 840 4607 haereticos
864 4554 947 4608 ante
972 4547 1088 4609 omnia
1112 4547 1305 4628 extirpare,
1330 4556 1438 4629 atque
1461 4549 1549 4613 ideo

257 4652 357 4731 juxta
382 4651 618 4734 apostolicum
642 4652 800 4733 gladium
824 4661 961 4734 portat,
994 4664 1034 4714 ut
1056 4654 1157 4716 malis
1181 4654 1382 4717 hominibus
1411 4668 1551 4738 purget

261 4756 457 4820 Ecclesiam
474 4757 542 4820 Dei
567 4768 602 4821 et
627 4758 786 4821 nitamini
811 4759 1002 4840 impetrare
1020 4759 1155 4822 litteras
1172 4764 1217 4822 ab
1239 4762 1313 4841 ejus
1328 4762 1390 4823 ΜῙΘ
1409 4764 1456 4824 ad
1472 4785 1550 4828 om-

261 4883 325 4926 nes
356 4862 569 4929 Germaniae
602 4864 787 4947 Principes
821 4876 893 4928 tarn
916 4868 1117 4929 saeculares
1142 4888 1246 4949 quam
1271 4870 1552 4953 ecclesiasticos,
