3425 5700
632 517 781 574 *43259
820 517 879 571 ib*

142 666 234 745 tione,
263 686 319 728 ma
350 665 459 727 credo
491 665 557 727 che
588 663 696 747 quelli
728 665 794 726 che
823 684 879 725 me
912 663 1076 726 scriveno
1107 667 1180 726 cosl
1211 664 1321 726 fanno
1359 672 1394 726 et

139 773 309 854 divulgano
342 775 391 834 tal
418 767 518 835 'fama
550 793 616 854 per
644 773 795 853 qualche
830 772 908 834 loro
940 773 1012 833 bon
1045 769 1241 853 proposito,
1293 769 1339 833 Et
1374 791 1395 831 a

137 881 236 961 quella
257 879 486 944 humilmente
510 883 598 943 baso
623 880 656 943 le
681 878 786 942 mani.

648 1087 851 1098 mwwwvwv

390 1433 636 1513 Aleander
670 1369 1126 1514 Vioeoanuellario.

544 1571 829 1641 (limitandum
847 1571 878 1631 1.
896 1571 963 1640 129.)
1045 1626 1048 1638 ,

535 1719 539 1730 .
606 1679 900 1752 (21.(?)Jnnii1521.)

207 1824 246 1886 A'
271 1823 308 1886 di
332 1823 407 1886 ΧΠ
430 1823 561 1905 partite
586 1822 694 1886 Cesar
727 1825 774 1886 da
797 1824 960 1888 Mastrict
989 1826 1036 1888 ad
1061 1825 1264 1906 Curinghen
1289 1826 1393 1888 luoco

132 1931 180 1992 del
199 1930 374 2012 Episcopo
400 1930 436 1993 di
454 1929 566 2013 Liege
590 1950 655 2011 per
679 1933 790 1993 ander
816 1933 885 1994 alle
910 1933 1061 2014 exequie
1097 1931 1134 1994 di
1157 1931 1326 1995 Chievres
1357 1931 1394 1994 in

132 2037 276 2120 Arescot,
301 2037 336 2100 io
362 2058 431 2100 non
455 2039 623 2100 havendo
648 2037 807 2101 alarin
832 2039 883 2101 tal
906 2059 991 2102 cosa
1015 2039 1120 2102 andai
1145 2061 1166 2101 a
1182 2038 1304 2121 Liege,
1328 2059 1393 2120 per

132 2146 224 2208 veder
246 2165 347 2208 come
370 2145 404 2208 le
428 2165 510 2208 cose
526 2146 712 2208 lutherane
728 2145 756 2208 si
769 2155 969 2227 portavano
985 2145 1021 2208 in
1038 2147 1157 2228 quella
1180 2145 1275 2226 cista,
1300 2147 1393 2208 dove

130 2253 228 2314 trovai
250 2272 316 2335 per
341 2253 376 2314 la
405 2251 474 2315 Dio
506 2252 622 2332 gratia
656 2253 742 2334 ogni
772 2273 856 2315 cosa
890 2253 1003 2316 andar
1036 2252 1228 2316 benissimo
1260 2262 1393 2333 quanto

130 2359 322 2441 appartiene
347 2357 407 2421 alli
431 2359 490 2422 del
514 2379 640 2441 paese;
674 2378 760 2421 vero
792 2359 811 2421 ὲ
843 2361 909 2422 che
938 2359 1057 2443 aliqua
1081 2369 1198 2423 tamen
1223 2362 1394 2422 suberant

129 2465 247 2529 veteris
268 2465 422 2548 vestigia
445 2464 582 2528 fraudis
605 2465 641 2528 in
666 2465 782 2528 alcuni
806 2464 983 2529 forestieri
1007 2466 1031 2529 li
1046 2466 1142 2548 quali
1167 2487 1276 2529 erano
1299 2466 1334 2529 in
1358 2468 1394 2529 la

130 2573 357 2636 coniuratione
381 2572 416 2635 di
442 2573 557 2654 questi
590 2572 719 2635 ribaldi
752 2571 870 2654 impii,
906 2593 975 2635 non
1003 2575 1091 2654 perb
1123 2581 1222 2636 tanto
1253 2573 1392 2655 potenti

130 2679 186 2740 che
209 2682 480 2743 subvertesseno
501 2680 582 2762 quel
597 2680 732 2761 populo
757 2679 817 2741 del
831 2689 924 2742 tutto
939 2680 1135 2752 catholico;
1159 2700 1227 2762 pur
1242 2679 1393 2743 faceano

129 2796 285 2869 apportar
313 2796 349 2850 et
372 2786 509 2849 vender
533 2785 593 2849 alli
617 2785 739 2848 librari
770 2786 806 2848 di
831 2786 912 2849 libri
940 2786 976 2849 di
1000 2787 1151 2869 Luther,
1186 2789 1220 2849 al
1245 2788 1310 2850 che
1334 2787 1393 2849 del

128 2902 208 2956 tutto
231 2896 274 2957 ho
299 2896 383 2958 dato
409 2894 534 2957 ordine
559 2896 625 2958 che
649 2914 759 2957 ancor
783 2904 910 2977 questo
927 2896 1046 2957 ulcere
1061 2896 1119 2957 del
1135 2904 1226 2957 tutto
1249 2894 1285 2957 in
1310 2896 1392 2975 quel

127 3018 224 3079 paese
247 3001 325 3065 sara
349 3002 496 3066 extinto.

204 3108 326 3191 Hoggi
350 3107 505 3172 arrivato
530 3129 552 3170 a
576 3109 735 3172 Lovanio
767 3110 813 3172 ho
837 3119 1009 3191 receputo
1032 3110 1159 3172 lettere
1191 3109 1238 3172 da
1264 3128 1311 3171 un
1337 3108 1392 3171 de’

127 3212 196 3277 miei
219 3213 256 3278 di
279 3218 450 3280 Bruxelle
475 3236 594 3280 essere
619 3216 791 3299 aggiunte
815 3218 942 3280 lettere
965 3236 1031 3299 per
1054 3237 1109 3279 me
1134 3216 1169 3278 di
1194 3216 1237 3279 V.
1263 3214 1299 3279 S.
1317 3216 1391 3279 R¹¹¹⁸

127 3330 157 3381 et
184 3324 247 3386 che
284 3326 396 3405 perhd
430 3344 494 3386 son
526 3332 726 3405 expectato.
790 3324 848 3386 Ho
880 3323 1050 3405 expedito
1082 3344 1151 3385 uno
1181 3322 1217 3385 di
1244 3322 1325 3387 miei
1357 3324 1392 3385 al

127 3424 157 3488 S‘
172 3428 339 3493 Carazolo
364 3441 400 3494 et
424 3452 462 3493 se
478 3430 497 3493 ὲ
514 3451 599 3494 cosa
614 3431 658 3493 de
675 3431 896 3512 importanza
915 3431 950 3494 io
962 3430 1105 3494 subbito
1130 3451 1185 3493 me
1209 3430 1390 3493 trasferird

126 3534 162 3614 la,
183 3538 393 3601 altramente
417 3542 554 3601 restare
588 3538 646 3620 qui
680 3538 750 3600 fino
783 3540 848 3601 che
880 3537 921 3601 sii
955 3538 1126 3619 impresso
1160 3539 1192 3601 el
1224 3536 1390 3600 mandato

127 3642 195 3705 dell'
211 3643 362 3727 imperio
386 3644 422 3708 in
446 3644 557 3707 latino
581 3644 680 3708 accio
705 3646 770 3708 che
796 3645 817 3707 ’l
846 3645 876 3708 si
906 3645 1067 3727 divulghi
1095 3664 1161 3727 per
1192 3644 1217 3706 il
1238 3625 1390 3725 mundo,

126 3758 154 3811 et
173 3751 229 3833 poi
252 3754 391 3815 andero
416 3753 487 3815 alla
511 3759 610 3815 corte
643 3751 679 3813 di
707 3751 817 3815 Cesar
850 3772 915 3835 per
942 3751 1019 3814 fare
1043 3753 1066 3814 il
1091 3760 1187 3814 resto
1213 3750 1248 3812 di
1272 3752 1391 3831 quello

126 3859 236 3935 pareri
260 3858 291 3921 si
317 3859 416 3921 habii
440 3860 484 3922 ad
508 3859 564 3921 far
589 3872 624 3922 et
649 3858 735 3921 dard
760 3858 884 3921 adviso
909 3880 931 3921 a
954 3858 998 3921 V.
1024 3857 1060 3922 S.
1085 3858 1180 3920 Rma
1210 3858 1281 3919 alla
1309 3859 1392 3939 qual

126 3962 199 4029 baso
221 3968 255 4031 le
280 3966 394 4045 mani,
428 3964 698 4047 significandole
730 3966 796 4027 che
827 3967 861 4028 le
892 3986 975 4027 cose
1000 3967 1045 4027 de
1070 3966 1203 4027 Luther
1227 3965 1272 4026 de
1296 3967 1331 4026 dl
1355 3963 1391 4026 in

127 4068 153 4131 di
174 4072 228 4153 pii
252 4093 376 4137 vanno
402 4072 436 4134 in
462 4072 564 4135 ruina
589 4092 688 4134 come
713 4070 731 4134 ὲ
756 4071 780 4133 il
796 4073 905 4134 dever
930 4081 966 4135 et
989 4072 1026 4133 di
1050 4083 1175 4153 questo
1199 4062 1270 4133 non
1293 4070 1391 4153 fingo

127 4178 234 4244 alcuna
258 4202 357 4245 cosa.
406 4178 505 4242 Bene
531 4188 565 4241 et
588 4178 676 4241 felix
700 4181 820 4241 valeat
843 4178 939 4241 illma
963 4177 1155 4241 dominatio
1179 4177 1223 4241 V.
1256 4176 1312 4240 cui
1336 4197 1392 4241 me

126 4282 234 4351 iterum
257 4298 370 4371 atque
394 4286 520 4350 iterum
545 4286 737 4349 humillime
762 4286 971 4349 commendo
996 4294 1032 4348 et
1055 4286 1158 4350 dedo.

689 4594 707 4601 η
722 4592 858 4602 νιινιγνννννυ
