3425 5700
886 744 918 808 9.

632 850 959 932 vicecancellarius
987 850 1175 931 Ilecndrc.

675 980 772 1052 (iluna
790 981 916 1040 (lemen
934 979 965 1039 11.
984 979 1030 1039 iol.
1048 980 1071 1047 7,
1090 981 1126 1051 ἃ)

432 1081 506 1150 (Dat.
528 1089 625 1144 Rome,
645 1096 669 1146 7.
689 1085 797 1148 Januar.
817 1111 851 1119 -
872 1085 1010 1146 Receptac
1030 1083 1194 1131 Wormcliac
1217 1096 1256 1147 17.
1280 1083 1365 1152 1521.)

418 1193 645 1257 Venerabilis
669 1190 735 1254 Vir
759 1189 886 1253 Amice
911 1189 957 1251 mi
982 1188 1180 1252 Carissime.

351 1302 513 1364 Havemo
546 1300 705 1362 ricevute
737 1297 978 1360 ultimamente
1007 1298 1041 1358 Ie
1072 1306 1193 1359 vostre
1225 1298 1269 1359 de
1302 1297 1463 1361 XXIIII.
1498 1301 1543 1361 da

262 1408 471 1486 wormatia,
498 1417 533 1470 et
557 1409 590 1470 Ie
614 1407 703 1468 altre
728 1414 848 1466 vostre
874 1403 1054 1484 duplicate
1078 1413 1114 1466 et
1138 1402 1283 1484 copiose
1307 1425 1399 1486 poco
1417 1406 1540 1486 prima.

262 1515 368 1578 Certo
401 1535 470 1577 non
505 1513 534 1576 si
572 1511 689 1595 potria
721 1511 922 1593 exprimere
957 1518 1090 1590 quanto
1118 1510 1152 1571 la
1183 1507 1321 1573 Santitiu
1349 1512 1383 1572 di
1410 1511 1541 1574 Nostro

263 1619 418 1704 Signore
443 1631 478 1683 et
503 1619 562 1682 noi
585 1619 751 1682 restiamo
777 1619 821 1679 de
846 1617 923 1698 voi,
955 1618 999 1679 de
1033 1617 1053 1678 I’
1072 1637 1199 1698 opera,
1232 1617 1362 1701 fatiga,
1395 1630 1430 1681 et
1460 1620 1541 1682 fede

263 1739 385 1791 vostra
409 1727 597 1790 sodisfatti.

353 1835 465 1898 Cerea
490 1835 522 1897 le
547 1833 741 1916 provisioni
767 1831 802 1893 di
817 1831 926 1894 Brevi
950 1842 985 1894 et
1010 1833 1099 1894 altre
1123 1851 1217 1912 cose,
1243 1833 1309 1896 che
1334 1835 1379 1894 de
1404 1833 1464 1915 qui
1480 1835 1536 1896 de·

262 1942 416 2006 siderate
440 1951 531 2004 tutta
555 1942 613 2003 via
637 1961 659 2002 a
684 1939 738 2002 cio
764 1939 792 2000 si
817 1941 975 2018 attende,
1001 1949 1036 2000 et
1060 1936 1116 2000 fra
1139 1947 1266 2019 quatro
1291 1959 1312 2001 0
1341 1939 1468 2020 cinque
1492 1940 1540 2021 gi-

263 2049 340 2112 orni
365 2049 400 2111 vi
424 2049 453 2110 si
478 2048 718 2111 manderanno
743 2045 927 2128 expedite,
960 2055 995 2108 et
1019 2044 1092 2109 cosi
1124 2047 1159 2108 la
1183 2046 1386 2127 provisione
1413 2047 1449 2109 di
1473 2049 1541 2110 Da·

261 2156 354 2222 nari:
396 2154 455 2218 voi
487 2155 662 2236 segnitate
693 2153 893 2215 virilmente
927 2173 1027 2216 come
1057 2151 1106 2214 fin
1137 2152 1197 2234 qui
1227 2153 1357 2215 havete
1386 2153 1475 2217 Iatto
1506 2164 1542 2217 et

263 2261 514 2344 persuadetevi
539 2263 604 2323 che
629 2261 760 2324 Nostro
786 2257 940 2340 Signore
964 2259 1067 2321 Iddio
1101 2271 1137 2322 et
1165 2260 1190 2322 il
1214 2261 1360 2342 proprio
1392 2282 1456 2324 suo
1484 2262 1540 2323 Vi·

261 2369 357 2432 cario
388 2368 424 2430 in
448 2366 546 2430 Cielo
580 2367 673 2430 etin
705 2376 801 2429 terra
833 2366 868 2428 vi
893 2367 1142 2449 premiaranno
1173 2367 1208 2429 in
1233 2369 1356 2447 modo,
1381 2370 1447 2430 che
1473 2369 1543 2432 mai

265 2497 334 2537 non
359 2473 600 2538 v’increscera
623 2476 734 2537 haver
757 2483 941 2536 sostenuto
966 2493 1031 2556 per
1054 2475 1089 2535 Ia
1108 2472 1236 2537 Chiesa
1260 2484 1296 2537 et
1319 2495 1384 2556 per
1406 2474 1432 2539 il
1454 2473 1542 2538 San-

261 2603 332 2664 gue
357 2581 393 2643 di
417 2579 557 2645 Christo
582 2591 680 2643 tante
704 2581 852 2662 fatighe‚
878 2591 915 2644 et
938 2580 1187 2664 persecutioni.
1236 2579 1352 2665 Sopra
1375 2583 1410 2645 la
1434 2602 1544 2646 causa

262 2690 297 2750 di
317 2689 450 2751 Luther
475 2687 504 2750 si
521 2687 677 2751 scrivere
701 2691 814 2750 anche
835 2690 869 2750 al
887 2686 1109 2758 Caracciolo;
1135 2689 1267 2751 aiutate
1291 2689 1373 2751 tutti
1396 2689 1545 2753 insieme

261 2796 296 2858 la
320 2815 428 2859 causa
459 2813 644 2859 commune
679 2796 723 2858 de
748 2795 817 2858 Dio
851 2804 887 2858 et
922 2793 1121 2877 supplicate
1146 2794 1277 2859 Cesare
1308 2816 1379 2860 non
1410 2799 1544 2861 abban-

264 2902 348 2966 doni
373 2902 396 2965 il
420 2923 485 2965 suo
508 2906 604 2965 bono
629 2902 814 2985 proposito
843 2904 872 2965 si
905 2923 1004 2966 come
1040 2904 1074 2965 la
1105 2903 1225 2966 dIvina
1255 2903 1443 2968 clementia
1471 2926 1543 2969 non

264 3029 388 3073 manca
412 3030 434 3072 a
457 3010 516 3089 lui,
541 3019 577 3071 et
600 3011 823 3074 benevalete.

350 3116 491 3179 Romae
515 3115 595 3179 VII.
620 3116 776 3196 Ianuarii
802 3116 985 3179 MDXXI.

352 3221 399 3286 Se
431 3224 467 3285 Ia
497 3223 688 3305 prudentia
719 3233 754 3285 et
785 3224 902 3285 studio
937 3233 1059 3286 vostro
1090 3223 1126 3287 in
1151 3237 1277 3307 questa
1301 3246 1385 3288 cosa
1416 3246 1487 3289 non
1515 3230 1546 3291 si

262 3338 455 3393 mostrasse
479 3330 664 3413 maggiore
688 3330 724 3392 di
748 3331 866 3412 quello
891 3332 937 3393 da
960 3330 1019 3393 voi
1044 3332 1073 3393 si
1097 3341 1286 3414 aspettava
1316 3353 1546 3398 usaressemo

261 3439 370 3500 molto
393 3435 455 3519 piu
479 3439 602 3519 parole
626 3437 662 3499 in
687 3438 902 3501 exhortarvi.

1032 3580 1080 3641 Vr.
1099 3578 1206 3652 Mor,
1226 3582 1293 3633 Vice
1314 3582 1504 3635 cancellarius

878 3884 929 3949 10.

536 3988 674 4071 (icrdin
703 3988 860 4071 Sanclcr.
889 3990 1045 4095 Quctucr
1071 3994 1260 4076 Alecndre.

693 4120 790 4188 (Nunc.
809 4121 935 4181 (lemen.
953 4120 984 4180 11.
1002 4120 1047 4180 lei
1066 4124 1102 4192 e.)

772 4214 933 4279 (1521—15.
957 4212 1031 4280 Jan.)

421 4320 638 4382 Reverende
662 4320 772 4384 Pater
798 4320 922 4385 Amice
946 4322 992 4384 mi
1017 4324 1223 4386 charissime
1248 4322 1417 4388 Salutem.

349 4428 406 4490 Ex
435 4407 561 4489 litteris
591 4428 720 4490 vestris
751 4449 830 4491 cum
863 4431 909 4491 ad
934 4428 1201 4495 Sanctissimum
1235 4432 1423 4495 Dominum
1454 4434 1554 4500 Nos-

260 4544 352 4597 trum
376 4544 449 4596 tum
475 4534 580 4597 etiam
604 4536 650 4597 ad
675 4556 739 4598 nos
763 4536 904 4617 scriptis
928 4540 1071 4601 abunde
1095 4538 1335 4602 intelleximus
1359 4561 1451 4622 quac
1478 4565 1550 4626 pen

261 4661 326 4703 vos
345 4641 380 4702 in
406 4662 513 4705 causa
530 4642 733 4705 Lutherana
757 4641 901 4705 fuerunt
925 4655 1015 4724 acta,
1041 4656 1076 4707 et
1100 4665 1205 4727 quarn
1220 4666 1401 4728 propenso
1421 4649 1554 4717 animo

262 4746 414 4828 cupiatis
439 4756 474 4809 et
498 4750 616 4811 nervis
641 4749 804 4813 omnibus
829 4750 1031 4830 enitamini,
1064 4760 1102 4814 ut
1134 4752 1322 4833 negocium
1356 4752 1458 4818 vobis
1484 4760 1557 4824 de·

261 4855 465 4918 mandatum
490 4855 584 4917 omni
600 4855 791 4937 prudentia
815 4867 850 4919 et
875 4858 1032 4920 sollertia
1056 4869 1177 4921 vestra
1201 4859 1418 4941 transigatur
1435 4867 1559 4935 nullis
