3425 5700
825 573 1071 637 errrorem

309 722 476 786 mandent
501 734 535 786 et
564 737 688 787 contra
719 746 789 787 non
822 729 1056 789 observantes
1091 736 1127 787 et
1158 720 1358 788 diffamatos
1392 722 1570 806 procedant

308 830 455 893 iuridice
480 831 525 893 ad
549 852 661 913 penas
678 841 877 905 contentas;
903 832 1076 895 correctio
1094 831 1186 895 euim
1200 851 1353 912 unquam
1370 834 1449 912 plus
1462 851 1571 913 opera-

307 940 403 1000 bitur
427 959 532 1019 quam
556 938 635 1019 ipsa
658 940 864 1021 publicatio.

399 1046 444 1107 Et
458 1045 552 1106 istud
568 1046 748 1108 videbitur
769 1050 835 1109 sub
858 1046 1079 1109 correctione
1103 1065 1209 1127 posse
1233 1046 1310 1107 fieri
1336 1046 1574 1107 convenienter

309 1174 373 1233 per
389 1152 564 1213 officiales
584 1152 842 1215 ordinariorum
868 1174 910 1215 ex
938 1152 1184 1215 commissione
1208 1152 1405 1233 apostolica
1421 1154 1510 1215 bene
1525 1172 1573 1211 ex-

308 1269 409 1321 tensa
434 1271 558 1321 contra
582 1269 765 1341 exemptes
790 1260 1039 1340 cuiuscumque
1064 1259 1199 1321 ordinis
1224 1270 1259 1321 et
1284 1259 1504 1321 conditionis.

397 1366 540 1428 Interim
565 1367 813 1428 commonendi
837 1379 917 1427 sunt
942 1387 1064 1429 omnes
1089 1365 1314 1429 confessores
1338 1364 1575 1445 cuiuscumque

308 1473 522 1536 conditionis
554 1482 593 1534 ut
621 1476 754 1535 nullum
785 1474 1003 1535 detinentem
1032 1473 1143 1535 libros
1175 1472 1371 1553 hujusmodi
1401 1474 1577 1533 absolvant

308 1590 370 1642 aut
402 1580 634 1642 Sacramenta
665 1579 908 1642 ecclesiastica
943 1579 1189 1642 administrent
1224 1590 1290 1641 etc.
1327 1580 1361 1640 in
1398 1578 1476 1640 foro
1508 1598 1576 1639 con·

307 1687 478 1751 scientiae

396 1795 441 1856 Et
465 1795 612 1857 ulterius
641 1793 812 1856 diffamati
844 1794 889 1855 de
919 1794 987 1856 hoc
1019 1814 1107 1874 quos
1138 1795 1368 1855 absolverunt
1397 1804 1432 1854 et
1456 1791 1579 1871 scripta

308 1902 471 1964 detinent
494 1903 538 1963 ad
563 1901 729 1963 iustitiam
755 1900 831 1962 fisci
855 1901 1009 1963 citentur
1034 1912 1069 1962 et
1093 1910 1217 1962 contra
1241 1900 1338 1981 ipsos
1373 1900 1578 1981 procedatur

229 2026 233 2037 ’
308 2010 353 2070 ad
376 2029 498 2089 penas

397 2115 436 2176 In
462 2117 586 2176 eadem
611 2113 857 2177 commissione
882 2125 942 2176 aut
966 2114 1036 2176 alia
1060 2117 1105 2177 ad
1130 2126 1332 2195 presentem
1353 2116 1487 2176 debent
1508 2132 1580 2175 esse

307 2221 416 2301 aliqui
440 2221 616 2301 speciales
641 2221 872 2283 commissarii
898 2222 931 2283 in
957 2223 1118 2302 partibus
1151 2221 1279 2302 quibus
1310 2224 1412 2281 detur
1437 2221 1582 2283 facultas

307 2328 518 2389 absolvendi
542 2338 691 2409 propter
714 2329 883 2408 pericula.

924 2774 975 2837 ll.

672 2890 998 2970 vicecancellarius
1027 2891 1214 2971 Alccntrc.

714 3038 886 3103 rNuntiat.
907 3039 1058 3097 German.
1082 3037 1112 3095 L.
1131 3038 1182 3107 tl.)

806 3172 857 3218 ¹29·
878 3160 981 3222 Aprilis
1005 3157 1090 3226 1521.)

398 3292 558 3355 Havemo
582 3291 616 3352 la
640 3300 762 3352 vostra
787 3291 845 3352 del
870 3291 903 3353 V
928 3294 986 3354 del
1010 3313 1106 3355 mese
1131 3313 1201 3354 con
1222 3292 1256 3353 la
1281 3289 1384 3371 copia
1408 3289 1502 3352 della
1525 3289 1589 3351 dit·

308 3398 399 3472 frda;
425 3400 459 3460 la
483 3398 564 3479 qual
590 3419 675 3460 cosa
698 3398 716 3460 ὲ
741 3401 910 3461 talmente
944 3399 1174 3462 rincresciuta
1203 3399 1249 3460 ad
1276 3397 1318 3462 N.
1352 3395 1387 3462 S.
1417 3397 1481 3459 che
1518 3417 1589 3460 non

309 3506 340 3568 ci
369 3507 473 3567 basta
506 3504 663 3567 l'animo
692 3505 728 3566 di
761 3506 1038 3585 exprimernelo:
1076 3517 1111 3567 et
1141 3526 1179 3568 se
1213 3525 1284 3566 non
1315 3505 1381 3565 che
1409 3508 1469 3584 poi
1502 3503 1533 3566 ci
1572 3503 1590 3564 ὲ

256 3658 260 3664 >
308 3620 440 3674 venuto
465 3611 565 3674 aviso
589 3611 655 3672 che
678 3612 727 3674 tal
753 3611 878 3673 diffida
903 3613 921 3674 ἐ
946 3623 1037 3674 stata
1062 3620 1241 3690 revocata,
1267 3631 1329 3672 sua
1354 3609 1405 3672 Sl*
1429 3631 1491 3671 era
1507 3629 1587 3672 con·

309 3729 441 3781 strecta
464 3718 566 3779 farne
597 3717 865 3780 dimostratione
891 3718 925 3780 di
957 3729 1052 3780 sorte
1084 3720 1148 3780 che
1182 3737 1321 3798 sempre
1357 3737 1394 3779 se
1423 3737 1468 3778 ne
1499 3715 1591 3778 fussi

309 3826 448 3907 parlato
473 3824 507 3886 in
533 3824 712 3906 vituperio
737 3834 773 3886 et
796 3825 1014 3888 dannatione
1047 3827 1130 3887 delli
1163 3824 1296 3886 auctori
1327 3833 1362 3886 et
1393 3824 1476 3885 delli
1508 3823 1592 3904 capi

308 3941 344 3994 et
368 3931 488 3994 nation
512 3934 578 3993 che
602 3930 626 3993 li
650 3931 819 4002 sostiene;
849 3955 906 3994 ma
930 3931 1068 4013 piaccia
1085 3934 1156 3994 alla
1172 3951 1306 3993 somma
1323 3930 1432 3991 bonta
1458 3931 1493 3992 di
1518 3931 1593 3991 Dio

311 4041 378 4101 che
403 4038 432 4100 si
456 4037 643 4100 emendino
669 4058 738 4100 una
762 4041 858 4102 volta
883 4050 919 4102 et
942 4039 1190 4101 riconoschino
1215 4059 1252 4099 se
1279 4049 1313 4098 et
1332 4037 1354 4098 li
1373 4037 1484 4099 errori
1501 4037 1593 4098 suoi.

399 4144 445 4205 Vi
470 4145 498 4206 si
524 4148 652 4207 manda
676 4149 711 4207 la
736 4146 839 4208 Bulla
863 4148 992 4208 havote
1017 4145 1153 4207 chiesta
1177 4155 1371 4207 rassectata
1397 4146 1455 4207 nel
1485 4145 1596 4206 modo

310 4261 346 4314 et
373 4272 501 4332 parere
526 4262 647 4313 vostro
679 4254 745 4314 che
777 4254 904 4315 drento
936 4275 1006 4317 non
1039 4252 1067 4314 si
1101 4252 1258 4333 exprime
1290 4252 1596 4314 nominatamente

310 4361 376 4421 che
401 4359 566 4421 Martino.
614 4361 684 4421 Per
707 4370 872 4441 respecto
898 4362 956 4422 del
981 4361 1127 4421 doctore
1146 4357 1318 4441 Spieghel
1336 4359 1376 4422 N.
1395 4355 1431 4420 S.
1453 4359 1473 4420 ὲ
1496 4368 1596 4420 stato

310 4477 477 4528 contento
503 4466 538 4526 di
562 4466 742 4528 rimettere
767 4468 801 4529 la
826 4477 958 4529 annata
982 4469 1051 4530 alla
1076 4465 1282 4528 univerisita
1314 4465 1348 4526 di
1378 4463 1596 4528 Stletstadio

310 4584 347 4635 et
374 4574 419 4634 de
449 4573 563 4634 donar
594 4575 652 4635 del
686 4593 749 4634 suo
782 4575 852 4635 allo
889 4573 1094 4636 adversario
1128 4581 1261 4654 quanto
1298 4573 1344 4633 ho
1374 4573 1598 4635 domandato

310 4678 408 4742 accio
434 4680 523 4741 ceda
547 4689 583 4741 et
606 4684 678 4742 cosl
704 4691 794 4742 tutto
820 4679 884 4741 s'd
910 4681 1072 4742 ordinato
1099 4691 1134 4742 et
1151 4678 1372 4759 exequirassi
1389 4679 1598 4740 indubitata

311 4796 429 4849 mente
453 4796 490 4848 et
512 4787 666 4869 bisogna
690 4789 756 4848 che
781 4787 839 4849 noi
863 4786 1037 4850 facciamo
1063 4786 1147 4848 dalli
1171 4786 1371 4847 medessimi
1388 4785 1498 4848 nostri
1521 4789 1597 4847 sol-

310 4894 447 4956 licitare
472 4897 503 4957 el
530 4903 626 4956 tucto
651 4915 720 4956 non
746 4897 912 4957 havendo
941 4895 975 4955 la
1004 4893 1196 4958 universita
1228 4893 1262 4955 in
1292 4895 1412 4955 Roma
1436 4911 1600 4974 persona
1690 4929 1691 4964 r
