3425 5700
36 20 299 188 ss

781 544 1028 610 laamas

265 705 341 766 sani
366 702 502 786 capitis,
528 722 592 766 nec
618 702 693 765 sine
718 721 825 764 causa
848 701 884 764 in
909 704 1037 785 clypeo
1055 712 1197 784 gestare
1215 713 1386 768 canetam.
1426 704 1545 788 Magis

264 810 299 872 in
325 809 394 872 illis
419 809 582 871 desidero
606 810 665 872 vel
690 808 915 890 aequitatem,
939 811 998 872 vel
1021 811 1257 892 prudentiam,
1281 833 1387 894 quam
1411 823 1459 894 ut,
1483 813 1545 894 qui

264 917 439 980 hominem
465 919 510 978 ad
534 916 601 979 ista
623 915 804 997 instigant.
853 915 1007 980 Primum
1024 917 1109 998 quid
1124 917 1287 1000 iniquius,
1312 919 1372 1001 qui
1387 929 1441 982 tot
1454 920 1544 983 meis

264 1023 568 1086 lucubrationibus
591 1021 710 1103 profui
725 1022 849 1085 studiis
865 1021 1027 1103 publicis,
1051 1024 1112 1104 qui
1136 1045 1202 1087 nec
1217 1044 1427 1106 magnorum
1443 1026 1543 1089 Prin·

263 1130 381 1211 cipum
405 1128 729 1209 sollicitationibus,
753 1149 819 1192 nec
843 1130 923 1192 ullis
948 1130 1165 1195 eruditorum
1189 1131 1367 1195 illecebris
1391 1153 1457 1196 nec
1480 1133 1544 1196 ini·

263 1238 430 1300 micorum
448 1237 538 1299 odiis
561 1236 661 1318 potui
685 1239 743 1299 vel
766 1236 937 1317 pertrahi,
960 1239 1019 1300 vel
1036 1237 1155 1320 pellici
1179 1239 1225 1301 ad
1240 1238 1369 1303 foedus
1381 1239 1542 1321 Lutheri,

262 1347 325 1408 scd
350 1347 512 1407 omnibus
537 1352 573 1407 et
597 1343 792 1406 commodis
801 1392 809 1424 ,
845 1355 881 1405 et
911 1343 1144 1407 incommodis
1167 1345 1380 1429 contemptis
1403 1347 1545 1428 perstiti

260 1453 295 1514 in
321 1451 536 1534 synceritate
562 1471 651 1532 mea,
675 1471 745 1512 non
771 1450 847 1512 sine
873 1449 1000 1532 capitis
1024 1451 1093 1514 mei
1117 1453 1287 1533 periculo,
1312 1473 1405 1516 nunc
1430 1454 1545 1517 dedar

261 1559 350 1621 odiis
374 1557 523 1641 privatis
547 1575 739 1639 paucorum
763 1556 962 1637 hominum,
987 1567 1023 1620 et
1046 1557 1106 1638 qui
1130 1557 1186 1622 hic
1211 1558 1421 1641 proscindor
1447 1561 1540 1624 viru·

260 1664 462 1728 lentissimis
486 1663 617 1727 libellis
641 1666 919 1744 lutheranorum,
935 1663 1038 1727 isthic
1063 1665 1349 1729 manifestissima
1366 1668 1544 1732 calumnia

260 1771 489 1836 circumferar
504 1773 736 1834 lutheranus?
776 1770 917 1833 Deinde
934 1790 1039 1851 quam
1054 1771 1178 1834 inutile
1195 1774 1241 1834 ad
1256 1793 1410 1855 causam,
1436 1795 1543 1856 quam

259 1881 464 1958 moliuntur,
487 1879 516 1942 si
536 1879 753 1960 persuadent
770 1897 825 1939 me
843 1877 976 1940 sentire
997 1898 1075 1940 cum
1091 1877 1257 1961 Luthero,
1284 1881 1405 1962 plures
1428 1895 1544 1963 erunt,

260 1987 321 2070 qui
356 1986 523 2050 libentius
554 1969 633 2049 cum
667 2005 709 2047 eo
739 1982 903 2048 sentient.
950 1983 1091 2048 Romae
1115 1983 1263 2048 Stunica
1296 1988 1451 2052 blaterat
1485 2010 1543 2052 me

259 2115 337 2158 esse
370 2094 604 2156 lutheranum.
657 2091 707 2154 At
735 2099 786 2153 tot
820 2092 1030 2153 lutheranae
1060 2095 1239 2173 cohortes,
1269 2105 1304 2156 et
1339 2097 1542 2179 complures

259 2201 389 2264 lutheri
414 2199 587 2282 epistolae
610 2199 816 2261 reclamant.
865 2195 1021 2277 Quarum
1045 2218 1150 2262 unam
1174 2199 1274 2262 mitto
1299 2200 1410 2283 ipsius
1433 2223 1541 2265 manu

258 2308 437 2390 scriptam.
483 2306 589 2369 Nulla
613 2326 652 2368 re
676 2304 760 2367 mihi
785 2305 935 2366 videbar
959 2303 1123 2385 beatior,
1147 2326 1253 2388 quam
1277 2307 1439 2370 amicitiis
1463 2330 1540 2372 eru·

258 2414 422 2493 ditorum,
446 2411 626 2493 inquibus
651 2411 961 2493 conquiescebam,
985 2432 1204 2494 quorumque
1228 2415 1391 2495 plerique
1414 2414 1540 2479 favent

257 2521 430 2602 Luthero,
459 2519 600 2582 tametsi
635 2518 777 2599 quidam
808 2517 1038 2582 dissimulant.
1094 2519 1171 2583 Hos
1206 2539 1299 2582 nunc
1331 2531 1393 2584 aut
1421 2523 1540 2586 habeo

257 2630 374 2711 palam
399 2630 538 2707 hostes,
563 2625 612 2688 sic
643 2634 682 2688 ut
712 2624 854 2688 furiosis
885 2625 1015 2688 libellis
1037 2627 1073 2687 in
1098 2646 1153 2688 me
1181 2628 1443 2709 debachentur,
1477 2639 1540 2693 aut

256 2735 462 2840 insynceros
486 2727 628 2797 amicos.
675 2733 755 2796 Non
784 2754 839 2795 me
864 2733 1024 2816 poenitet
1047 2733 1150 2796 huius
1174 2733 1295 2815 animi,
1328 2735 1445 2799 malim
1480 2740 1538 2800 vel

256 2843 352 2905 vitae
376 2841 547 2905 iacturam
571 2841 691 2905 facere
704 2890 712 2921 ,
742 2861 847 2922 quam
872 2840 1018 2923 adiungi
1042 2839 1197 2904 factioni.
1245 2840 1326 2904 Non
1350 2842 1477 2925 scripsi
1501 2843 1537 2908 in

256 2950 467 3023 Lutherum;
503 2948 572 3011 imo
606 2950 716 3011 multa
746 2947 890 3029 scripsi,
924 2967 1016 3029 quae
1047 2969 1104 3011 res
1135 2947 1215 3011 illos
1239 2948 1348 3012 habet
1371 2950 1537 3031 pessime.

255 3057 330 3119 Nec
359 3055 499 3118 interim
523 3054 610 3117 nihil
635 3054 704 3137 egi,
730 3054 813 3117 mihi
838 3056 955 3134 crede,
980 3054 1108 3117 multos
1132 3053 1256 3116 sanavi
1279 3053 1349 3117 iem
1372 3056 1538 3119 addictos

256 3163 314 3226 isti
349 3162 504 3235 foederi;
540 3164 668 3225 multos
704 3162 873 3226 revocavi
909 3182 953 3224 ne
989 3160 1215 3241 accederent,
1251 3162 1380 3224 multos
1418 3164 1537 3227 mode·

255 3280 352 3333 ratus
384 3290 462 3332 sum
493 3291 536 3333 ne
564 3268 707 3331 nimium
731 3270 954 3332 accederent.
1010 3266 1196 3330 Neminem
1227 3267 1369 3348 quidem
1399 3269 1537 3333 conieci

256 3376 291 3440 in
315 3376 468 3453 vincula,
493 3378 557 3439 sed
580 3378 660 3459 plus
685 3375 794 3439 efficit
826 3376 886 3457 qui
911 3374 1072 3437 medetur
1092 3372 1221 3454 animo,
1246 3394 1353 3454 quam
1376 3375 1435 3456 qui
1459 3397 1536 3440 cor·

255 3503 322 3566 pus
357 3481 494 3565 affligit.
553 3482 739 3545 Coeterum
780 3503 849 3564 quo
884 3481 997 3545 minus
1029 3480 1145 3544 adhuc
1177 3479 1261 3543 totis
1296 3482 1536 3547 voluminibus

254 3588 465 3670 impetierim
496 3588 707 3669 Lutherum,
747 3588 832 3650 illud
865 3586 1084 3672 potissimum
1115 3588 1151 3650 in
1183 3608 1292 3650 causa
1320 3587 1406 3670 furt,
1437 3593 1536 3671 quod

255 3698 360 3779 plane
384 3696 626 3778 perspicerem
651 3716 707 3758 me
732 3695 816 3758 nihil
841 3694 938 3757 aliud
954 3694 1208 3777 profecturum,
1233 3715 1338 3776 quam
1355 3704 1394 3758 ut
1409 3698 1530 3760 tumul·

255 3813 327 3864 turn
351 3803 444 3864 hunc
475 3822 695 3865 renovarem.
752 3800 797 3864 Et
829 3810 949 3864 tamen
981 3801 1146 3883 quoniam
1174 3812 1304 3883 urgent
1336 3802 1536 3887 PrincipeS,

254 3908 462 3990 praesertim
486 3908 571 3972 Rex
595 3908 764 3991 Angliae,
800 3910 926 3971 aedam
950 3908 1078 3971 librum
1102 3910 1274 3972 adversos
1297 3908 1395 3973 illum
1425 3912 1471 3973 de
1495 3912 1535 3974 li-

254 4018 341 4077 bero
359 4014 517 4096 arbitrio,
541 4035 612 4077 non
630 4016 725 4096 quod
750 4016 924 4079 confidam
948 4016 984 4078 id
1009 4016 1242 4099 profuturum,
1267 4019 1330 4080 sed
1354 4029 1393 4081 ut
1415 4020 1534 4083 decla-

254 4142 327 4185 rem
365 4121 591 4203 Principibus
624 4142 702 4185 esse
735 4144 874 4203 verum,
906 4125 1001 4204 quod
1036 4123 1121 4187 mihi
1153 4125 1341 4187 noluerunt
1373 4127 1533 4192 credere.

252 4230 334 4292 Mea
348 4231 517 4292 valetudo
533 4228 614 4291 talis
631 4240 693 4309 est,
719 4240 756 4292 ut
774 4230 932 4311 quotidie
949 4250 1075 4312 parem
1091 4251 1148 4293 me
1163 4230 1199 4293 in
1215 4230 1311 4293 illum
1330 4252 1534 4313 supremum

252 4335 354 4399 diem.
421 4336 616 4417 Quominus
656 4336 761 4399 velim
799 4336 989 4399 admittere
1026 4339 1122 4419 quod
1159 4337 1335 4401 Christum
1362 4338 1533 4404 offendat

249 4453 369 4505 vestra
392 4442 570 4524 aequitas,
595 4451 701 4523 atque
725 4442 828 4506 huius
852 4442 1041 4507 Pontificis
1065 4447 1111 4507 ab
1136 4444 1299 4507 omnibus
1322 4447 1533 4527 praedicata

249 4549 448 4633 prudentia,
473 4549 557 4612 mihi
580 4552 709 4613 bonam
730 4570 830 4630 spem
847 4549 943 4630 facit,
968 4571 1032 4614 vos
1048 4550 1136 4615 nihil
1152 4550 1309 4615 odiosius
1333 4551 1367 4615 in
1392 4574 1449 4617 me
1474 4556 1532 4619 de·

248 4667 417 4721 creturos.
466 4656 569 4737 Quod
594 4656 623 4719 si
648 4656 761 4738 fieret,
788 4659 911 4721 eadem
938 4678 1049 4740 opera
1073 4668 1110 4722 et
1133 4658 1359 4723 Lutheranae
1384 4661 1531 4725 factioni

245 4784 320 4828 rem
346 4767 452 4846 longe
477 4764 713 4846 gratissimam
738 4765 895 4846 facietis,
919 4786 961 4828 ac
992 4767 1153 4848 pluribus
1183 4766 1414 4830 summatibus
1445 4766 1531 4830 viris

246 4874 354 4955 longe
379 4871 680 4953 molestissimam,
713 4891 803 4953 quos
835 4870 921 4934 mihi
954 4872 1043 4937 meis
1075 4872 1201 4936 studiis
1234 4873 1378 4936 devinxi
1402 4873 1529 4938 favore
