3425 5700
761 581 842 645 'eo
883 570 934 645 re·
973 574 1032 645 ee

269 755 375 821 quum
401 733 634 801 Arrianorum
659 746 695 799 et
718 737 981 819 Montanorum,
1006 737 1299 802 Photinianorum
1323 740 1407 803 item
1425 740 1543 821 Nesto-

268 828 447 908 riandrum
483 854 519 907 et
541 843 874 923 Euthicbianorum,
914 853 949 906 et
981 844 1129 907 aliorum
1164 846 1403 910 hereticorum
1428 849 1545 930 libros,

268 954 328 1036 pia
353 963 388 1016 et
412 951 588 1015 catholica
612 954 721 1015 multa
752 951 975 1013 continentes
1006 952 1175 1034 religiosa
1200 954 1376 1017 exusserit
1400 956 1544 1037 antiqui·

268 1070 334 1123 tas.
381 1060 487 1122 Nulla
511 1059 604 1123 enim
621 1067 675 1121 est
698 1060 744 1120 ad
767 1058 962 1121 fallendum
979 1057 1160 1122 efficacior
1174 1060 1336 1123 doctrina
1351 1081 1456 1142 quam
1480 1083 1546 1143 que

269 1168 386 1231 multis
409 1166 515 1242 veris,
540 1186 655 1249 pauca
678 1166 770 1228 falsa
793 1166 951 1228 misceat.
999 1165 1067 1246 Qui
1091 1176 1208 1229 autem
1240 1179 1421 1250 postremo
1445 1180 1481 1233 te
1504 1191 1546 1232 eo

268 1276 398 1356 recipis
422 1287 459 1337 et
481 1274 645 1355 confugis
667 1272 830 1353 Martine‚
855 1293 925 1353 quo
950 1292 1072 1336 omnes
1096 1273 1242 1337 heretici
1267 1296 1306 1338 se
1330 1275 1489 1359 recipere
1514 1288 1547 1339 et

269 1382 464 1463 confugere
493 1388 771 1453 consueverunt;
807 1388 970 1461 paratum
994 1380 1129 1443 scilicet
1154 1402 1233 1444 esse
1257 1392 1309 1465 te,
1342 1404 1419 1446 cum
1444 1385 1547 1447 homo

269 1490 328 1568 sis,
353 1488 412 1569 qui
425 1488 497 1550 labi
523 1499 558 1550 et
584 1486 657 1550 falli
681 1486 808 1568 possiS,
832 1508 854 1549 a
878 1506 1101 1569 quocumque
1125 1495 1259 1551 summo
1283 1491 1341 1551 vel
1358 1489 1479 1553 infimo
1503 1512 1547 1553 ex

269 1596 380 1659 sacris
402 1595 529 1657 litteris
552 1594 838 1657 informationem
854 1594 1026 1676 recipere,
1051 1594 1227 1658 neminem
1243 1606 1362 1659 tamen
1378 1598 1549 1661 hactenus

269 1703 396 1782 fuisse,
425 1702 485 1783 qui
508 1703 545 1764 id
568 1702 688 1765 facere
712 1711 941 1782 temptasset,
979 1722 1106 1782 equum
1132 1712 1306 1783 putarem,
1331 1704 1426 1784 quod
1451 1704 1547 1785 dicis,

269 1812 299 1873 si
322 1831 393 1873 non
419 1830 541 1872 omnes
564 1808 713 1872 heretici
737 1809 829 1870 idem
855 1828 997 1890 semper
1020 1808 1241 1872 fastitassent
1276 1819 1311 1872 et
1334 1810 1450 1874 sinon
1468 1832 1547 1893 que-

269 1919 493 1981 madmodum
519 1926 554 1978 et
578 1916 658 1997 ipsi,
683 1925 719 1977 tu
745 1936 809 1997 pro
834 1916 982 1978 arbitrio
1007 1926 1043 1978 et
1066 1914 1116 1977 tui
1141 1916 1267 1998 capitis
1291 1922 1406 1999 mot'u,
1431 1940 1549 1982 sacras

269 2027 406 2088 litteras
429 2024 630 2086 intellectas
654 2043 733 2085 esse
758 2023 864 2102 velis,
895 2022 995 2104 sique
1019 2044 1190 2087 novarum
1215 2034 1349 2088 tantum
1374 2029 1549 2107 heresum,

270 2143 304 2195 et
329 2153 398 2194 non
416 2132 485 2193 iam
500 2131 631 2192 dudum
645 2132 962 2193 condemnatorum
977 2140 1133 2193 assertor
1146 2131 1358 2220 accessisses
1367 2120 1382 2205 ;Ι
1400 2133 1549 2214 plurima

269 2241 363 2303 enim
388 2259 508 2301 eorum
533 2258 602 2318 que
628 2237 775 2299 adducis
798 2237 1044 2318 Pegardorum
1067 2246 1158 2317 sunt,
1183 2237 1431 2302 Waldensium
1457 2250 1546 2320 sunt,

269 2347 471 2425 Pauperum
496 2345 541 2405 de
558 2344 733 2424 Lugduno
758 2352 850 2421 sunt,
877 2342 1026 2405 Wicleff
1042 2352 1079 2405 et
1094 2344 1227 2426 Huysz,
1251 2354 1288 2407 et
1309 2344 1459 2415 aliorum
1479 2347 1546 2409 iam

270 2454 400 2514 dudum
425 2450 632 2513 sinodaliter
657 2451 806 2530 explose
831 2450 986 2513 hereses
1034 2450 1117 2530 ista,
1142 2472 1186 2514 ne
1202 2451 1372 2515 refricare
1396 2454 1432 2515 in
1447 2473 1547 2535 ques·

188 2562 192 2567 ’
269 2562 399 2623 tionem
426 2566 462 2620 et
486 2556 761 2638 disputationem
785 2557 928 2619 trahere
961 2560 1126 2638 oportet?
1151 2577 1219 2638 que
1245 2558 1407 2622 Ecclesia
1422 2559 1545 2623 Catho-

270 2668 338 2729 lica
359 2664 570 2747 judicialiter
596 2662 855 2739 determinavit,
881 2683 949 2743 que
973 2663 1008 2725 in
1026 2684 1120 2743 usuS,
1144 2665 1232 2727 ritus
1248 2675 1284 2727 et
1301 2667 1548 2729 observantias

270 2774 494 2850 transierunt,
520 2791 588 2852 que
612 2781 733 2852 patres
756 2769 866 2831 nostri
891 2780 989 2832 certa
1012 2769 1081 2833 fide
1107 2781 1305 2854 tenuerunt,
1330 2793 1397 2855 pro
1422 2775 1548 2856 quibus

270 2883 366 2945 nulla
399 2901 468 2943 non
504 2899 696 2960 poenarum
722 2897 867 2958 genera,
892 2879 988 2940 nulla
1013 2899 1082 2941 non
1108 2889 1284 2943 tormenta
1309 2882 1547 2962 pertulissent,

252 2991 374 3066 ¹immo
410 2988 505 3049 mille
540 2997 671 3048 mortes
706 2985 806 3047 ritius
847 2985 1057 3066 subiissent,
1102 3006 1207 3067 quam
1240 3007 1383 3068 quaqua
1424 3008 1549 3051 versus

269 3100 315 3159 ab
339 3096 409 3157 illis
440 3093 695 3164 declinassent;
730 3103 765 3155 et
795 3105 833 3155 tu
867 3113 932 3154 nos
956 3113 977 3154 a
1001 3093 1146 3173 semita,
1180 3114 1249 3174 qua
1280 3103 1402 3176 patres
1425 3096 1548 3176 nostri,

269 3179 421 3264 fideliter
445 3202 666 3262 incesserunt
690 3199 744 3261 vis
768 3199 998 3261 deorbitare?

359 3307 452 3387 Quid
477 3308 566 3368 haec
591 3306 778 3367 audientes
802 3306 922 3368 dicent
946 3307 1060 3386 Judei,
1085 3307 1169 3388 quid
1194 3309 1319 3387 'l'urce,
1345 3310 1428 3389 quid
1445 3306 1549 3371 Sara-

270 3413 348 3476 ceni
373 3423 408 3475 et
430 3413 500 3474 alie
525 3423 623 3475 secte
647 3412 728 3476 fidei
750 3423 870 3474 nostre
887 3415 1141 3477 adversantes?
1188 3414 1301 3495 Quam
1326 3418 1551 3479 solverentur

269 3521 312 3582 in
341 3522 525 3583 cachinos!
564 3540 669 3600 quam
703 3523 981 3583 subsannarent!
1016 3542 1108 3583 nunc
1141 3521 1291 3602 primum
1329 3521 1551 3586 Christianos

270 3629 452 3709 disputare
486 3647 568 3706 nos,
604 3648 647 3689 an
684 3629 856 3689 hactenus
891 3639 988 3690 recte
1022 3629 1284 3692 crediderimus.
1332 3629 1413 3691 Noli
1438 3652 1551 3712 queso

269 3733 440 3812 Martine‚
476 3734 548 3795 noli
572 3733 637 3796 tibi
662 3754 848 3815 arrogare,
887 3736 983 3815 quod
1008 3746 1045 3797 tu
1070 3735 1137 3815 sis,
1170 3747 1207 3798 tu
1231 3736 1375 3817 inquam
1399 3745 1490 3800 unus
1515 3749 1552 3800 et

269 3844 364 3904 solus
388 3841 446 3921 sis,
471 3841 530 3921 qui
554 3840 737 3902 scientiam
761 3841 1016 3922 scripturarum
1040 3844 1193 3921 babeaS,
1218 3842 1277 3924 qui
1301 3863 1424 3905 verum
1449 3864 1551 3907 sacre

268 3951 443 4030 scripture
461 3969 600 4010 sensum
619 3950 758 4010 teneas!
784 3969 887 4028 quem
906 3948 1132 4010 sacratissimi
1147 3950 1313 4012 doctores
1330 3949 1365 4012 in
1381 3951 1550 4031 explana-

269 4057 365 4120 tione
389 4056 652 4137 scripturarum,
678 4055 803 4116 diebus
825 4058 993 4118 sudantes
1018 4066 1053 4117 et
1078 4056 1252 4135 noctibuS,
1278 4077 1409 4138 magno
1426 4059 1551 4120 labore

269 4175 305 4227 et
328 4164 445 4226 studio
469 4165 649 4225 consecuti
674 4171 763 4225 sunt.

358 4271 412 4333 Ne
432 4270 716 4352 juditiumtuum
740 4278 793 4331 tot
817 4267 1020 4331 clarissimis
1044 4270 1129 4332 viris
1152 4270 1390 4352 preposueriS,
1420 4291 1464 4332 ne
1485 4271 1550 4332 tibi

268 4381 348 4461 plus
384 4379 546 4440 omnibus
582 4397 709 4457 sapere
742 4377 916 4454 videariS,
950 4398 993 4437 ne
1020 4378 1276 4440 sanctissimam
1301 4377 1407 4439 fidem
1432 4379 1537 4440 ortho

269 4488 398 4549 doxam
434 4484 468 4546 in
504 4484 646 4546 dubium
678 4483 920 4563 revocaveriS,
957 4503 1061 4564 quam
1086 4483 1245 4548 Christus
1269 4485 1551 4567 perfectissimus

269 4592 452 4674 legislator
477 4590 637 4671 instituit,
663 4591 829 4672 Apostoli
851 4610 916 4672 per
933 4594 1055 4654 orbem
1073 4601 1244 4655 terrarum
1262 4592 1549 4676 divulgaverunt,

268 4700 438 4761 miracula
454 4698 732 4778 elucidaverunt,
756 4697 923 4760 Martires
938 4698 1079 4761 rubenti
1095 4699 1267 4781 sanguine
1285 4697 1550 4778 confirmarunt,

268 4826 373 4887 quam
403 4805 533 4867 deinde
562 4805 652 4866 sacri
678 4805 843 4867 doctores
867 4807 1122 4886 prophetarum
1147 4806 1300 4868 obscura
1324 4805 1549 4884 disserentes,

268 4923 303 4976 et
327 4923 402 4975 tam·
423 4913 506 4975 novi
531 4932 635 4993 quam
659 4912 790 4974 veteris
806 4912 1028 4974 instrumenti
1043 4914 1246 4974 revelantes
1262 4913 1416 4974 maxima
1433 4932 1548 4975 sacra·
