3425 5700
772 560 830 617 ΗΒ
870 560 1020 617 butu-0

256 724 369 787 nuper
386 709 430 769 ad
449 728 504 770 me
522 708 629 789 dedit,
651 718 839 789 postquam
864 708 998 771 scilicet
1020 707 1249 771 intellexerat
1273 730 1328 771 me
1353 729 1423 770 non
1447 709 1539 771 redi-

255 823 371 877 turum
388 814 584 878 Lovanium
609 835 674 897 pro
690 814 787 879 finali
812 836 985 897 responso
1010 835 1075 878 suo
1099 826 1135 878 et
1159 815 1243 877 dicti
1261 814 1442 879 Vincentii
1466 814 1540 898 (qui

261 922 344 983 dum
368 941 438 1004 ego
472 922 523 984 illi
547 925 713 1003 loquerer
737 921 898 985 Lovanio
930 920 1071 1007 aberat)
1100 931 1206 1004 prout
1233 922 1325 985 inter
1360 942 1425 985 nos
1457 942 1537 987 con·

255 1039 423 1109 venerat,
455 1030 543 1091 baec
574 1031 686 1092 verba
717 1029 753 1091 in
785 1028 899 1092 forma
929 1032 975 1092 ad
1003 1050 1059 1093 me
1091 1029 1250 1111 scripsit:
1289 1029 1389 1111 „Non
1414 1028 1539 1093 dubito

256 1134 392 1216 (inquit)
418 1155 495 1199 esse
520 1137 565 1197 de
589 1145 708 1199 mente
733 1134 792 1198 8¹¹¹*
823 1135 868 1199 D.
893 1135 935 1201 N.
961 1145 997 1199 et
1021 1134 1126 1200 Sedis
1150 1136 1382 1218 Apostolicae
1415 1157 1540 1199 omnes

256 1242 335 1305 Deo
352 1253 579 1306 consecratos
596 1244 801 1306 sacerdotes
817 1253 853 1306 et
869 1243 1021 1307 maxime
1038 1245 1228 1324 theologos
1243 1242 1365 1306 facere
1380 1243 1540 1307 scribere

262 1358 298 1412 et
320 1348 530 1430 praedicare
562 1360 687 1413 contra
717 1350 1026 1433 pestilentissimas
1058 1352 1226 1412 haereses
1250 1350 1396 1413 Lutheri
1426 1359 1540 1414 totam

258 1454 454 1519 Ecclesiam
489 1458 752 1538 perturbantes,
812 1458 935 1520 Talem
976 1478 1032 1520 me
1067 1476 1208 1537 semper
1243 1457 1392 1520 habebit
1423 1454 1541 1521 Sedes

257 1562 467 1645 Apostolica
492 1573 526 1628 et
550 1564 719 1629 Pontifex
745 1575 781 1630 et
805 1586 917 1647 usque
941 1568 986 1628 ad
1010 1565 1105 1627 vitae
1122 1564 1336 1646 periculum;
1359 1567 1428 1627 hoc
1446 1563 1541 1627 enim

258 1670 429 1734 debemus
446 1670 598 1753 Christ0,
611 1674 782 1736 debemus
794 1672 989 1752 Ecclesiae,
1003 1674 1173 1735 debemus
1189 1669 1275 1734 Sedi
1293 1672 1540 1755 Apostolicae.

258 1775 361 1856 Quod
386 1777 414 1840 si
439 1778 517 1859 quis
540 1779 577 1841 in
601 1779 781 1842 erroribus
805 1779 860 1842 his
876 1779 1097 1861 corrigendis
1122 1778 1328 1842 clamaverit
1352 1799 1390 1842 se
1415 1780 1539 1859 lesum,

259 1892 440 1965 protestor
464 1905 583 1949 coram
607 1886 686 1949 Deo
711 1907 782 1949 non
819 1887 854 1949 id
883 1886 960 1949 fieri
997 1908 1078 1951 mea
1110 1888 1232 1968 culpa,
1268 1887 1331 1949 sed
1367 1886 1443 1949 eius
1477 1884 1540 1967 qui

257 1990 344 2054 talia
376 1993 558 2073 scripserit
590 2014 680 2075 quae
713 1994 835 2076 nequit
866 2017 888 2057 a
917 1994 1113 2057 lutheranis
1141 1995 1321 2057 erroribus
1344 1994 1539 2075 superare“

259 2096 453 2180 Hucusque
472 2102 584 2163 verba
600 2100 836 2183 Egmondani,
861 2103 906 2165 de
931 2123 1000 2184 quo
1024 2104 1093 2165 hoc
1117 2122 1223 2165 unum
1247 2100 1339 2183 dic0,
1363 2120 1419 2163 me
1442 2100 1542 2163 inve-

257 2205 353 2269 nisse
389 2226 467 2269 eum
503 2207 616 2271 virum
648 2210 700 2290 (ut
736 2208 820 2271 mihi
854 2210 996 2291 quidem
1028 2209 1141 2273 visum
1171 2208 1237 2291 est)
1275 2218 1448 2286 sanctum,
1485 2229 1540 2271 ze-

259 2315 372 2376 losum
397 2334 463 2396 pro
486 2313 558 2377 fide
582 2335 624 2377 ac
648 2316 842 2398 religione,
877 2316 1006 2380 Christi
1031 2326 1067 2379 et
1091 2313 1196 2380 Sedis
1220 2316 1453 2396 Apostolicae
1476 2318 1541 2377 ob·

258 2419 571 2501 servantissimum,
597 2398 811 2504 omninoque
835 2425 942 2487 alium
967 2444 1071 2505 quam
1095 2423 1179 2485 mihi
1203 2423 1299 2485 illum
1315 2422 1414 2485 multi
1430 2422 1543 2485 etiarn

258 2548 304 2589 ex
335 2528 484 2590 alumnis
514 2528 631 2592 dictae
663 2530 897 2593 Lovaniensis
931 2529 1149 2594 Academiae
1178 2529 1434 2610 depinxerant,
1470 2528 1543 2590 viri

258 2634 390 2715 alioqui
414 2635 500 2697 boni
525 2636 585 2717 qui
609 2656 774 2717 magnam
799 2638 949 2701 hominis
964 2638 1224 2700 vehementiam
1248 2637 1419 2700 adversus
1436 2655 1542 2717 quos-

259 2760 408 2823 cumque
433 2743 492 2825 qui
516 2745 739 2807 lutheranum
764 2745 946 2827 quippiam
971 2764 1099 2826 sapere
1122 2742 1328 2807 viderentur
1351 2742 1446 2806 ferre
1466 2762 1542 2805 non

258 2859 467 2932 potuerunt,
500 2850 536 2914 in
571 2872 640 2933 qua
664 2853 890 2916 vehementia
913 2852 990 2916 fieri
1014 2835 1133 2934 potest
1156 2861 1194 2915 ut
1217 2850 1277 2914 ille
1301 2873 1371 2914 non
1398 2870 1545 2932 semper

259 2968 388 3021 exacte
412 2959 554 3022 modum
577 2961 919 3043 temperantiamque
949 2960 1156 3042 servaverit,
1180 2980 1258 3022 cum
1282 2961 1351 3022 hoc
1373 2959 1410 3020 in
1433 2959 1544 3019 vehe-

259 3064 437 3128 mentibus
460 3066 648 3129 affectibus
678 3067 924 3131 difficillimum
949 3068 1013 3146 sit,
1046 3068 1110 3130 sed
1141 3087 1220 3129 meo
1254 3065 1383 3128 iudicio
1408 3067 1543 3127 collau-

259 3172 398 3234 dandus
427 3183 481 3235 est
513 3174 666 3237 hominis
698 3177 793 3237 zelus
828 3195 897 3256 quo
928 3175 964 3237 in
994 3175 1143 3237 materia
1172 3173 1256 3236 fidei
1287 3192 1427 3254 semper
1453 3191 1547 3233 usus

260 3286 314 3340 est
338 3279 456 3342 statim
481 3281 527 3342 ab
552 3291 678 3343 exortu
703 3283 911 3344 lutheranae
935 3284 1136 3345 haereseos.
1183 3280 1265 3362 Ipse
1290 3279 1382 3342 enim
1406 3277 1548 3360 primus

258 3384 456 3466 publicavit
490 3386 821 3451 condemnationem
867 3387 1015 3450 Lutheri
1046 3407 1297 3469 perversorum
1335 3386 1545 3467 dogmatum

259 3511 324 3574 per
348 3491 590 3556 Lovanienses
615 3494 821 3576 Theologos
844 3495 1098 3576 magistraliter
1122 3494 1262 3558 factam.
1310 3493 1391 3574 Ipse
1405 3492 1544 3554 bullam

260 3596 315 3660 8⁸⁶
347 3600 536 3663 memoriae
561 3601 684 3683 Papae
709 3601 839 3665 Leonis
863 3603 1036 3665 adversus
1060 3603 1185 3664 eadem
1209 3600 1388 3681 dogmata,
1404 3617 1545 3661 eorum-

260 3725 329 3787 que
353 3715 533 3770 auctorem
558 3708 720 3772 emissam
746 3719 781 3771 et
805 3709 958 3773 edictum
981 3709 1165 3790 imperiale
1190 3727 1255 3789 pro
1286 3706 1397 3789 ipsius
1419 3705 1548 3768 bullae

260 3813 473 3876 executione
498 3815 709 3878 sollicitante
734 3817 777 3880 D.
796 3817 1017 3900 Hieronymo
1035 3816 1218 3879 Aleandro
1233 3814 1413 3896 Episcopo
1428 3813 1546 3874 Brun-

260 3918 398 4000 dusino,
414 3929 497 3984 tunc
513 3922 636 3985 nuntio
654 3923 865 4002 Apostolico
884 3922 998 4003 factis,
1022 3923 1058 3985 in
1083 3921 1234 3986 diversis
1257 3920 1361 3984 terris
1385 3939 1427 3983 ac
1451 3918 1550 3984 locis

262 4027 456 4108 evulgavit.
504 4028 585 4110 Ipse
621 4031 665 4092 D.
701 4029 894 4093 Francisco
929 4030 1071 4094 Hulstio
1105 4051 1209 4111 quem
1244 4039 1316 4091 tam
1348 4028 1552 4109 imperator

259 4154 366 4215 quam
402 4133 514 4198 felicis
563 4135 819 4199 recordationis
855 4137 957 4219 Papa
992 4137 1196 4200 Hadrianus
1231 4134 1404 4198 Dominus
1441 4154 1550 4197 meus

260 4241 463 4304 haereticae
488 4263 529 4305 ac
554 4242 780 4307 Lutheranae
804 4244 992 4327 pravitatis
1024 4244 1058 4306 in
1092 4244 1147 4306 his
1179 4241 1341 4324 partibus
1368 4238 1547 4305 inferiori·

261 4351 328 4410 bus
352 4350 556 4428 generalem
581 4351 842 4430 deputaverant
865 4351 900 4413 in
918 4350 1137 4414 comissionis
1154 4370 1238 4413 suae
1256 4359 1292 4412 et
1306 4346 1550 4430 inquisitionis

263 4455 474 4519 executione
498 4476 641 4538 semper
664 4457 948 4520 constantissime
964 4457 1094 4536 affecit,
1110 4477 1182 4519 non
1197 4457 1272 4519 sine
1287 4474 1418 4537 magno
1431 4474 1551 4535 saepe

262 4563 358 4626 vitae
373 4583 458 4626 suae
470 4563 639 4645 pericu10,
657 4584 760 4644 quem
774 4564 1001 4627 Franciscum
1023 4564 1090 4627 nisi
1103 4561 1183 4627 ΞΜ
1196 4565 1240 4628 D.
1258 4562 1301 4626 N.
1315 4562 1479 4626 Clemens
1495 4563 1551 4626 ad

262 4669 464 4733 instantiam
474 4670 565 4732 illm
577 4671 679 4734 Dnae
690 4671 967 4735 Archiducissae
990 4672 1211 4753 quorundam
1232 4669 1382 4733 avaritia
1395 4688 1549 4732 exceca-

263 4789 378 4840 torum
402 4778 692 4858 suggestionibus
716 4777 979 4842 circumventae
1002 4781 1048 4842 ab
1064 4778 1182 4842 officio
1198 4777 1402 4857 destitisset,
1426 4776 1552 4840 audeo

264 4883 383 4946 dicere
394 4903 472 4947 cum
486 4883 602 4948 multis
614 4885 849 4966 prudentibus
862 4896 898 4947 et
911 4885 1036 4948 zelosis
1048 4884 1134 4947 viris
1146 4886 1270 4947 harum
1280 4883 1434 4978 partium
1446 4887 1554 4965 quod
