3425 5700
808 496 1054 556 t{3296854

291 645 343 712 Sss
369 650 417 712 ha
440 645 533 711 visto
557 646 746 710 volentieri
770 647 791 710 l'
809 667 880 712 uno
905 655 941 710 et
964 647 986 710 1’
1004 650 1096 711 altro
1120 657 1156 712 et
1179 647 1270 711 fatto
1295 667 1437 712 carezze
1463 658 1499 712 et
1514 647 1567 712 de·

289 755 521 820 monstration
545 755 683 838 grande
708 775 729 817 a
752 754 808 816 fra
831 754 961 836 Joanni
985 762 1019 818 et
1043 756 1090 818 ha
1113 755 1305 838 parlatogli
1328 757 1438 819 molto
1463 756 1568 820 dime-

288 864 496 928 sticamente
521 882 628 944 sopra
653 862 685 924 le
710 882 792 924 cose
817 861 853 923 di
877 859 1033 924 Martino
1058 871 1094 924 et
1122 863 1213 928 altre
1244 871 1281 925 et
1307 862 1369 943 poi
1399 864 1447 926 ha
1478 862 1568 928 fatto

289 969 493 1055 provederli
516 989 582 1051 per
606 970 639 1031 le
664 989 768 1051 spese
797 978 833 1032 et
856 977 948 1031 tutto
972 975 1009 1032 et
1031 988 1137 1051 spero
1166 968 1342 1034 ritornera
1375 980 1500 1052 presto
1533 980 1569 1036 et

289 1075 562 1142 contentisdmo.

379 1163 408 1248 E
431 1193 523 1247 stato
548 1181 748 1248 testimonio
772 1180 1051 1263 locupletissimo
1076 1182 1171 1248 della
1193 1182 1327 1248 fatiche
1356 1194 1392 1246 et
1414 1183 1510 1248 virtu
1534 1183 1569 1248 di

288 1293 331 1356 N.
356 1290 393 1356 S.
418 1301 454 1354 et
476 1289 591 1354 meriti
614 1289 726 1354 vostri
750 1311 771 1352 a
795 1288 831 1352 S.
857 1287 922 1370 8¹⁸,
946 1291 982 1353 la
997 1291 1082 1372 qual
1095 1292 1142 1354 ho
1159 1291 1252 1356 visto
1268 1292 1446 1375 pigliarne
1466 1313 1568 1374 gran·

289 1399 432 1463 disSImo
465 1399 617 1481 piacere.
665 1445 672 1460 .
699 1445 707 1462 .
745 1397 802 1460 Da
838 1395 957 1461 Roma
988 1395 1051 1460 alli
1081 1397 1192 1462 XVII
1223 1399 1257 1461 d'
1280 1398 1432 1463 Ottobre
1476 1421 1570 1479 15²¹·

289 1505 426 1593 (tenuta
448 1505 520 1569 fino
544 1505 605 1570 alli
630 1501 696 1588 22).

822 1716 1029 1728 uanum

890 1965 966 2030 128.

603 2069 996 2164 vicecancellarius
1028 2083 1248 2165 Ileandro.

720 2229 864 2302 (Nuntiat.
884 2229 1010 2289 deman.
1028 2229 1059 2289 Β.
1079 2230 1133 2302 02.)

775 2345 828 2416 (27.
849 2350 975 2400 Octobris
996 2349 1083 2417 1521.)

377 2493 540 2557 Havemo
563 2512 635 2555 una
657 2500 779 2554 vostra
803 2491 839 2554 di
854 2491 948 2554 XIII
972 2493 1031 2554 del
1052 2490 1229 2578 passato¹)
1253 2493 1310 2557 col
1330 2494 1422 2558 libro
1438 2495 1574 2578 impiis-

288 2601 377 2664 simo
410 2602 515 2681 quale
547 2618 613 2681 per
644 2599 680 2661 la
703 2597 902 2661 coniettura
934 2599 1001 2661 che
1032 2619 1079 2662 ne
1107 2599 1260 2664 scrivete
1293 2609 1330 2664 et
1363 2601 1443 2666 altri
1467 2623 1575 2686 argu·

287 2707 397 2772 menti
421 2709 487 2770 che
511 2706 604 2770 omai
626 2705 687 2788 piu
711 2707 809 2768 volte
833 2707 881 2768 ha
905 2705 1111 2770 dimostrato
1136 2705 1174 2768 di
1196 2727 1236 2770 so
1255 2716 1381 2788 stesso,
1406 2718 1442 2771 et
1465 2708 1525 2772 fra
1548 2710 1575 2772 li

289 2815 369 2880 altri
393 2815 458 2879 che
483 2833 592 2878 erano
616 2813 652 2876 in
669 2813 787 2895 quella
802 2812 938 2896 polizza
953 2814 1121 2877 mandata
1144 2815 1203 2877 dal
1219 2812 1352 2880 Nuntio
1367 2815 1404 2878 di
1419 2811 1576 2899 Spagna

288 2923 348 2986 alli
372 2921 484 2985 nostri
508 2920 543 2983 in
560 2920 689 3000 Roma,
714 2920 780 2983 che
804 2920 839 2982 vi
864 2941 902 2984 se
927 2942 971 2983 ne
996 2920 1111 2983 drizzd
1131 2921 1248 3004 copia,
1270 2923 1450 2986 crediamo
1466 2944 1577 2989 come

288 3028 348 3093 voi
376 3030 442 3092 che
466 3027 519 3091 sia
542 3047 605 3089 sua
628 3026 754 3089 farina.
802 3023 989 3108 Speriamo
1012 3028 1048 3089 in
1070 3026 1140 3091 Dio
1165 3029 1231 3091 che
1255 3030 1290 3092 in
1315 3029 1437 3092 ultima
1459 3038 1498 3093 et
1523 3030 1576 3094 lui

288 3136 372 3199 etii
396 3134 477 3198 altri
501 3132 604 3197 simili
628 3155 666 3197 se
690 3153 957 3215 accorgeranuo
983 3135 1078 3197 della
1100 3136 1178 3198 loro
1202 3134 1387 3219 malignita
1415 3145 1451 3199 et
1474 3136 1575 3201 tardi

287 3264 326 3306 se
350 3241 573 3324 pentiranno.
620 3240 690 3303 Voi
714 3240 891 3323 seguitate
915 3261 982 3304 con
998 3241 1189 3323 prudentia
1205 3241 1322 3305 studio
1346 3252 1382 3305 et
1396 3241 1576 3325 patientia

288 3360 324 3413 et
347 3357 448 3413 usate
480 3348 504 3411 li
527 3347 667 3411 rimedii
700 3357 736 3410 et
759 3348 933 3416 medicine
957 3351 1114 3412 secondo
1139 3350 1173 3412 el
1194 3351 1338 3431 morbo,
1375 3359 1410 3411 et
1433 3360 1575 3430 quanto

288 3456 349 3541 piu
380 3455 410 3520 si
433 3456 504 3538 pud
537 3476 594 3518 ma
618 3474 686 3517 con
710 3454 980 3518 mansuetudine
1011 3456 1130 3519 cerehi
1154 3455 1287 3518 redurli
1321 3465 1358 3519 et
1380 3476 1575 3538 reparare;

267 3614 272 3629 .
288 3573 363 3626 sete
385 3562 420 3625 in
440 3563 543 3645 fatt0,
568 3571 603 3625 et
619 3562 751 3643 meglio
775 3564 840 3625 che
855 3562 938 3625 tutti
961 3571 1152 3626 conoscete
1171 3573 1305 3644 quanto
1322 3562 1352 3626 si
1369 3582 1575 3648 convenga.

288 3670 341 3733 La
364 3668 545 3753 presentia
568 3679 689 3731 vostra
713 3667 733 3730 e
756 3689 823 3750 pur
847 3670 961 3732 anche
986 3667 1078 3733 cossi
1102 3670 1322 3745 necessaria;
1346 3672 1434 3752 perd
1451 3691 1527 3735 non
1553 3672 1576 3735 e

288 3779 401 3841 anche
426 3777 472 3839 da
496 3777 629 3839 lassare
653 3778 687 3838 le
711 3795 794 3839 cose
819 3778 891 3838 cosi
916 3775 961 3838 ne
984 3784 1201 3839 tornarvene
1224 3798 1245 3839 a
1268 3776 1312 3841 N.
1330 3774 1364 3841 S.
1389 3785 1425 3841 et
1447 3798 1471 3840 a
1493 3778 1575 3854 noi;

288 3894 425 3947 attenta
456 3885 492 3945 la
524 3881 751 3964 Importantia
784 3883 879 3945 della
910 3882 1065 3964 impresa
1096 3884 1164 3946 che
1197 3884 1326 3947 havete
1349 3893 1426 3947 sete
1457 3886 1574 3948 molto

288 3991 349 4074 piu
374 4010 457 4053 caro
482 3990 516 4053 la
540 4010 606 4073 per
630 3990 769 4072 adesso,
793 3988 821 4052 si
846 3993 915 4053 ben
935 3999 1069 4071 quanto
1094 3990 1152 4054 all'
1165 3990 1283 4054 animo
1300 4001 1422 4054 nostro
1439 3990 1477 4053 vi
1490 4011 1574 4055 vor·

288 4118 385 4162 remo
411 4116 551 4180 sempre
575 4115 758 4178 appresso

378 4204 449 4267 Per
472 4202 496 4266 il
521 4201 650 4266 Cocleo
675 4200 785 4265 siamo
809 4201 954 4284 persar
977 4203 1064 4286 ogni
1087 4222 1182 4285 cosa,
1207 4214 1243 4267 et
1266 4214 1364 4268 certo
1387 4203 1431 4267 N.
1456 4201 1494 4267 S.
1520 4205 1576 4289 gli

288 4313 335 4375 ha
358 4330 473 4374 messo
498 4308 621 4373 affetto
645 4310 783 4392 grande
809 4319 843 4372 et
867 4308 924 4372 noi
948 4312 1057 4373 molto
1071 4312 1107 4372 lo
1123 4331 1280 4385 amam03
1305 4310 1440 4374 faremo
1456 4310 1574 4375 inten-

288 4419 374 4482 dere
399 4418 445 4481 da
467 4436 601 4481 messer
615 4416 765 4480 Andrea
790 4426 826 4479 et
849 4417 910 4479 dal
926 4416 1187 4499 Questemberg
1211 4418 1306 4499 quali
1330 4418 1487 4481 secondo
1511 4418 1575 4483 noi

288 4544 377 4589 sono
401 4523 484 4587 stati
507 4521 708 4606 negligenti
730 4522 765 4586 in
791 4533 917 4605 questa
941 4544 1024 4587 cosa
1048 4532 1085 4587 et
1108 4545 1179 4588 non
1195 4524 1225 4587 si
1244 4523 1379 4588 lassera
1403 4526 1470 4589 che
1490 4524 1574 4590 fare

319 4752 339 4824 ¹)
358 4757 428 4805 Vere
463 4754 528 4805 haec
557 4754 670 4820 epistola
703 4754 839 4819 respondit
872 4753 1001 4819 epistolae
1032 4755 1111 4803 datae
1146 4755 1189 4805 dIe
1217 4756 1422 4805 Decimatertia'
1436 4756 1573 4807 Octobris.

362 4836 509 4885 Dicendum
529 4851 593 4899 ergo
612 4836 699 4901 potius
718 4838 761 4884 del
774 4841 903 4898 presente.
