3425 5700
604 568 850 629 053123ffl

105 719 214 799 riores,
246 718 391 782 eosdem
421 736 545 780 omnes
576 737 689 799 penes
721 740 787 783 vos
820 721 866 782 ad
891 728 1031 781 nostras
1055 739 1180 781 manus
1205 718 1367 798 teneatis,

104 846 199 907 usque
222 826 269 888 ad
291 824 496 887 ulteriorem
520 832 680 887 nostrum
703 826 845 889 iussum.
880 825 953 888 Vos
977 826 1116 888 debetis
1134 826 1239 888 etiam
1255 828 1367 888 dictas

103 932 281 1014 scripturas
314 943 350 995 et
382 932 511 1012 libros,
545 942 581 993 et
604 951 845 1015 quascumque
870 933 957 995 alias
982 933 1181 995 consimiles
1206 934 1249 994 de
1275 953 1368 996 novo

102 1040 312 1103 inventiones
343 1040 418 1103 sive
450 1059 497 1102 ex
527 1038 683 1102 Martino
712 1040 869 1103 Luthero
900 1039 1080 1120 predicto,
1113 1041 1188 1102 sive
1222 1039 1367 1102 aliorum

104 1146 198 1226 iussu,
225 1168 267 1209 ac
291 1149 459 1210 mandato
484 1166 548 1209 seu
570 1146 713 1211 nomine
736 1150 926 1229 prodeant,
955 1148 1000 1209 de
1024 1158 1167 1210 coetero
1192 1167 1262 1209 non
1288 1147 1368 1209 scri-

105 1256 190 1332 bere,
217 1253 437 1337 imprimere,
466 1274 600 1334 emere,
623 1257 796 1334 vendere,
826 1252 1049 1335 praedicare,
1076 1254 1285 1334 defendere,
1310 1263 1369 1316 aut

107 1382 210 1425 eorum
226 1363 387 1444 opInioni
401 1382 464 1425 seu
479 1362 677 1425 sententiae
695 1363 930 1442 subscribere,
954 1370 1163 1440 sustentare,
1183 1371 1220 1423 et
1236 1360 1367 1423 eisdem

107 1469 272 1549 adherere,
297 1478 333 1530 ct
356 1468 579 1532 haecomnia
603 1470 689 1531 nulli
712 1470 892 1532 hominurn
916 1468 1035 1531 facere
1060 1468 1281 1550 permittatis,
1306 1469 1369 1529 sed

107 1576 142 1635 de
168 1576 219 1638 his
249 1575 394 1640 omnino
427 1577 708 1658 supersedeatis,
743 1586 779 1640 et
811 1598 882 1639 non
906 1577 976 1638 alia
1001 1576 1134 1657 agatis,
1166 1585 1227 1639 aut
1250 1575 1368 1638 inobe-

108 1682 228 1745 dientes
250 1703 316 1746 vos
345 1684 563 1766 exhibeatis,
595 1684 631 1746 ln
657 1693 824 1766 quantum
855 1682 1045 1765 unicuique
1069 1693 1224 1745 vestrum
1249 1703 1369 1746 carum

109 1799 166 1866 est,
195 1799 350 1853 nostram
384 1800 420 1854 et
450 1791 542 1854 sacri
570 1791 710 1872 Imperii
734 1790 978 1872 gravissimam
1003 1790 1301 1870 indignationem,
1335 1800 1370 1852 et

108 1915 235 1976 poenas,
258 1917 348 1978 quas
368 1898 449 1979 jura
471 1898 505 1960 in
531 1898 731 1961 huiusmodi
755 1897 897 1961 casibus
921 1898 1190 1977 constituerunt,
1215 1898 1367 1959 evitare:

111 2001 193 2065 Haec
214 2014 335 2066 nostra
360 2014 414 2067 est
438 2006 640 2070 omnimoda
663 2008 829 2068 voluntas
852 2014 889 2067 et
913 2005 1046 2067 seriosa
1072 2004 1258 2068 sententia.

183 2110 308 2175 Datum
333 2112 565 2175 Wormatiae.

703 2539 746 2605 48

156 2664 325 2744 lleauder
354 2664 508 2765 archiep.
538 2663 701 2764 (sonuum
728 2663 925 2764 beodienai)
954 2668 989 2744 et
1017 2662 1101 2744 allis
1129 2665 1312 2765 praelatis

520 2802 662 2868 tumeat
680 2802 805 2862 demea
824 2802 854 2862 Ia.
872 2803 941 2876 teo.)

595 2916 646 2974 (13.
666 2915 754 2962 Martii
777 2911 864 2982 1521.)

205 3038 323 3100 Rev¹¹¹⁰
365 3058 417 3120 pr.
463 3049 499 3101 et
539 3040 653 3102 illustr
695 3040 775 3102 Dne
820 3041 1015 3105 commend.
1075 3039 1187 3120 Quum
1224 3051 1373 3121 propter

109 3142 310 3225 imperialem
335 3146 489 3209 diaetam
514 3167 584 3209 non
609 3148 741 3229 possim
768 3168 860 3210 nunc
885 3147 1148 3228 presentialiter
1173 3167 1227 3210 me
1243 3147 1288 3208 ad
1304 3146 1371 3209 ista

111 3264 214 3314 vestra
235 3256 314 3316 loca
337 3253 512 3334 conferre,
537 3267 730 3336 eapropter
753 3255 853 3316 mitto
878 3256 1029 3317 latorem
1052 3254 1292 3335 praesentium
1313 3253 1372 3335 qui

110 3351 312 3424 Sanctissimi
335 3360 478 3423 Domini
503 3360 623 3423 Nostri
647 3363 786 3424 Bullam
816 3371 940 3424 contra
963 3361 1154 3423 Martinum
1178 3361 1371 3423 Lutherum

109 3473 137 3523 et
158 3466 229 3529 eius
243 3487 413 3549 sequaces
428 3467 656 3549 publicatam,
672 3468 789 3530 Rmae
806 3467 1048 3530 Dominationi
1065 3478 1204 3530 vestrae
1222 3468 1278 3530 vel
1297 3467 1371 3529 eius

108 3570 236 3637 officiali
265 3595 328 3637 seu
359 3573 493 3636 vicario
518 3573 645 3637 offerat
669 3584 705 3636 et
728 3585 928 3656 presentet,
958 3583 1129 3657 petatque
1154 3583 1189 3635 et
1212 3575 1370 3655 requirat

109 3689 139 3737 ut
163 3681 344 3761 praedicta
377 3684 493 3761 bulla,
526 3702 698 3744 unacum
722 3682 890 3744 mandato
916 3680 1147 3763 impressione
1171 3680 1279 3762 sigilli
1302 3681 1370 3743 mei

108 3788 197 3864 parvi
219 3790 365 3867 munito,
389 3788 423 3850 in
450 3787 594 3850 civitate
619 3800 655 3850 et
681 3787 837 3851 dioecesi
860 3798 980 3850 vestra
1005 3787 1206 3850 executioni
1229 3787 1372 3851 debitae

110 3892 337 3959 demandetur.
385 3893 490 3975 Quod
521 3903 559 3956 ut
582 3895 629 3957 R.
654 3895 699 3957 D.
723 3894 767 3956 V.
798 3894 907 3958 faciat
932 3891 990 3958 8¹⁰¹
1018 3895 1061 3960 D,
1086 3893 1129 3957 N.
1154 3895 1251 3975 jussu
1276 3904 1370 3977 peto,

110 4001 237 4082 requiro
271 4014 306 4066 et
333 4005 399 4065 sub
424 4001 583 4065 censuris
607 4001 643 4064 in
666 4003 764 4064 bulla
787 4002 984 4083 apostolica
1009 4002 1185 4064 contentis
1208 4001 1372 4083 iniungo;

110 4125 176 4170 meo
197 4130 284 4172 vero
307 4109 450 4173 nomine
473 4129 536 4171 oro
562 4116 598 4170 et
620 4109 783 4190 supplico
807 4119 846 4171 ut
862 4108 993 4190 possim
1010 4109 1124 4172 eidem
1142 4105 1372 4170 Sanctissimo

110 4211 247 4280 Domino
272 4228 308 4280 et
322 4215 409 4280 Sedi
423 4215 657 4297 Apostolicae
675 4215 925 4278 observantiae
942 4223 976 4278 et
993 4215 1136 4277 debitae
1153 4215 1373 4277 executionis

112 4331 235 4387 vestrae
267 4323 374 4386 fidem
405 4322 536 4386 facere.
583 4323 683 4386 Bene
717 4324 835 4385 valeat
865 4323 988 4385 Revma
1018 4322 1221 4384 Dominatio
1255 4331 1373 4384 vestra

37 4454 38 4457 ¹
112 4428 157 4490 cui
187 4451 242 4494 me
274 4431 388 4494 offero
422 4439 458 4492 et
489 4430 707 4492 commendo.
755 4428 995 4512 Wormatiae,
1032 4449 1075 4490 ex
1114 4428 1231 4490 diaeta
1265 4429 1372 4510 impe-

111 4533 176 4598 riali
197 4538 289 4600 XIII
311 4536 433 4600 Martii
456 4535 639 4601 MDXXI.

629 4731 833 4754 ‘mmm
