3425 5700
831 500 890 559 0⁴3
929 506 981 560 272
1019 504 1078 558 ua

314 666 359 709 un
386 668 559 712 concorso
574 649 632 731 piu
651 652 787 732 grande
804 653 870 715 che
886 672 997 714 ancor
1011 652 1090 732 mai,
1116 655 1174 714 del
1199 653 1265 714 che
1289 652 1359 714 Dio
1382 650 1426 714 sii
1451 654 1577 715 laudato

315 756 381 817 che
406 756 450 818 de
474 758 544 819 ben
568 757 603 820 in
628 758 759 840 meglio
785 761 819 822 13
841 755 927 822 'cosa
952 761 1104 822 succede
1127 768 1253 822 contra
1286 759 1402 840 questi
1435 758 1577 821 heretici.

315 859 413 925 Sono
437 867 627 927 tuttavolta
651 885 782 928 ancora
806 869 865 948 qui
890 867 936 929 de
959 868 1052 928 maie
1076 865 1188 948 spine,
1212 865 1399 948 presertim
1418 867 1463 928 de
1486 865 1578 947 quelli

315 971 381 1032 che
404 973 533 1034 voleno
558 983 730 1036 mostrare
755 994 853 1037 esser
877 974 914 1035 di
938 977 1056 1036 buone
1079 975 1205 1036 lettere
1230 981 1324 1036 sotto
1340 982 1466 1054 questo
1489 992 1578 1034 nome

316 1087 351 1138 et
374 1077 455 1140 tutti
479 1080 574 1142 della
597 1081 719 1142 schola
744 1080 779 1142 di
803 1083 923 1162 quello
947 1081 1060 1144 amico
1092 1082 1158 1143 che
1188 1079 1247 1162 qui
1280 1082 1327 1143 ha
1354 1089 1455 1143 tanto
1478 1100 1578 1142 nome.

314 1183 375 1245 Ma
400 1185 600 1266 besognera
625 1189 690 1249 che
715 1187 908 1251 abbassino
941 1189 962 1249 1’
985 1189 1150 1270 orgoglio
1184 1199 1219 1250 et
1247 1187 1430 1250 retornino
1458 1188 1504 1249 ad
1528 1207 1579 1249 cor

314 1290 426 1353 velint
449 1291 572 1374 nolint,
597 1294 711 1375 prima
735 1315 800 1377 per
824 1296 858 1357 13
882 1295 1015 1358 iustitia
1039 1297 1134 1358 della
1158 1316 1266 1358 causa
1291 1304 1432 1372 nostra,
1463 1293 1580 1356 deinde

314 1419 379 1479 per
393 1401 426 1462 le
444 1419 592 1463 censure
608 1401 804 1482 apostolice
822 1414 857 1465 et
873 1405 994 1465 buono
1009 1402 1133 1465 ordine
1152 1403 1235 1464 dato
1253 1401 1393 1464 (13181110
1413 1410 1580 1483 postremo

313 1525 378 1586 per
403 1527 500 1568 esser
524 1508 557 1570 el
581 1509 682 1570 voler
718 1509 753 1570 di
778 1507 889 1572 Cesar
920 1509 1102 1572 conforme
1135 1520 1171 1572 et
1203 1509 1394 1572 obediente
1423 1510 1494 1570 3113
1514 1528 1580 1570 sen-

313 1614 424 1675 tentia
449 1623 484 1676 et
508 1615 653 1690 decreto
678 1615 712 1677 di
739 1614 811 1678 Sua
836 1614 982 1678 Santita.

404 1722 539 1785 Perche
565 1721 726 1786 Sabbato
758 1745 828 1786 non
853 1725 891 1787 fu
916 1724 1041 1787 ordine
1065 1725 1108 1787 ne
1134 1733 1339 1807 opportuno
1364 1724 1430 1785 che
1454 1743 1492 1784 se
1514 1740 1581 1803 pre-

313 1826 451 1892 dicasse
474 1830 510 1891 in
536 1851 643 1892 causa
667 1830 702 1892 di
721 1831 864 1908 Luther,
890 1830 927 1892 fu
952 1852 1107 1894 remessa
1131 1832 1166 1893 la
1188 1850 1274 1894 cosa
1297 1832 1332 1893 al
1349 1829 1385 1893 di
1410 1838 1582 1910 sequente,

311 1934 401 1997 satta
421 1940 508 2016 perd
533 1939 568 1999 13
591 1937 788 2000 intimation
813 1941 846 2000 31
872 1941 1018 2020 populo,
1043 1940 1075 2000 el
1100 1939 1183 2019 qual
1198 1937 1386 2001 Dominica
1406 1954 1580 2018 comparse

311 2043 381 2104 3113
405 2046 540 2122 grande
565 2045 685 2108 chiesa
718 2045 752 2108 in
777 2046 1014 2128 grandissimo
1050 2067 1196 2109 numero
1231 2055 1266 2107 et
1290 2044 1368 2108 fece
1394 2047 1427 2107 el
1450 2061 1584 2106 sermon

312 2169 358 2212 un
385 2150 503 2212 dottor
528 2152 563 2213 di
587 2151 746 2216 Lovanio
772 2153 853 2215 dell'
880 2152 1005 2215 ordine
1029 2152 1064 2214 di
1089 2151 1280 2231 Carmeliti,
1304 2155 1435 2213 huomo
1459 2150 1496 2212 di
1518 2169 1583 2212 cre·

311 2256 386 2320 dito
411 2266 447 2320 et
469 2278 558 2340 gran
585 2261 721 2323 nemico
747 2259 782 2322 di
806 2269 933 2341 questa
958 2270 1072 2332 secta;
1097 2259 1306 2323 similmente
1322 2259 1354 2321 el
1370 2259 1405 2320 (11
1420 2264 1585 2338 sequente

310 2364 377 2426 che
401 2365 438 2426 fu
458 2368 492 2428 la
509 2365 711 2430 dedication
737 2367 772 2429 di
788 2377 914 2448 questa
928 2367 1057 2430 Chiesa
1074 2368 1107 2428 el
1123 2365 1289 2447 predetto
1313 2364 1394 2427 fece
1417 2364 1473 2427 un'
1500 2365 1586 2426 altro

311 2491 474 2534 sermone
499 2493 607 2536 ancor
631 2483 755 2536 contra
788 2475 923 2536 Luther
951 2494 1017 2537 oon
1049 2475 1169 2535 buona
1198 2470 1402 2534 edification
1431 2472 1466 2532 di
1500 2466 1586 2547 tutti,
1686 2518 1687 2545 ᾖ

311 2591 347 2640 et
371 2577 580 2643 similmente
604 2580 725 2644 fecero
750 2581 775 2644 li
798 2582 934 2664 pastori
968 2583 1062 2645 delle
1093 2581 1211 2643 chiese
1242 2578 1466 2661 parrochiale
1499 2587 1535 2640 et
1564 2573 1588 2637 li
1686 2570 1687 2579 ’

310 2685 525 2749 mendicanti
549 2687 608 2750 alli
635 2688 728 2769 quali
753 2689 787 2750 io
812 2689 929 2751 havea
951 2687 1041 2750 fatto
1066 2686 1284 2751 admonition
1308 2685 1344 2748 di
1359 2695 1484 2767 questa
1508 2702 1588 2745 cosa
1686 2720 1687 2767 3

314 2793 525 2859 auctoritate
560 2795 777 2879 apostolica,
808 2804 844 2858 et
876 2795 898 2860 1’
930 2798 1048 2859 hanno
1083 2794 1173 2858 fatto
1204 2803 1302 2857 certo
1335 2791 1526 2857 volentieri
1555 2799 1589 2853 et

310 2901 414 2965 bene.
461 2904 530 2967 Del
554 2912 645 2968 tutto
670 2904 739 2967 Dio
764 2906 920 2967 laudato.

400 3011 438 3072 Io
463 3030 569 3093 spero
594 3012 660 3074 che
683 3011 773 3074 fatta
796 3014 832 3073 la
856 3010 1046 3073 execution
1070 3008 1106 3071 in
1131 3008 1305 3072 Gandavo
1330 3007 1425 3070 etin
1445 3006 1589 3069 Hollan-

310 3116 369 3179 dia
393 3117 472 3179 sari
496 3117 565 3180 fine
590 3121 661 3181 alla
684 3118 753 3181 mia
777 3117 1041 3197 commissione,
1076 3118 1112 3178 13
1143 3118 1227 3197 qual
1251 3117 1284 3178 el
1308 3113 1443 3197 Spirito
1466 3118 1589 3175 sancto

310 3242 375 3304 per
399 3244 534 3287 summa
557 3225 667 3289 bonta
692 3228 739 3290 113
763 3228 935 3291 condutta
959 3246 981 3288 a
1009 3227 1082 3286 bon
1105 3231 1227 3304 porto;
1260 3242 1317 3285 ma
1345 3220 1380 3283 io
1416 3239 1488 3283 non
1519 3216 1590 3279 scio

310 3351 376 3411 per
399 3333 464 3395 che
488 3333 547 3395 via
570 3354 625 3395 me
650 3354 695 3395 ne
719 3344 882 3396 retornar
906 3354 927 3394 a
950 3332 1084 3411 Roma,
1119 3329 1251 3411 perche
1283 3328 1321 3390 13
1351 3323 1546 3390 Germania
1574 3320 1591 3385 ὲ

310 3448 471 3520 sospetta
495 3460 566 3503 non
589 3441 702 3502 solum
727 3443 885 3503 secundo
910 3442 944 3502 el
968 3458 1031 3501 suo
1056 3446 1226 3500 consueto
1243 3434 1279 3497 di
1294 3436 1407 3498 haver
1429 3436 1464 3496 le
1481 3438 1592 3495 strate

309 3548 379 3609 mal
403 3547 535 3626 sicure,
560 3568 616 3609 ma
639 3568 772 3610 ancora
796 3557 831 3610 et
855 3546 915 3628 piu
940 3566 1006 3627 per
1029 3546 1112 3626 quel
1136 3544 1356 3605 ladroncello
1386 3540 1422 3603 di
1454 3539 1594 3602 Hutten

311 3665 346 3716 et
370 3654 447 3716 suoi
471 3654 652 3735 complici,
681 3654 705 3717 li
729 3654 825 3736 quali
850 3674 920 3715 non
944 3654 963 3715 ἐ
988 3650 1122 3714 dubbio
1145 3653 1212 3713 che
1236 3670 1292 3713 me
1316 3648 1510 3712 farebbero
1536 3646 1592 3706 de·

310 3761 471 3844 spiacere
496 3782 534 3824 se
558 3772 761 3845 potessero;
786 3762 830 3824 ne
854 3782 920 3844 per
944 3762 979 3823 la
1002 3760 1140 3822 Franza
1164 3759 1182 3821 ὲ
1208 3759 1254 3821 da
1276 3756 1435 3835 fidarmi,
1459 3750 1594 3835 perche

311 3891 349 3933 se
374 3890 428 3933 me
453 3878 637 3933 arestorno
663 3870 804 3951 quando
835 3868 869 3930 io
898 3887 1035 3945 venea,
1070 3866 1222 3928 essendo
1254 3866 1287 3928 le
1318 3882 1401 3926 cose
1432 3862 1467 3923 in
1501 3860 1595 3922 altro

310 3986 414 4055 stato,
439 3977 457 4041 ὁ
483 3979 528 4039 (13
552 3978 677 4040 creder
701 3978 767 4039 che
785 3976 918 4059 peggio
934 3974 1085 4037 faranno
1101 3974 1265 4035 addesso.
1304 3970 1363 4033 Me
1379 3990 1445 4052 par
1459 3985 1598 4031 ancora

309 4083 474 4148 intendet
498 4086 564 4147 che
589 4093 756 4166 questoro
781 4090 839 4166 qui
865 4103 935 4145 non
950 4083 1081 4144 voleno
1096 4083 1162 4143 che
1177 4064 1211 4142 io
1229 4077 1363 4144 retorni
1376 4096 1442 4160 per
1454 4076 1598 4139 Franza

311 4201 347 4255 et
370 4191 429 4273 gia
454 4212 509 4255 me
533 4194 568 4254 lo
592 4194 639 4254 ha
663 4192 761 4253 detto
786 4210 857 4253 uno
882 4190 940 4252 dei
965 4188 1111 4270 grandi;
1136 4191 1165 4250 si
1189 4188 1256 4249 che
1273 4170 1344 4247 nori
1362 4174 1441 4289 scio
1464 4186 1504 4245 lo
1530 4183 1598 4244 che

309 4300 433 4363 habbii
456 4301 502 4362 ad
526 4298 591 4361 far.

401 4408 476 4470 Ben
509 4405 726 4469 desiderarei
755 4407 876 4488 parlar
899 4425 966 4467 con
992 4406 1026 4466 el
1049 4400 1282 4465 Sanctissimo
1307 4408 1343 4463 et
1365 4398 1409 4463 V.
1435 4395 1471 4459 S.
1499 4396 1600 4459 Rma

310 4535 376 4598 per
400 4518 464 4578 dar
488 4515 612 4577 ordine
636 4516 702 4577 che
727 4524 852 4596 questa
868 4511 1110 4575 maledittione
1135 4530 1206 4572 non
1222 4506 1398 4589 repulluli,
1422 4514 1459 4568 et
1476 4504 1600 4587 questi

312 4622 480 4686 Germani
513 4642 583 4685 non
607 4619 738 4685 intrino
773 4622 819 4685 da
842 4640 960 4683 nuovo
991 4618 1027 4682 in
1052 4618 1170 4699 quello
1201 4615 1301 4678 furor
1331 4614 1397 4676 che
1422 4632 1539 4676 erano
1563 4612 1599 4675 in

311 4734 346 4793 la
370 4730 467 4793 dieta
496 4728 679 4810 imperiale
712 4738 748 4792 et
771 4748 882 4791 ancor
910 4746 976 4809 per
999 4724 1139 4803 avanti,
1173 4724 1200 4786 il
1222 4725 1289 4786 che
1320 4730 1418 4785 certo
1449 4740 1493 4785 se
1526 4723 1601 4803 puo

312 4835 472 4918 prohibir
495 4856 560 4922 per
583 4834 682 4899 molti
705 4836 815 4898 buoni
837 4834 960 4917 meggi
984 4842 1020 4896 et
1043 4833 1110 4895 vie.
