3425 5700
646 546 893 603 043453Ε>4

140 682 317 746 Dominum
331 686 555 752 Cardinalem
568 691 802 756 Leodiensem
813 695 990 776 prefatum
1005 697 1070 760 biis
1092 699 1127 762 in
1144 702 1336 784 provinciis
1351 726 1411 786 gu·

139 793 412 856 bornetionimee
421 795 931 880 creditis,superintendentem
941 812 978 866 et
985 805 1193 888 precipuum
1203 808 1305 872 huius
1314 821 1411 875 secte

139 909 367 963 correctorem
390 903 604 984 prefecerat,
629 928 775 990 sumque
801 920 998 991 expectans
1022 922 1060 974 ut
1083 927 1149 994 par
1174 925 1228 978 est
1251 915 1411 980 iussioni-

140 1005 194 1066 bus
219 1004 291 1069 Sue
314 1008 515 1073 Maiestatis
539 1023 577 1073 ut
600 1033 756 1094 paream,
782 1037 847 1080 nec
872 1016 1012 1081 interim
1037 1021 1224 1085 obmictam
1250 1044 1341 1105 quae
1366 1027 1410 1088 ad

139 1111 403 1194 extirpationem
426 1116 519 1180 illius
536 1121 724 1185 maledicte
750 1136 785 1186 et
809 1123 935 1188 rabide
958 1135 1054 1189 secte
1078 1127 1234 1192 attinent
1258 1129 1412 1195 fideliter

139 1218 341 1302 adimplere,
373 1232 411 1284 ut
435 1224 545 1288 lacius
567 1226 607 1288 E.
633 1225 670 1291 S.
695 1228 740 1292 V.
766 1232 811 1293 ab
844 1231 971 1293 illustri
1000 1235 1099 1297 Duce
1124 1237 1168 1300 de
1193 1221 1283 1301 Se'sa
1315 1240 1410 1322 apud

139 1324 392 1392 beatitudinem
406 1330 572 1394 Vestram
585 1333 739 1398 Cesareo
754 1347 896 1400 oratore
910 1338 1095 1422 intelliget,
1107 1343 1163 1405 cui
1177 1344 1316 1408 nomine
1329 1367 1409 1410 meo

139 1430 235 1495 fidem
252 1434 433 1500 indubiam
452 1439 637 1520 prestabit.
655 1442 810 1524 Rogans
825 1445 940 1508 Deum
958 1444 1258 1532 Omnipotentem,
1277 1461 1316 1514 ut
1330 1461 1429 1516 ean-¹

139 1541 211 1602 dem
228 1538 462 1607 Sanctitatem
480 1545 644 1610 Vestram
666 1547 702 1611 in
721 1552 826 1613 terris
849 1553 1040 1634 longevam
1063 1555 1173 1619 faciat
1197 1567 1232 1619 et
1256 1557 1407 1624 felicem.

218 1665 274 1728 Ex
296 1667 487 1733 Mechlinia
514 1671 604 1734 XV·
627 1673 700 1736 Mai
724 1696 818 1739 anno
842 1677 1042 1742 MDXXV.

341 1792 381 1856 E.
407 1791 444 1857 S.
469 1794 512 1858 V.

497 1922 657 1971 Humillima
675 1931 702 1972 et
720 1926 815 1975 devota
834 1926 889 1976 filia
908 1927 1100 1978 Archiducissa
1118 1931 1259 1992 Andriae,
1281 1935 1394 1982 Ducissa

582 2019 608 2060 et
627 2013 768 2063 comitissa
787 2017 956 2079 Bnrgundiae
977 2019 1065 2067 Vidua
1083 2019 1217 2069 Sabaudie
1236 2029 1286 2070 etc.

837 2103 1020 2177 innutrito.

663 2279 868 2294 ΝννννΝΜΛΜΛΝ

734 2513 809 2576 209.

385 2624 582 2724 Episcopus
610 2626 842 2708 Tridentinus
870 2626 1043 2709 Clementi
1070 2630 1149 2712 VII.

185 2767 253 2838 (Sub
269 2771 486 2830 uomentem
505 2771 623 2832 battere
644 2773 675 2832 cll
695 2775 801 2833 diversi
818 2775 942 2850 Prlnolpi
966 2783 996 2835 et
1015 2777 1093 2835 altri.
1114 2777 1186 2836 1525.
1205 2777 1269 2852 ingl.
1292 2781 1359 2853 12⁴2)

643 2894 699 2962 (18.
719 2897 785 2945 Maii
807 2898 894 2961 1525.)

221 3036 431 3100 Beatissime
456 3038 563 3100 Pater
587 3038 739 3101 Domine
764 3038 1021 3102 Colendissime
1055 3049 1136 3122 post
1167 3040 1298 3121 pedum
1324 3042 1410 3104 Beu-

141 3152 245 3207 torum
270 3147 391 3208 oscula
415 3144 644 3208 humillimam
668 3146 1011 3208 commendationem
1036 3156 1101 3210 etc.
1141 3194 1146 3202 .

221 3270 275 3332 Ex
299 3270 471 3333 Tridento
497 3270 663 3333 admonui
687 3279 842 3333 vestram
868 3271 1130 3335 Beatitudinem
1163 3272 1207 3334 de
1232 3270 1410 3335 seditioni-

139 3378 199 3439 bus
223 3377 430 3440 rusticorum
456 3377 587 3440 dudum
604 3398 669 3460 per
684 3376 912 3441 Germaniam
936 3378 1101 3458 subortis,
1126 3380 1221 3460 quod
1239 3380 1410 3460 usquead

139 3484 326 3564 Brixinam,
347 3484 477 3547 deinde
495 3486 540 3546 ad
554 3484 705 3566 patriam
721 3486 812 3547 hanc
826 3484 986 3547 Atthesis
1001 3494 1264 3566 penetrassent:
1282 3484 1409 3549 scribe·

138 3593 215 3654 bam
228 3592 332 3655 etiam
347 3613 434 3674 quas
445 3593 585 3671 caedeS,
601 3611 689 3672 quas
703 3594 877 3654 bonorum
893 3590 1112 3673 direptiones
1137 3601 1210 3654 tum
1235 3593 1279 3654 ad
1293 3592 1412 3654 Eccle-

140 3700 205 3763 sias
216 3711 288 3763 tum
299 3702 345 3764 ad
359 3699 507 3763 Nobiles
520 3709 736 3781 spectanteS,
749 3698 810 3761 illa
821 3708 937 3761 turma
948 3700 1175 3778 tumultuanS,
1191 3709 1227 3761 et
1238 3698 1414 3761 intulisset

138 3808 310 3889 pluribus,
335 3817 370 3870 et
394 3807 429 3868 in
453 3808 644 3887 plerosque
669 3805 919 3886 commisisset,
949 3817 984 3868 et
1019 3826 1098 3868 cum
1134 3804 1312 3887 pollicitus
1348 3805 1412 3869 sim

136 3912 274 3998 singula
317 3915 468 3998 posthac
505 3922 657 3976 ventura
696 3912 939 3996 perscribere,
986 3912 1090 3974 velim
1136 3912 1272 3975 interea
1317 3912 1413 3975 illam

137 4041 203 4083 non
228 4024 354 4101 latere,
392 4040 602 4101 quecunque
638 4019 763 4102 scripsi
787 4029 931 4101 praeter
963 4018 1141 4082 hominurn
1178 4020 1327 4099 caedes,
1365 4019 1414 4081 ita

136 4127 339 4209 contigisse,
364 4148 470 4209 quum
495 4126 643 4208 singulis
667 4126 905 4207 Monasteriis,
930 4138 966 4189 et
989 4125 1135 4208 reliquis
1160 4125 1320 4189 ecclesiis
1335 4146 1412 4207 par·

136 4235 350 4299 rochialibus
373 4237 469 4297 bona
498 4234 682 4315 rapuerint
712 4244 747 4296 et
778 4233 1060 4315 asportaverint,
1097 4232 1276 4295 Nobilium
1312 4253 1414 4295 arces

134 4341 338 4423 invaserint,
364 4353 401 4405 et
424 4342 611 4423 depredati
633 4341 715 4412 sint;
741 4361 855 4423 neque
880 4361 917 4403 se
942 4348 1143 4423 temperant
1165 4360 1188 4402 a
1210 4359 1414 4421 progressu,

135 4450 222 4513 haec
246 4453 353 4513 modo
377 4450 447 4527 uni,
472 4451 578 4512 modo
603 4447 706 4512 alteri
723 4448 886 4511 accidere
911 4448 1133 4520 nuntiantur;
1159 4466 1224 4508 nec
1243 4455 1296 4509 est
1320 4449 1415 4529 quod

134 4557 236 4637 primi
262 4556 312 4621 illi
336 4557 396 4640 qui
420 4557 455 4618 in
479 4556 631 4639 patriam
656 4557 747 4617 hanc
771 4562 1013 4638 pervenerunt
1035 4554 1103 4615 hoc
1129 4553 1320 4634 audentes,
1345 4573 1415 4616 om·

134 4662 191 4727 nia
214 4663 285 4727 soli
306 4672 498 4746 peragant,
532 4662 596 4725 sed
625 4662 844 4743 singularum
867 4659 1147 4723 iurisdictionum
1171 4658 1333 4722 subditos
1357 4680 1415 4723 ex-

133 4771 264 4843 citant;
290 4774 384 4853 quod
408 4770 477 4853 ipsi
501 4772 590 4833 haec
615 4750 753 4832 eadem⁴
764 4788 830 4850 per
852 4770 933 4831 loca
957 4788 1030 4848 sua,
1055 4766 1115 4829 ubi
1131 4766 1270 4829 nobiles
1295 4776 1415 4849 agunt,

132 4888 166 4941 et
188 4877 376 4943 Ecclesiae
400 4876 637 4962 reperiuntur,
662 4876 895 4957 adimpleant,
928 4882 964 4937 et
987 4874 1112 4937 mirum
1136 4883 1205 4954 est,
1230 4892 1335 4953 quam
1366 4874 1415 4936 ia·
