3425 5700
782 506 1028 565 ο-ζὶὸὂῖϋή

265 658 333 734 fui;
359 661 422 723 sed
448 658 530 742 quia
553 657 666 722 visum
691 668 744 721 est
767 658 851 721 mihi
875 660 922 721 ad
946 656 1101 720 officium
1124 677 1240 721 meum
1264 668 1300 721 et
1322 655 1427 720 fidem
1441 675 1547 738 quam

266 766 406 830 Christo
443 766 589 847 eiusque
613 764 758 828 Vicario
792 767 929 844 debeo,
967 765 1167 847 pertinere,
1205 774 1243 827 ut
1266 764 1365 828 R¹¹¹⁸¹n
1388 765 1476 825 Dnem
1499 762 1546 827 V.

267 872 608 936 commonefacerem
633 874 677 935 de
702 871 744 934 iis
768 872 1100 935 inconvenientibus
1121 883 1157 934 et
1172 871 1348 935 scandalis
1372 890 1463 952 quae
1494 890 1545 933 se·

265 978 326 1061 qui
341 1000 447 1061 posse
461 980 567 1043 video
581 978 609 1042 si
621 976 700 1041 ΒΜ*
713 979 756 1040 D.
771 978 813 1041 N.
824 999 890 1060 per
904 977 1164 1061 impositionem
1177 978 1307 1041 silentii
1321 979 1366 1041 de
1379 998 1448 1060 qua
1472 976 1545 1058 agi-

265 1108 351 1167 mus,
368 1084 570 1150 hominibus
586 1086 731 1149 istarum
748 1086 901 1168 partium
923 1084 1147 1149 occasionem
1163 1084 1302 1147 dederit
1318 1082 1546 1147 existimandi

264 1213 363 1256 suam
398 1191 630 1256 Sanctitatem
666 1203 760 1255 stare
797 1212 863 1275 pro
898 1191 1046 1255 Erasmo
1082 1192 1197 1273 (quem
1233 1193 1343 1254 multa
1374 1210 1545 1272 perversa

264 1300 448 1382 scripsisse
474 1300 704 1363 certissimum
729 1298 794 1381 est)
819 1301 991 1362 adversus
1014 1298 1094 1363 illos
1111 1320 1260 1381 quorum
1277 1320 1389 1382 opera
1409 1298 1543 1361 factum

264 1417 318 1470 est
342 1416 379 1469 et
402 1407 561 1489 quotidie
584 1406 624 1469 fit
646 1416 685 1469 ut
707 1406 920 1469 Lutheranis
953 1427 1024 1469 non
1057 1406 1104 1469 sit
1127 1408 1276 1469 liberum
1299 1407 1335 1469 in
1358 1404 1413 1468 his
1436 1405 1544 1487 parti-

264 1517 329 1577 bus
355 1514 473 1595 (prout
496 1514 532 1575 in
557 1512 674 1575 m'ultis
698 1512 788 1596 aliis)
813 1534 934 1577 omnes
959 1517 1167 1577 subvertere
1202 1524 1239 1577 et
1269 1514 1306 1578 in
1330 1514 1543 1576 sententiam

263 1640 339 1683 sum
363 1622 552 1684 attrahere.
600 1618 731 1683 Credat
755 1619 839 1682 mihi
863 1620 940 1683 ΚΜ
963 1620 1167 1683 Dominatio
1184 1621 1228 1684 V.
1253 1640 1324 1683 non
1349 1640 1427 1683 esse
1450 1621 1544 1682 adeo

262 1729 392 1791 multos
415 1726 451 1789 in
476 1726 531 1789 his
553 1726 715 1808 partibus
740 1727 799 1809 qui
827 1728 1040 1789 Lutheranis
1068 1748 1107 1791 se
1135 1728 1250 1790 libera
1272 1747 1362 1789 voce
1387 1726 1542 1789 obiicere

264 1834 376 1897 velint
399 1844 435 1897 et
457 1834 495 1896 id
518 1833 779 1898 rationabiliter
802 1834 951 1916 possint,
975 1845 1014 1896 ut
1028 1834 1282 1916 imponendum
1305 1834 1350 1896 sit
1364 1832 1543 1896 silentium

262 1940 305 2003 iis
329 1940 389 2022 qui
413 1942 459 2004 ad
483 1943 551 2004 boc
575 1941 650 2023 apti
682 1951 718 2003 et
741 1940 932 2003 voluntarii
964 1942 1203 2023 inveniuntur,
1237 1941 1542 2022 certissimumque

266 2058 320 2110 est
351 2064 422 2112 non
458 2067 565 2130 posse
598 2067 670 2111 non
702 2047 905 2129 improbare
939 2051 1047 2111 multa
1083 2047 1220 2111 Erasmi
1255 2046 1316 2133 (de
1346 2047 1543 2109 intentione

263 2155 340 2218 eius
364 2175 434 2217 non
460 2157 603 2236 loquor,
629 2176 734 2236 quam
758 2175 864 2237 spero
888 2156 1018 2217 bonam
1043 2156 1133 2234 esse)
1170 2175 1233 2218 eos
1267 2154 1327 2236 qui
1357 2174 1543 2236 synceram

261 2262 369 2325 iidem
392 2284 434 2325 ac
457 2263 668 2344 religionem
692 2264 857 2343 probant.
906 2261 1056 2343 Quodsi
1078 2263 1130 2325 ita
1153 2272 1217 2338 est,
1242 2260 1345 2324 sicuti
1358 2260 1543 2323 verissime

261 2378 325 2450 est,
350 2390 412 2432 cur
436 2390 569 2451 quaeso
594 2370 830 2431 claudendum
854 2378 973 2432 astos
996 2369 1066 2432 illis
1089 2369 1151 2451 qui
1175 2368 1277 2431 eain
1301 2368 1438 2431 Erasmi
1459 2367 1542 2430 scri·

260 2476 332 2559 ptis
356 2478 541 2556 damnant,
565 2496 657 2558 quae
681 2478 727 2538 ab
751 2475 913 2538 Ecclesia
945 2485 980 2538 et
1010 2496 1032 2538 a
1062 2476 1214 2540 veritate
1246 2476 1407 2539 damnari
1434 2474 1541 2539 mani-

260 2582 390 2646 festum
413 2593 484 2657 est;
510 2593 546 2645 et
570 2603 641 2645 non
664 2582 782 2663 potius
812 2602 935 2645 omnes
964 2582 1193 2666 permittendi
1225 2575 1284 2668 (ne
1317 2582 1433 2645 dicam
1463 2603 1541 2665 pro·

261 2687 429 2775 vocandi)
453 2701 491 2752 ut
515 2689 590 2753 sine
621 2700 788 2770 respectu
823 2710 1055 2773 personarum
1090 2690 1292 2770 veritatem,
1327 2710 1432 2772 quam
1465 2710 1539 2752 sen·

260 2796 362 2878 tiunt,
386 2797 520 2880 populo
544 2797 781 2861 annuncient?
831 2797 910 2860 ¹Aut
942 2818 1033 2881 quae
1066 2795 1156 2862 ratio
1187 2798 1280 2861 sinat
1309 2807 1347 2861 ut
1380 2796 1473 2861 falsa
1505 2807 1541 2860 et

260 2904 456 2986 pernitiosa
491 2905 526 2967 in
563 2905 641 2968 aliis
676 2906 905 2984 damnentur,
943 2926 1014 2967 non
1052 2906 1262 2969 damnentur
1297 2906 1332 2968 in
1367 2906 1540 2969 Erasmo?

261 3011 469 3074 Animamus
493 3012 670 3075 hominem
694 3014 740 3073 ad
764 3011 991 3074 scribendum
1016 3024 1141 3075 contra
1165 3014 1376 3087 Lutherum;
1411 3027 1446 3077 et
1469 3015 1537 3078 iam

260 3117 366 3182 audio
405 3139 483 3182 eum
521 3130 645 3182 contra
682 3117 997 3199 Oecolampadium
1035 3121 1081 3181 de
1115 3119 1338 3184 Eucharistia
1372 3122 1539 3202 scribere,

260 3228 323 3290 sed
347 3225 454 3290 timeo
479 3227 574 3307 quod
598 3227 707 3308 longe
731 3226 855 3288 melius
880 3235 976 3288 esset
991 3246 1071 3288 eum
1084 3227 1268 3290 dehortari
1281 3249 1328 3291 ne
1351 3229 1538 3311 quicquam

263 3337 355 3397 ultra
379 3333 561 3413 scriberet,
586 3333 652 3394 nisi
676 3330 769 3394 forte
786 3332 904 3394 omnia
920 3352 1021 3395 sacra
1045 3342 1080 3395 et
1101 3355 1252 3416 syncera
1269 3356 1348 3399 esse
1364 3336 1539 3400 credimus

261 3461 352 3522 quae
375 3441 434 3503 vel
459 3442 503 3502 de
528 3438 771 3519 confessione,
804 3441 863 3501 vel
899 3439 945 3501 de
980 3438 1093 3503 libero
1124 3441 1290 3523 arbitrio,
1324 3444 1383 3506 vel
1406 3445 1452 3506 de
1476 3464 1538 3507 esu

259 3547 416 3610 carnium
452 3558 487 3610 et
523 3555 700 3628 potestate
736 3565 798 3608 seu
841 3546 877 3607 vi
911 3547 1144 3610 humanarum
1179 3549 1468 3614 constitutionum
1503 3560 1540 3614 et

260 3653 430 3717 similibus
454 3654 638 3735 scripsisse
662 3653 827 3716 cernitur.
876 3651 981 3733 Quod
1011 3654 1041 3716 si
1064 3655 1158 3718 forte
1182 3655 1242 3718 alii
1266 3657 1369 3720 aliter
1402 3659 1447 3719 de
1476 3659 1537 3720 ho-

259 3759 361 3823 minis
386 3760 526 3842 scriptis
550 3761 721 3840 sentiunt,
752 3777 821 3840 ego
856 3761 923 3822 hoc
952 3761 1066 3824 sentio
1092 3764 1187 3843 quod
1215 3762 1302 3844 dixi,
1334 3774 1442 3846 atque
1470 3767 1537 3827 hoc

250 3867 337 3930 ¹sine
361 3867 567 3930 circuitione
599 3868 717 3930 clarae
742 3866 831 3928 R¹¹¹⁵t
850 3867 909 3928 D¹¹i
935 3868 978 3928 V.
1009 3869 1186 3951 expressi3
1219 3890 1310 3952 quae
1340 3870 1415 3934 sive
1447 3874 1536 3934 haec

260 3993 338 4036 mea
373 3974 505 4054 scripta
539 3973 746 4055 probaverit
781 3975 856 4036 sive
882 3993 963 4054 non,
999 3995 1131 4056 quaeso
1167 3984 1206 4037 ut
1243 3979 1359 4040 nullus
1391 3989 1538 4059 praeter

259 4080 373 4163 ipsam
398 4101 440 4143 ea
464 4081 595 4159 videat,
634 4080 663 4142 si
698 4089 816 4144 tamen
849 4081 885 4142 in
920 4079 975 4142 his
1010 4080 1172 4163 partibus
1202 4083 1334 4147 habere
1358 4086 1538 4148 desiderat

258 4188 419 4250 homines
442 4187 502 4269 qui
526 4187 711 4250 veritatem
736 4209 886 4270 syncera
911 4198 947 4251 et
970 4189 1046 4252 sine
1069 4189 1152 4253 fuco
1176 4193 1223 4252 ad
1237 4188 1368 4255 Sedem
1384 4192 1537 4274 Aposto-

258 4294 361 4356 licam
385 4294 558 4368 referant;
584 4315 672 4376 quos
697 4305 792 4358 certe
816 4295 1047 4377 paucissimos
1071 4297 1262 4378 inveniret,
1289 4298 1353 4362 nisi
1378 4320 1538 4382 eaquae

258 4402 348 4463 tales
374 4402 417 4462 de
442 4401 519 4463 aliis
543 4400 757 4482 scriberent,
789 4413 928 4466 secreta
958 4415 1193 4469 remanerent.
1241 4406 1281 4468 ln
1306 4427 1441 4470 summa
1465 4429 1537 4490 ego

259 4503 388 4568 infide
412 4506 600 4587 probitatis
625 4519 660 4569 et
691 4509 885 4572 nobilitatis
918 4511 1007 4572 ΚΜ
1029 4512 1073 4574 D.
1098 4512 1143 4574 V.
1176 4533 1232 4575 me
1267 4515 1347 4576 huic
1378 4517 1539 4598 periculo

259 4613 408 4696 exposui
433 4623 581 4695 propter
605 4613 779 4678 Christum
804 4617 950 4699 eiusque
975 4619 1090 4682 fidem.
1137 4617 1253 4703 Spero
1277 4623 1373 4703 quod
1397 4624 1472 4686 R¹¹¹⁸
1491 4625 1538 4688 D.

259 4721 302 4782 V.
328 4719 431 4783 fidem
456 4722 547 4785 hanc
571 4743 684 4786 meam
715 4744 784 4786 non
818 4725 925 4788 faciet
947 4727 1091 4790 irritam.
1144 4729 1207 4792 Cui
1237 4750 1292 4792 me
1320 4730 1446 4793 iterum
1475 4734 1535 4794 hu·

257 4825 386 4890 militer
410 4830 629 4894 commendo.
677 4831 802 4893 Leodii
826 4831 976 4895 XXVII
1001 4832 1168 4897 Octobris
1196 4856 1289 4916 15²5·
