3425 5700
799 592 1030 647 04372&

271 738 295 802 li
310 739 468 821 Principi
491 760 557 822 per
580 747 671 803 sette
694 738 810 819 giorni
834 741 1063 803 consultorno
1089 761 1154 802 con
1181 750 1280 803 tanta
1303 742 1556 821 controversia,

271 848 338 909 che
369 847 402 909 el
425 848 528 910 Duca
551 844 697 910 Saxone
730 853 766 910 et
799 848 831 908 el
855 834 1045 909 Marchese
1069 834 1367 931 Brandemburgh
1398 870 1556 913 venneto

272 954 371 1035 quasi
401 954 448 1016 ad
478 974 618 1035 manus,
651 964 686 1017 et
717 956 870 1016 sarebbe
900 951 991 1016 fatto
1024 974 1062 1017 se
1094 974 1165 1017 non
1197 974 1235 1017 se
1259 955 1356 1019 fusse
1380 976 1497 1019 messo
1522 956 1556 1019 di

271 1060 413 1142 meggio
443 1059 656 1143 Saltzburgh
689 1071 725 1122 et
758 1060 838 1122 altri
869 1061 936 1123 che
960 1060 996 1122 vi
1021 1081 1148 1139 erano,
1183 1063 1325 1143 quoda
1355 1062 1557 1143 primordiis

271 1170 485 1231 electoratus
515 1169 561 1231 ad
593 1170 684 1231 haec
715 1187 827 1248 usque
860 1175 1036 1249 tempora,
1072 1167 1201 1230 dicono
1232 1169 1313 1231 tutti
1344 1170 1412 1232 mai
1437 1190 1556 1233 essere

270 1276 332 1357 piu
368 1276 541 1338 accaduto
579 1295 658 1337 cum
693 1284 839 1355 stupore
875 1273 1030 1336 omnium
1067 1283 1103 1336 et
1138 1274 1296 1356 periculo
1335 1276 1370 1337 di
1405 1279 1556 1358 qualche

271 1383 409 1463 grande
432 1383 591 1445 tumulto.

360 1488 437 1551 Hor
468 1489 493 1551 li
517 1486 676 1569 Principi
707 1486 858 1549 Elettori
888 1486 922 1548 in
953 1489 988 1549 la
1022 1489 1099 1549 loro
1134 1490 1209 1551 sala
1239 1488 1261 1550 a
1292 1499 1417 1571 questo
1451 1492 1554 1553 modo

271 1616 380 1659 erano
413 1594 532 1675 divisi,
563 1596 630 1658 che
660 1595 685 1657 li
716 1604 770 1657 tre
800 1592 1033 1657 ecclesiastici
1058 1603 1093 1656 et
1118 1596 1150 1656 el
1175 1594 1362 1658 Marehese
1386 1596 1421 1657 di
1447 1598 1553 1660 Bran-

272 1704 469 1785 demburgh
504 1722 613 1765 erano
646 1701 682 1762 di
717 1722 788 1764 uno
820 1703 939 1781 volet,
972 1719 1072 1763 come
1105 1718 1214 1782 posso
1245 1703 1433 1766 intendere
1463 1702 1553 1767 assai

272 1814 390 1873 buono
415 1820 524 1891 certo,
549 1830 606 1871 ma
629 1829 701 1871 non
726 1809 784 1871 del
809 1818 901 1870 tutto
926 1826 1026 1870 come
1050 1807 1109 1869 noi
1134 1811 1306 1873 voleamo

359 1917 402 1979 El
427 1914 571 1979 Saxone
600 1926 635 1998 et
665 1916 690 1978 il
714 1914 880 1979 Palatino
912 1914 1180 1977 obstinatissimi
1211 1915 1373 1996 insieme,
1407 1918 1471 1979 che
1506 1914 1552 1977 fa·

270 2045 382 2087 ceano
397 2044 480 2087 cose
502 2024 549 2085 da
572 2022 685 2105 pacci,
711 2022 876 2085 oscirono
901 2021 981 2084 fora
1005 2021 1188 2101 cridando,
1212 2043 1284 2086 non
1309 2025 1471 2085 obstante
1489 2024 1555 2085 che

271 2134 434 2195 doveano
459 2130 559 2211 sequi
584 2129 734 2211 pacifice
757 2128 999 2211 pluralitatem
1022 2139 1187 2193 votorum
1211 2130 1264 2192 sui
1288 2130 1439 2211 collegii.

360 2239 401 2301 Li
425 2246 567 2320 quattro
593 2237 728 2300 dissero
753 2256 819 2316 per
842 2254 979 2317 organo
1004 2236 1062 2299 del
1087 2237 1276 2300 Marchese
1304 2238 1340 2299 di
1364 2237 1555 2299 Brandem-

270 2347 388 2428 burgh
417 2348 548 2408 huomo
582 2356 618 2407 et
648 2342 758 2406 latine
790 2350 827 2406 et
857 2342 1066 2405 Alemanice
1104 2342 1373 2424 facundissimo,
1413 2345 1448 2406 la
1477 2344 1557 2406 loro

270 2453 455 2535 opinione,
489 2451 560 2513 alla
591 2452 696 2532 quale
727 2470 815 2531 pare
841 2450 908 2513 che
933 2450 1138 2512 assentiano
1163 2449 1261 2513 molti
1285 2450 1435 2532 principi
1460 2450 1558 2512 della

270 2561 428 2623 secunda
451 2560 584 2637 classe,
616 2566 651 2620 et
674 2557 762 2638 pero
787 2556 896 2638 dopoi
920 2558 1090 2638 alquanto
1115 2557 1269 2639 spatieto
1294 2558 1329 2619 di
1360 2568 1497 2639 temp0,
1532 2552 1560 2619 li

269 2666 352 2729 altri
382 2665 440 2728 doi
464 2664 615 2727 Elettori
646 2663 783 2726 dissero
807 2662 1052 2744 acquiescere,
1086 2663 1169 2745 quia
1193 2684 1340 2728 necesse
1364 2674 1457 2744 erat,
1494 2685 1559 2745 per

270 2776 305 2837 la
335 2772 503 2857 pluralita
535 2772 569 2833 di
600 2771 677 2833 suoi
709 2770 882 2853 colleghi;
918 2780 1034 2833 tamen
1067 2792 1133 2854 per
1162 2772 1186 2834 il
1211 2774 1349 2855 grande
1373 2780 1558 2836 contrasto

269 2883 384 2965 primo
416 2881 524 2961 fatto,
559 2889 594 2942 et
624 2898 690 2961 per
713 2880 747 2940 le
771 2879 934 2960 pratiche
958 2880 1038 2942 chel
1062 2879 1164 2942 Duca
1188 2877 1333 2944 Saxone
1357 2882 1472 2943 havea
1496 2881 1557 2944 ha-

269 2999 370 3070 vute,
399 2998 491 3051 tutta
514 2990 549 3050 la
572 2985 816 3066 conclusione,
852 2988 919 3048 che
944 2988 1059 3050 devea
1083 3007 1181 3050 esser
1204 3007 1270 3070 per
1293 2987 1353 3050 noi
1375 2987 1415 3050 fu
1437 2987 1558 3051 intric-

270 3107 360 3178 cata,
386 3097 451 3159 che
472 3094 551 3158 ne'l
568 3095 670 3156 Duca
685 3090 831 3156 Saxone
854 3096 971 3156 havea
994 3094 1128 3157 havuto
1152 3094 1186 3156 al
1210 3114 1273 3158 suo
1298 3095 1414 3174 modo,
1439 3114 1559 3176 neque

270 3213 389 3267 tamen
423 3202 518 3264 ando
549 3201 707 3264 secundo
739 3202 806 3263 che
838 3199 1030 3263 benissimo
1061 3201 1224 3265 haveano
1256 3201 1504 3266 comminciato
1533 3203 1558 3266 li

270 3312 351 3376 altri
384 3319 525 3393 quattro
551 3307 692 3372 elettori
717 3307 896 3371 deliberar
920 3328 985 3391 per
1009 3307 1077 3370 noi.
1124 3307 1203 3371 Hor
1226 3309 1261 3371 la
1284 3309 1489 3374 conclusion
1521 3311 1559 3374 di

270 3419 351 3482 tutti
376 3421 522 3500 (quanto
547 3417 725 3499 possiamo
749 3415 916 3479 intendet
939 3415 974 3477 in
999 3415 1114 3496 questi
1138 3416 1277 3479 articuli
1301 3417 1375 3480 dati
1399 3437 1421 3480 a
1444 3416 1561 3483 Cesar

270 3527 306 3589 in
338 3524 460 3589 scritto
486 3523 706 3599 Alemanice)
735 3523 774 3585 fu
804 3522 920 3604 primo
951 3523 1017 3585 che
1041 3524 1293 3603 regratiavano
1319 3521 1391 3586 Sua
1415 3523 1561 3588 Maesta

271 3635 337 3696 che
368 3632 526 3714 potendo
559 3651 625 3712 per
655 3650 693 3692 se
724 3630 872 3692 mandat
895 3629 998 3692 fuora
1029 3630 1079 3692 tal
1103 3631 1270 3693 mandato
1296 3639 1414 3694 tamen
1438 3634 1561 3697 havea

269 3744 392 3803 voluto
424 3738 663 3801 communicat
693 3757 761 3800 con
787 3737 878 3799 loro:
916 3735 946 3798 Il
970 3738 1035 3799 che
1060 3756 1122 3798 era
1145 3739 1216 3799 ben
1240 3736 1332 3800 fatto
1348 3757 1415 3819 per
1431 3758 1561 3803 servar

266 3847 346 3929 jura
369 3845 527 3928 Imperii:
560 3844 689 3907 deinde
714 3846 779 3907 che
803 3865 870 3926 per
894 3842 1013 3906 niente
1037 3845 1086 3905 tal
1110 3845 1279 3907 mandato
1304 3845 1333 3907 si
1366 3847 1561 3911 mandasse

270 3953 374 4014 fuora
402 3972 468 4032 per
498 3952 564 4014 che
598 3953 750 4014 sarebbe
781 3970 890 4014 causa
922 3949 957 4011 di
986 3951 1221 4032 grandissimo
1247 3953 1416 4014 scandalo
1441 3972 1508 4033 per
1533 3955 1560 4017 li

270 4059 394 4141 populi
427 4059 493 4121 che
524 4057 584 4140 gia
617 4078 689 4120 non
722 4077 875 4120 cercano
906 4077 945 4120 se
975 4077 1046 4121 non
1076 4058 1199 4120 venire
1233 4060 1278 4121 ad
1306 4079 1404 4122 arma
1428 4069 1464 4121 et
1489 4063 1562 4125 che

271 4162 344 4228 Sua
367 4164 507 4227 Maesta
537 4167 653 4227 havea
684 4165 843 4228 divinato
876 4167 967 4226 bene
992 4185 1013 4226 a
1036 4165 1232 4228 demandar
1266 4168 1298 4228 el
1327 4185 1434 4247 parer
1465 4168 1561 4250 lor0,

270 4271 404 4354 perche
434 4272 644 4334 altramente
676 4271 698 4334 l'
716 4272 895 4333 harrebbe
919 4270 1011 4334 visto
1035 4291 1082 4333 un
1107 4272 1245 4352 grande
1268 4272 1374 4336 fuoco
1406 4273 1441 4336 in
1467 4273 1561 4338 Ger·

271 4377 399 4457 mania,
425 4398 444 4438 e
468 4375 542 4440 cosi
565 4376 626 4459 gia
650 4377 718 4441 sibi
741 4378 977 4442 vendicarunt
1007 4387 1129 4440 votum
1153 4378 1329 4443 liberandi
1353 4381 1388 4442 in
1413 4382 1482 4444 hac
1506 4404 1562 4466 re,

269 4485 366 4566 quod
391 4493 507 4548 tamen
533 4483 775 4549 Cancellarius
798 4483 902 4547 nobis
926 4488 1161 4566 responderat
1185 4507 1255 4548 non
1279 4485 1452 4560 futurum3
1489 4493 1563 4554 che

271 4590 340 4654 Dio
378 4591 402 4652 li
430 4592 593 4672 perdoni.
650 4593 727 4655 Ben
761 4591 897 4654 dissero
931 4593 998 4654 che
1032 4593 1151 4654 avanti
1182 4594 1248 4656 che
1280 4613 1318 4656 se
1348 4594 1503 4659 havesse
1538 4621 1564 4661 a

269 4698 450 4780 publicar,
483 4698 626 4761 omnino
656 4719 695 4762 se
725 4699 922 4762 chiamasse
947 4698 1101 4761 Martino
1126 4703 1191 4762 sub
1216 4702 1495 4765 salvoconducto
1521 4717 1565 4770 et

270 4805 552 4887 interrogaretur
575 4825 615 4868 se
638 4805 686 4868 lui
709 4806 825 4868 havea
848 4805 972 4868 scritto
996 4806 1058 4867 tali
1083 4806 1178 4886 libri,
1207 4817 1242 4870 et
1266 4827 1304 4870 se
1328 4807 1353 4871 li
1377 4829 1563 4875 comman-

271 4912 386 4994 dasse,
411 4914 477 4975 che
502 4913 620 4994 quello
645 4913 711 4974 che
736 4921 838 4975 tocca
861 4913 895 4974 la
919 4911 1014 4994 fede,
1040 4922 1075 4975 et
1099 4913 1123 4974 li
1147 4913 1360 4977 sacramenti
1384 4915 1432 4978 lui
1452 4937 1564 4983 revo-
