3425 5700
714 889 787 955 185.

543 1014 755 1116 Campegiua
783 1012 955 1096 Sadoleto.

514 1161 685 1231 (Nuntiat.
705 1161 855 1221 German.
883 1161 913 1220 L.
937 1163 986 1230 51.)

618 1280 655 1348 (5.
675 1283 785 1346 Januar.
808 1279 895 1348 1525.)

264 1414 397 1477 Rever.
422 1416 503 1476 Dne
527 1414 577 1476 uti
601 1414 713 1476 frater
736 1416 818 1479 hon.
844 1412 880 1476 S.

208 1539 307 1619 Dopo
338 1541 373 1600 la
397 1539 521 1620 gionta
553 1539 622 1601 mia
654 1540 712 1620 qui
746 1539 864 1601 scrissi
897 1541 956 1602 alli
981 1539 1158 1604 XXVIII.
1192 1552 1323 1620 quanto
1348 1541 1395 1602 mi

141 1666 322 1725 occorreva,
354 1657 389 1709 et
413 1667 478 1728 per
501 1669 571 1710 non
604 1649 737 1709 havere
761 1650 877 1709 ancho
901 1657 1047 1728 possuto
1079 1646 1156 1708 fare
1187 1657 1336 1710 mettere
1360 1648 1394 1708 le
1475 1687 1479 1697 1

141 1763 220 1832 posto
251 1774 272 1814 a
296 1753 411 1834 questi
436 1754 512 1834 qui,
548 1774 613 1833 per
646 1775 761 1815 messo
785 1754 932 1835 proprio
958 1754 1098 1816 mandai
1131 1756 1164 1815 le
1190 1756 1294 1816 lettre
1326 1756 1395 1815 alia

139 1870 221 1940 posta
244 1860 276 1921 in
304 1860 445 1922 Vienna
469 1871 504 1922 et
534 1861 628 1922 deli
653 1861 769 1922 subito
801 1861 906 1923 furon
932 1861 1115 1941 expedite,
1152 1870 1187 1922 et
1210 1860 1396 1941 pensando

140 1970 189 2028 che
209 1988 358 2029 saranno
388 1970 458 2029 ben
483 1969 639 2048 capitate
665 1951 744 2029 non·
765 1968 941 2049 replicato
966 1971 1190 2048 aitramente,
1226 1970 1313 2029 hora
1337 1968 1395 2028 ha-

138 2075 234 2136 vendo
258 2074 470 2137 commoditi
495 2075 530 2136 di
546 2096 592 2136 un
610 2094 747 2156 spazm,
773 2076 838 2136 che
864 2073 900 2136 fa
925 2075 944 2136 I'
962 2083 1103 2135 oratore
1119 2086 1248 2136 veneto
1266 2073 1300 2135 in
1322 2073 1395 2135 dili·

139 2183 256 2262 gentia,
288 2202 353 2263 per
377 2191 503 2262 questa
526 2182 584 2243 via
616 2182 773 2244 anchora
797 2183 843 2242 ho
868 2182 990 2242 voluto
1015 2181 1169 2242 scrivere
1195 2189 1326 2260 quanto
1351 2179 1397 2241 mi

139 2307 274 2350 occorre.

209 2412 276 2474 Doi
300 2413 417 2494 giorni
449 2434 536 2474 sono
562 2415 628 2474 che
652 2412 835 2494 capitaron
869 2411 928 2492 qui
953 2412 1010 2473 doi
1036 2411 1167 2474 oratori
1197 2411 1254 2473 del
1280 2411 1396 2472 Reve-

140 2519 326 2580 rendissimo
352 2529 388 2580 et
412 2518 651 2581 illustrissimo
677 2519 867 2581 Cardinale
893 2517 1101 2598 Maguntmo
1126 2518 1260 2579 Messer
1285 2515 1397 2577 Wolf-

142 2624 230 2706 Iango
253 2647 298 2688 ex
325 2627 524 2688 Beronibus
550 2627 593 2687 de
619 2625 852 2688 Schonburch
877 2627 1064 2706 glaucham
1094 2635 1129 2686 et
1154 2624 1399 2704 Valdenburg,

142 2743 169 2792 et
193 2733 323 2796 Messer
352 2733 478 2795 Livino
511 2735 554 2794 de
579 2733 746 2795 Velthem
776 2734 901 2794 doctor
933 2752 1004 2794 ecc.
1035 2731 1219 2813 preposito
1250 2730 1397 2792 hildese-

142 2860 240 2902 mense
272 2862 340 2903 con
366 2843 469 2903 lettre
495 2839 703 2903 credentiali
735 2839 770 2901 di
795 2837 868 2902 Sua
893 2837 1061 2919 Signoria
1083 2836 1400 2900 Reverendissima

145 2955 218 3008 sotto
240 2948 271 3008 le
296 2946 392 3027 quali
417 2946 462 3009 mi
486 2949 605 3009 hanno
630 2948 714 3009 dato
739 2947 773 3008 Ia
798 2949 875 3009 loro
900 2944 1140 3024 instructione,
1169 2946 1212 3005 de
1237 2946 1272 3006 ia
1296 2944 1400 3024 quale

144 3055 319 3116 remando
344 3054 447 3134 copia
471 3055 617 3117 insieme
642 3074 708 3115 con
733 3056 768 3116 la
791 3064 875 3116 nota
908 3054 951 3113 de
976 3056 1010 3113 Io
1035 3052 1130 3114 aiuto
1156 3050 1245 3111 ch'o
1273 3048 1400 3111 offerto

146 3160 235 3221 abun
249 3158 413 3241 Signoria
429 3161 742 3224 Reverendissima
769 3161 814 3220 da
838 3158 954 3221 alcuni
973 3157 1137 3237 Principi,
1163 3167 1197 3218 et
1218 3156 1262 3218 mi
1282 3158 1401 3218 hanno

146 3264 287 3330 richiesto
323 3269 357 3329 di
383 3268 556 3349 consiglio
590 3277 626 3330 et
660 3268 694 3329 di
719 3268 815 3329 aiuto
850 3286 1023 3349 appresso
1048 3287 1069 3326 a
1093 3266 1223 3326 Nostro
1249 3262 1402 3344 Signore

146 3372 325 3439 facendomi
359 3374 527 3438 instantia
570 3375 648 3437 chio
682 3374 798 3436 scriva
834 3395 855 3435 a
889 3370 961 3435 Sua
996 3370 1132 3433 Santith
1169 3379 1301 3451 quanto
1335 3390 1401 3431 con

146 3494 250 3561 questa
281 3484 331 3564 gli
357 3482 444 3545 diro.
492 3482 544 3543 La
567 3482 721 3562 risposta
746 3480 814 3542 mia
847 3480 865 3541 ὲ
890 3488 983 3541 stata
1014 3478 1051 3541 in
1075 3479 1221 3540 laudare
1255 3495 1401 3537 summa-

145 3604 243 3653 mente
272 3590 344 3653 Sua
378 3587 547 3671 Signoria
569 3586 887 3650 Reverendissima
920 3587 964 3648 de
998 3586 1033 3645 la
1066 3586 1185 3645 buona
1217 3594 1335 3645 mente
1368 3590 1403 3646 et

143 3696 242 3759 animo
264 3700 329 3760 che
353 3697 449 3759 tiene
473 3696 509 3756 di
534 3695 713 3776 extirpare
737 3696 772 3755 la
796 3704 894 3755 secta
919 3693 1115 3767 lutherana,
1140 3689 1404 3752 inanimandola

142 3806 406 3885 maggiormente
431 3825 452 3866 a
477 3812 602 3883 questo
627 3801 768 3879 effetto,
804 3800 935 3881 perche
962 3798 996 3860 di
1021 3818 1084 3860 soa
1108 3807 1234 3858 natura
1258 3796 1403 3857 intendo

139 3913 195 3973 che
224 3914 375 3975 &molto
406 3910 529 3973 timido
561 3920 596 3971 et
626 3910 647 3969 Ii
672 3907 724 3970 soi
749 3905 952 3988 consiglieri
985 3907 1050 3967 che
1081 3924 1146 3986 per
1177 3904 1212 3965 la
1241 3900 1405 3982 maggior

137 4031 230 4095 parte
253 4039 340 4081 sono
365 4017 541 4080 lutherani
565 4016 710 4078 aiutano
734 4017 769 4076 Ia
793 4035 856 4076 soa
880 4012 1029 4075 timidita
1054 4009 1245 4092 ponendoli
1266 4027 1405 4087 sempre

139 4121 240 4187 inanti
261 4127 310 4209 gli
335 4125 436 4189 occhi
461 4124 559 4186 molti
582 4122 741 4204 pericoli.
788 4121 834 4182 Et
855 4130 988 4201 quanto
1014 4120 1083 4180 allo
1100 4118 1196 4178 aiuto
1222 4118 1286 4177 che
1302 4114 1405 4178 ricer-

140 4230 244 4294 chano
267 4235 311 4294 da
327 4232 458 4294 Nostro
473 4228 628 4311 Signore
654 4231 721 4290 due
746 4248 828 4289 cose
850 4227 989 4303 dicono,
1014 4226 1035 4285 l’
1054 4245 1123 4285 una
1148 4224 1213 4285 che
1231 4220 1303 4284 Sua
1321 4220 1405 4283 San·

140 4334 197 4397 rita
228 4339 345 4419 voglia
369 4338 525 4400 scrivere
559 4337 604 4398 ad
634 4334 749 4398 alcuni
772 4332 924 4414 principi
957 4332 1056 4393 iuxta
1080 4334 1114 4391 la
1147 4328 1408 4407 Informatione‚

142 4444 202 4505 che
223 4445 300 4508 sara
323 4466 389 4507 con
416 4454 550 4525 questa,
576 4443 751 4504 toccando
777 4441 911 4503 anchor
935 4459 1005 4501 una
1028 4439 1163 4519 parola,
1189 4437 1253 4496 che
1270 4434 1407 4497 benene

142 4550 204 4610 tral
225 4555 329 4635 vulgo
354 4553 384 4613 si
408 4551 489 4613 dica
512 4551 578 4612 che
602 4551 636 4611 la
659 4547 815 4609 factione
840 4546 1026 4608 lutherana
1047 4545 1094 4605 ha
1114 4544 1246 4604 havuto
1271 4540 1409 4621 origine

143 4651 175 4714 in
199 4655 367 4739 Saxonia,
404 4659 526 4721 nIente
558 4656 593 4718 di
616 4676 719 4717 meno
745 4652 815 4716 Sua
840 4650 978 4714 Santiti
1009 4672 1048 4713 sa
1072 4649 1169 4712 molti
1199 4648 1234 4709 di
1257 4649 1334 4709 loro
1360 4667 1409 4709 es-

146 4778 241 4826 seme
263 4766 375 4846 alieni,
398 4775 437 4828 ut
460 4764 496 4826 in
520 4762 770 4825 informatione
795 4780 867 4821 ecc.
915 4758 1036 4820 Laltra
1061 4758 1077 4818 ὲ
1104 4758 1170 4817 che
1187 4754 1410 4835 designando

149 4866 180 4925 el
206 4872 335 4951 prefato
358 4868 676 4935 Reverendissimo
701 4867 912 4949 Maguntino
948 4865 984 4926 di
1009 4864 1084 4926 fare
1108 4863 1262 4946 impresa
1287 4871 1411 4926 contra
