<?xml version="1.0" encoding="UTF-8"?>
<!DOCTYPE html PUBLIC "-//W3C//DTD XHTML 1.0 Transitional//EN"
    "http://www.w3.org/TR/xhtml1/DTD/xhtml1-transitional.dtd">
<html xmlns="http://www.w3.org/1999/xhtml" xml:lang="en" lang="en">
 <head>
  <title>
</title>
<meta http-equiv="Content-Type" content="text/html;charset=utf-8" />
  <meta name='ocr-system' content='tesseract 3.04.00' />
  <meta name='ocr-capabilities' content='ocr_page ocr_carea ocr_par ocr_line ocrx_word'/>
</head>
<body>
  <div class='ocr_page' id='page_1' title='image "./monumentareform00unkngoog_0118.png"; bbox 0 0 3425 5700; ppageno 0'>
   <div class='ocr_carea' id='block_1_1' title="bbox 804 576 1033 631">
    <p class='ocr_par' dir='ltr' id='par_1_1' title="bbox 804 576 1033 631">
     <span class='ocr_line' id='line_1_1' title="bbox 804 576 1033 631; baseline -0.013 1"><span class='ocrx_word' id='word_1_1' title='bbox 804 579 861 631; x_wconf 58' lang='lat' dir='ltr'>NJ</span> <span class='ocrx_word' id='word_1_2' title='bbox 901 578 935 631; x_wconf 63' lang='lat'><strong>823</strong></span> <span class='ocrx_word' id='word_1_3' title='bbox 976 576 1033 629; x_wconf 51' lang='lat' dir='ltr'><strong>{tw</strong></span> 
     </span>
    </p>
   </div>
   <div class='ocr_carea' id='block_1_2' title="bbox 246 722 1565 4984">
    <p class='ocr_par' dir='ltr' id='par_1_2' title="bbox 246 722 1565 4445">
     <span class='ocr_line' id='line_1_2' title="bbox 278 722 1558 803; baseline -0.003 -15"><span class='ocrx_word' id='word_1_4' title='bbox 278 748 357 788; x_wconf 84' lang='lat' dir='ltr'><strong>nem</strong></span> <span class='ocrx_word' id='word_1_5' title='bbox 390 735 515 787; x_wconf 89' lang='lat' dir='ltr'><strong>eontra</strong></span> <span class='ocrx_word' id='word_1_6' title='bbox 539 725 748 803; x_wconf 80' lang='lat' dir='ltr'><strong>Martinum,</strong></span> <span class='ocrx_word' id='word_1_7' title='bbox 783 744 911 786; x_wconf 89' lang='lat' dir='ltr'><strong>cavere</strong></span> <span class='ocrx_word' id='word_1_8' title='bbox 945 725 1054 785; x_wconf 89' lang='lat' dir='ltr'><strong>debet</strong></span> <span class='ocrx_word' id='word_1_9' title='bbox 1078 722 1248 785; x_wconf 80' lang='lat' dir='ltr'>Maiestas</span> <span class='ocrx_word' id='word_1_10' title='bbox 1277 744 1339 786; x_wconf 89' lang='lat' dir='ltr'><strong>sua</strong></span> <span class='ocrx_word' id='word_1_11' title='bbox 1363 722 1558 787; x_wconf 87' lang='lat' dir='ltr'><strong>huiusmodi</strong></span> 
     </span>
     <span class='ocr_line' id='line_1_3' title="bbox 278 827 1558 914; baseline -0.002 -18"><span class='ocrx_word' id='word_1_12' title='bbox 278 834 499 896; x_wconf 85' lang='lat' dir='ltr'>consultores</span> <span class='ocrx_word' id='word_1_13' title='bbox 523 842 690 913; x_wconf 88' lang='lat' dir='ltr'><strong>tanquam</strong></span> <span class='ocrx_word' id='word_1_14' title='bbox 715 831 842 894; x_wconf 92' lang='lat' dir='ltr'><strong>honori</strong></span> <span class='ocrx_word' id='word_1_15' title='bbox 868 841 903 893; x_wconf 89' lang='lat' dir='ltr'><strong>et</strong></span> <span class='ocrx_word' id='word_1_16' title='bbox 927 831 1112 893; x_wconf 90' lang='lat' dir='ltr'><strong>commodo</strong></span> <span class='ocrx_word' id='word_1_17' title='bbox 1138 829 1212 892; x_wconf 90' lang='lat' dir='ltr'><strong>eius</strong></span> <span class='ocrx_word' id='word_1_18' title='bbox 1228 830 1453 914; x_wconf 77' lang='lat' dir='ltr'><strong>pernitiOSOS,</strong></span> <span class='ocrx_word' id='word_1_19' title='bbox 1478 827 1558 912; x_wconf 91' lang='lat' dir='ltr'><strong>q&#39;uin</strong></span> 
     </span>
     <span class='ocr_line' id='line_1_4' title="bbox 277 937 1558 1022; baseline -0.002 -19"><span class='ocrx_word' id='word_1_20' title='bbox 277 940 347 1003; x_wconf 90' lang='lat' dir='ltr'><strong>imo</strong></span> <span class='ocrx_word' id='word_1_21' title='bbox 377 939 509 1022; x_wconf 92' lang='lat' dir='ltr'><strong>poterit</strong></span> <span class='ocrx_word' id='word_1_22' title='bbox 532 938 703 1001; x_wconf 84' lang='lat' dir='ltr'><strong>Maiestas</strong></span> <span class='ocrx_word' id='word_1_23' title='bbox 733 960 797 1001; x_wconf 91' lang='lat' dir='ltr'><strong>sua</strong></span> <span class='ocrx_word' id='word_1_24' title='bbox 821 937 1011 1000; x_wconf 91' lang='lat' dir='ltr'><strong>conventui</strong></span> <span class='ocrx_word' id='word_1_25' title='bbox 1035 938 1252 1018; x_wconf 90' lang='lat' dir='ltr'><strong>persuadere</strong></span> <span class='ocrx_word' id='word_1_26' title='bbox 1278 938 1467 1001; x_wconf 80' lang='lat' dir='ltr'><strong>Martinam</strong></span> <span class='ocrx_word' id='word_1_27' title='bbox 1493 958 1558 1001; x_wconf 90' lang='lat' dir='ltr'><strong>non</strong></span> 
     </span>
     <span class='ocr_line' id='line_1_5' title="bbox 278 1043 1559 1128; baseline -0.002 -18"><span class='ocrx_word' id='word_1_28' title='bbox 278 1067 356 1110; x_wconf 88' lang='lat' dir='ltr'><strong>esse</strong></span> <span class='ocrx_word' id='word_1_29' title='bbox 390 1046 532 1128; x_wconf 91' lang='lat' dir='ltr'><strong>publice</strong></span> <span class='ocrx_word' id='word_1_30' title='bbox 564 1046 778 1107; x_wconf 88' lang='lat' dir='ltr'><strong>audiendum</strong></span> <span class='ocrx_word' id='word_1_31' title='bbox 810 1053 958 1127; x_wconf 88' lang='lat' dir='ltr'><strong>propter</strong></span> <span class='ocrx_word' id='word_1_32' title='bbox 988 1043 1183 1106; x_wconf 81' lang='lat' dir='ltr'><strong>simultates</strong></span> <span class='ocrx_word' id='word_1_33' title='bbox 1218 1053 1253 1106; x_wconf 91' lang='lat' dir='ltr'><strong>et</strong></span> <span class='ocrx_word' id='word_1_34' title='bbox 1277 1043 1441 1107; x_wconf 88' lang='lat' dir='ltr'><strong>incendia</strong></span> <span class='ocrx_word' id='word_1_35' title='bbox 1471 1066 1559 1127; x_wconf 90' lang='lat' dir='ltr'><strong>quae</strong></span> 
     </span>
     <span class='ocr_line' id='line_1_6' title="bbox 278 1150 1560 1236; baseline -0.001 -21"><span class='ocrx_word' id='word_1_36' title='bbox 278 1154 369 1215; x_wconf 91' lang='lat' dir='ltr'><strong>inter</strong></span> <span class='ocrx_word' id='word_1_37' title='bbox 393 1153 573 1236; x_wconf 87' lang='lat' dir='ltr'><strong>principes</strong></span> <span class='ocrx_word' id='word_1_38' title='bbox 597 1152 807 1215; x_wconf 86' lang='lat' dir='ltr'><strong>Alemaniae</strong></span> <span class='ocrx_word' id='word_1_39' title='bbox 832 1150 998 1214; x_wconf 89' lang='lat' dir='ltr'><strong>videntur</strong></span> <span class='ocrx_word' id='word_1_40' title='bbox 1020 1151 1117 1229; x_wconf 90' lang='lat' dir='ltr'><strong>oriri,</strong></span> <span class='ocrx_word' id='word_1_41' title='bbox 1145 1172 1223 1213; x_wconf 94' lang='lat' dir='ltr'><strong>cum</strong></span> <span class='ocrx_word' id='word_1_42' title='bbox 1248 1150 1401 1215; x_wconf 84' lang='lat' dir='ltr'><strong>maxime</strong></span> <span class='ocrx_word' id='word_1_43' title='bbox 1426 1153 1560 1215; x_wconf 89' lang='lat' dir='ltr'><strong>intersit</strong></span> 
     </span>
     <span class='ocr_line' id='line_1_7' title="bbox 277 1256 1559 1342; baseline 0 -20"><span class='ocrx_word' id='word_1_44' title='bbox 277 1260 501 1342; x_wconf 86' lang='lat' dir='ltr'><strong>imperatoris</strong></span> <span class='ocrx_word' id='word_1_45' title='bbox 516 1268 552 1321; x_wconf 91' lang='lat' dir='ltr'><strong>et</strong></span> <span class='ocrx_word' id='word_1_46' title='bbox 567 1259 787 1321; x_wconf 89' lang='lat' dir='ltr'><strong>subditorum</strong></span> <span class='ocrx_word' id='word_1_47' title='bbox 803 1260 938 1320; x_wconf 89' lang='lat' dir='ltr'><strong>habere</strong></span> <span class='ocrx_word' id='word_1_48' title='bbox 954 1270 1118 1339; x_wconf 89' lang='lat' dir='ltr'><strong>pacatum</strong></span> <span class='ocrx_word' id='word_1_49' title='bbox 1136 1258 1337 1339; x_wconf 86' lang='lat' dir='ltr'><strong>Imperium,</strong></span> <span class='ocrx_word' id='word_1_50' title='bbox 1363 1256 1559 1341; x_wconf 86' lang='lat' dir='ltr'><strong>offerreque</strong></span> 
     </span>
     <span class='ocr_line' id='line_1_8' title="bbox 278 1364 1559 1448; baseline 0 -19"><span class='ocrx_word' id='word_1_51' title='bbox 278 1389 316 1430; x_wconf 88' lang='lat' dir='ltr'><strong>se</strong></span> <span class='ocrx_word' id='word_1_52' title='bbox 344 1367 535 1430; x_wconf 90' lang='lat' dir='ltr'><strong>Martinum</strong></span> <span class='ocrx_word' id='word_1_53' title='bbox 569 1366 769 1429; x_wconf 88' lang='lat' dir='ltr'><strong>auditurum</strong></span> <span class='ocrx_word' id='word_1_54' title='bbox 801 1386 879 1428; x_wconf 88' lang='lat' dir='ltr'><strong>esse</strong></span> <span class='ocrx_word' id='word_1_55' title='bbox 912 1364 1056 1427; x_wconf 89' lang='lat' dir='ltr'><strong>semotis</strong></span> <span class='ocrx_word' id='word_1_56' title='bbox 1090 1364 1232 1427; x_wconf 89' lang='lat' dir='ltr'><strong>arbitris</strong></span> <span class='ocrx_word' id='word_1_57' title='bbox 1263 1374 1410 1448; x_wconf 90' lang='lat' dir='ltr'><strong>propter</strong></span> <span class='ocrx_word' id='word_1_58' title='bbox 1441 1387 1559 1429; x_wconf 91' lang='lat' dir='ltr'><strong>eorum</strong></span> 
     </span>
     <span class='ocr_line' id='line_1_9' title="bbox 278 1471 1556 1556; baseline -0.001 -19"><span class='ocrx_word' id='word_1_59' title='bbox 278 1494 402 1556; x_wconf 85' lang='lat' dir='ltr'><strong>pacem</strong></span> <span class='ocrx_word' id='word_1_60' title='bbox 421 1485 456 1535; x_wconf 89' lang='lat' dir='ltr'><strong>et</strong></span> <span class='ocrx_word' id='word_1_61' title='bbox 476 1472 642 1555; x_wconf 91' lang='lat' dir='ltr'><strong>quietem,</strong></span> <span class='ocrx_word' id='word_1_62' title='bbox 667 1482 703 1535; x_wconf 90' lang='lat' dir='ltr'><strong>et</strong></span> <span class='ocrx_word' id='word_1_63' title='bbox 720 1472 749 1535; x_wconf 91' lang='lat' dir='ltr'><strong>si</strong></span> <span class='ocrx_word' id='word_1_64' title='bbox 774 1471 860 1535; x_wconf 89' lang='lat' dir='ltr'><strong>velit</strong></span> <span class='ocrx_word' id='word_1_65' title='bbox 885 1490 1145 1552; x_wconf 86' lang='lat' dir='ltr'><strong>recognoscere</strong></span> <span class='ocrx_word' id='word_1_66' title='bbox 1169 1492 1309 1535; x_wconf 88' lang='lat' dir='ltr'><strong>errores</strong></span> <span class='ocrx_word' id='word_1_67' title='bbox 1334 1493 1415 1536; x_wconf 90' lang='lat' dir='ltr'><strong>suos</strong></span> <span class='ocrx_word' id='word_1_68' title='bbox 1439 1494 1556 1555; x_wconf 89' lang='lat' dir='ltr'><strong>procu·</strong></span> 
     </span>
     <span class='ocr_line' id='line_1_10' title="bbox 278 1576 1558 1661; baseline 0.002 -19"><span class='ocrx_word' id='word_1_69' title='bbox 278 1591 433 1644; x_wconf 88' lang='lat' dir='ltr'><strong>raturam</strong></span> <span class='ocrx_word' id='word_1_70' title='bbox 456 1580 682 1643; x_wconf 85' lang='lat' dir='ltr'><strong>Maiestatem</strong></span> <span class='ocrx_word' id='word_1_71' title='bbox 715 1599 814 1641; x_wconf 91' lang='lat' dir='ltr'><strong>suam</strong></span> <span class='ocrx_word' id='word_1_72' title='bbox 845 1588 884 1641; x_wconf 90' lang='lat' dir='ltr'><strong>ut</strong></span> <span class='ocrx_word' id='word_1_73' title='bbox 908 1576 944 1641; x_wconf 89' lang='lat' dir='ltr'><strong>S.</strong></span> <span class='ocrx_word' id='word_1_74' title='bbox 970 1578 1013 1641; x_wconf 90' lang='lat' dir='ltr'><strong>D.</strong></span> <span class='ocrx_word' id='word_1_75' title='bbox 1038 1578 1081 1640; x_wconf 91' lang='lat' dir='ltr'><strong>N.</strong></span> <span class='ocrx_word' id='word_1_76' title='bbox 1114 1600 1192 1641; x_wconf 92' lang='lat' dir='ltr'><strong>eum</strong></span> <span class='ocrx_word' id='word_1_77' title='bbox 1227 1579 1377 1661; x_wconf 90' lang='lat' dir='ltr'><strong>recipiat</strong></span> <span class='ocrx_word' id='word_1_78' title='bbox 1409 1581 1455 1642; x_wconf 93' lang='lat' dir='ltr'><strong>ad</strong></span> <span class='ocrx_word' id='word_1_79' title='bbox 1483 1602 1558 1644; x_wconf 90' lang='lat' dir='ltr'><strong>eum</strong></span> 
     </span>
     <span class='ocr_line' id='line_1_11' title="bbox 278 1684 1559 1768; baseline -0.001 -18"><span class='ocrx_word' id='word_1_80' title='bbox 278 1698 405 1751; x_wconf 91' lang='lat' dir='ltr'><strong>statum</strong></span> <span class='ocrx_word' id='word_1_81' title='bbox 437 1687 472 1749; x_wconf 91' lang='lat' dir='ltr'><strong>in</strong></span> <span class='ocrx_word' id='word_1_82' title='bbox 506 1707 576 1768; x_wconf 91' lang='lat' dir='ltr'><strong>quo</strong></span> <span class='ocrx_word' id='word_1_83' title='bbox 604 1695 687 1748; x_wconf 91' lang='lat' dir='ltr'><strong>ante</strong></span> <span class='ocrx_word' id='word_1_84' title='bbox 711 1684 912 1748; x_wconf 91' lang='lat' dir='ltr'><strong>huiusmodi</strong></span> <span class='ocrx_word' id='word_1_85' title='bbox 937 1704 1076 1747; x_wconf 89' lang='lat' dir='ltr'><strong>errores</strong></span> <span class='ocrx_word' id='word_1_86' title='bbox 1101 1694 1191 1758; x_wconf 79' lang='lat' dir='ltr'><strong>erat:</strong></span> <span class='ocrx_word' id='word_1_87' title='bbox 1225 1688 1322 1768; x_wconf 91' lang='lat' dir='ltr'><strong>quod</strong></span> <span class='ocrx_word' id='word_1_88' title='bbox 1347 1688 1375 1749; x_wconf 92' lang='lat' dir='ltr'><strong>si</strong></span> <span class='ocrx_word' id='word_1_89' title='bbox 1399 1688 1559 1764; x_wconf 90' lang='lat' dir='ltr'><strong>voluerit,</strong></span> 
     </span>
     <span class='ocr_line' id='line_1_12' title="bbox 280 1792 1560 1875; baseline 0.001 -19"><span class='ocrx_word' id='word_1_90' title='bbox 280 1796 442 1859; x_wconf 88' lang='lat' dir='ltr'><strong>daturam</strong></span> <span class='ocrx_word' id='word_1_91' title='bbox 466 1793 533 1855; x_wconf 91' lang='lat' dir='ltr'><strong>sibi</strong></span> <span class='ocrx_word' id='word_1_92' title='bbox 550 1792 774 1855; x_wconf 86' lang='lat' dir='ltr'><strong>Maiestatem</strong></span> <span class='ocrx_word' id='word_1_93' title='bbox 793 1813 890 1855; x_wconf 91' lang='lat' dir='ltr'><strong>suam</strong></span> <span class='ocrx_word' id='word_1_94' title='bbox 909 1794 1044 1854; x_wconf 90' lang='lat' dir='ltr'><strong>salvum</strong></span> <span class='ocrx_word' id='word_1_95' title='bbox 1061 1793 1273 1855; x_wconf 90' lang='lat' dir='ltr'><strong>conductum</strong></span> <span class='ocrx_word' id='word_1_96' title='bbox 1291 1793 1485 1875; x_wconf 89' lang='lat' dir='ltr'><strong>imperiale,</strong></span> <span class='ocrx_word' id='word_1_97' title='bbox 1509 1816 1560 1857; x_wconf 93' lang='lat' dir='ltr'><strong>ac-</strong></span> 
     </span>
     <span class='ocr_line' id='line_1_13' title="bbox 246 1899 1560 1984; baseline -0.003 -16"><span class='ocrx_word' id='word_1_98' title='bbox 246 1960 249 1968; x_wconf 91' lang='lat'>.</span> <span class='ocrx_word' id='word_1_99' title='bbox 278 1911 384 1984; x_wconf 90' lang='lat' dir='ltr'><strong>cepta</strong></span> <span class='ocrx_word' id='word_1_100' title='bbox 407 1900 478 1963; x_wconf 89' lang='lat' dir='ltr'><strong>fide</strong></span> <span class='ocrx_word' id='word_1_101' title='bbox 496 1921 517 1962; x_wconf 93' lang='lat' dir='ltr'><strong>a</strong></span> <span class='ocrx_word' id='word_1_102' title='bbox 532 1920 667 1963; x_wconf 90' lang='lat' dir='ltr'><strong>summo</strong></span> <span class='ocrx_word' id='word_1_103' title='bbox 685 1899 858 1963; x_wconf 90' lang='lat' dir='ltr'><strong>Pontifice</strong></span> <span class='ocrx_word' id='word_1_104' title='bbox 884 1909 922 1961; x_wconf 92' lang='lat' dir='ltr'><strong>ut</strong></span> <span class='ocrx_word' id='word_1_105' title='bbox 937 1900 1091 1962; x_wconf 89' lang='lat' dir='ltr'><strong>Romam</strong></span> <span class='ocrx_word' id='word_1_106' title='bbox 1116 1908 1286 1980; x_wconf 92' lang='lat' dir='ltr'><strong>quantum</strong></span> <span class='ocrx_word' id='word_1_107' title='bbox 1311 1902 1464 1963; x_wconf 90' lang='lat' dir='ltr'><strong>voluerit</strong></span> <span class='ocrx_word' id='word_1_108' title='bbox 1487 1901 1560 1964; x_wconf 90' lang='lat' dir='ltr'><strong>sine</strong></span> 
     </span>
     <span class='ocr_line' id='line_1_14' title="bbox 278 2006 1561 2091; baseline 0.001 -20"><span class='ocrx_word' id='word_1_109' title='bbox 278 2008 403 2091; x_wconf 92' lang='lat' dir='ltr'><strong>quavis</strong></span> <span class='ocrx_word' id='word_1_110' title='bbox 427 2008 583 2071; x_wconf 89' lang='lat' dir='ltr'><strong>laesione</strong></span> <span class='ocrx_word' id='word_1_111' title='bbox 608 2028 671 2070; x_wconf 90' lang='lat' dir='ltr'><strong>sua</strong></span> <span class='ocrx_word' id='word_1_112' title='bbox 696 2020 756 2070; x_wconf 91' lang='lat' dir='ltr'><strong>aut</strong></span> <span class='ocrx_word' id='word_1_113' title='bbox 780 2027 922 2069; x_wconf 90' lang='lat' dir='ltr'><strong>suorum</strong></span> <span class='ocrx_word' id='word_1_114' title='bbox 947 2006 1124 2079; x_wconf 91' lang='lat' dir='ltr'><strong>audiatur;</strong></span> <span class='ocrx_word' id='word_1_115' title='bbox 1150 2006 1245 2086; x_wconf 93' lang='lat' dir='ltr'><strong>quod</strong></span> <span class='ocrx_word' id='word_1_116' title='bbox 1270 2006 1299 2069; x_wconf 91' lang='lat' dir='ltr'><strong>si</strong></span> <span class='ocrx_word' id='word_1_117' title='bbox 1324 2007 1428 2071; x_wconf 91' lang='lat' dir='ltr'><strong>etiam</strong></span> <span class='ocrx_word' id='word_1_118' title='bbox 1446 2011 1561 2072; x_wconf 92' lang='lat' dir='ltr'><strong>nolue-</strong></span> 
     </span>
     <span class='ocr_line' id='line_1_15' title="bbox 278 2112 1562 2197; baseline 0 -18"><span class='ocrx_word' id='word_1_119' title='bbox 278 2117 324 2179; x_wconf 89' lang='lat' dir='ltr'><strong>rit</strong></span> <span class='ocrx_word' id='word_1_120' title='bbox 348 2136 550 2197; x_wconf 86' lang='lat' dir='ltr'><strong>quanquam</strong></span> <span class='ocrx_word' id='word_1_121' title='bbox 574 2114 798 2178; x_wconf 90' lang='lat' dir='ltr'><strong>manifestum</strong></span> <span class='ocrx_word' id='word_1_122' title='bbox 823 2115 963 2196; x_wconf 89' lang='lat' dir='ltr'><strong>signum</strong></span> <span class='ocrx_word' id='word_1_123' title='bbox 986 2112 1031 2175; x_wconf 88' lang='lat' dir='ltr'><strong>sit</strong></span> <span class='ocrx_word' id='word_1_124' title='bbox 1047 2112 1255 2193; x_wconf 90' lang='lat' dir='ltr'><strong>calumniae,</strong></span> <span class='ocrx_word' id='word_1_125' title='bbox 1280 2114 1393 2195; x_wconf 92' lang='lat' dir='ltr'><strong>utqui</strong></span> <span class='ocrx_word' id='word_1_126' title='bbox 1411 2136 1479 2177; x_wconf 92' lang='lat' dir='ltr'><strong>non</strong></span> <span class='ocrx_word' id='word_1_127' title='bbox 1499 2116 1562 2179; x_wconf 91' lang='lat' dir='ltr'><strong>nisi</strong></span> 
     </span>
     <span class='ocr_line' id='line_1_16' title="bbox 277 2220 1563 2304; baseline 0.001 -20"><span class='ocrx_word' id='word_1_128' title='bbox 277 2225 314 2285; x_wconf 93' lang='lat' dir='ltr'><strong>in</strong></span> <span class='ocrx_word' id='word_1_129' title='bbox 339 2222 478 2304; x_wconf 86' lang='lat' dir='ltr'><strong>angulis</strong></span> <span class='ocrx_word' id='word_1_130' title='bbox 503 2222 598 2303; x_wconf 92' lang='lat' dir='ltr'><strong>loqui</strong></span> <span class='ocrx_word' id='word_1_131' title='bbox 622 2222 719 2301; x_wconf 86' lang='lat' dir='ltr'><strong>velit,</strong></span> <span class='ocrx_word' id='word_1_132' title='bbox 745 2231 817 2283; x_wconf 89' lang='lat' dir='ltr'><strong>tum</strong></span> <span class='ocrx_word' id='word_1_133' title='bbox 841 2220 1066 2283; x_wconf 87' lang='lat' dir='ltr'><strong>Maiestatem</strong></span> <span class='ocrx_word' id='word_1_134' title='bbox 1092 2241 1190 2282; x_wconf 91' lang='lat' dir='ltr'><strong>suam</strong></span> <span class='ocrx_word' id='word_1_135' title='bbox 1215 2222 1261 2283; x_wconf 93' lang='lat' dir='ltr'><strong>ad</strong></span> <span class='ocrx_word' id='word_1_136' title='bbox 1286 2220 1563 2285; x_wconf 87' lang='lat' dir='ltr'><strong>convincendam</strong></span> 
     </span>
     <span class='ocr_line' id='line_1_17' title="bbox 277 2327 1562 2409; baseline 0.002 -18"><span class='ocrx_word' id='word_1_137' title='bbox 277 2328 429 2391; x_wconf 88' lang='lat' dir='ltr'><strong>hominis</strong></span> <span class='ocrx_word' id='word_1_138' title='bbox 454 2328 622 2391; x_wconf 90' lang='lat' dir='ltr'><strong>malitiam</strong></span> <span class='ocrx_word' id='word_1_139' title='bbox 647 2348 726 2391; x_wconf 92' lang='lat' dir='ltr'><strong>eum</strong></span> <span class='ocrx_word' id='word_1_140' title='bbox 751 2327 1035 2391; x_wconf 90' lang='lat' dir='ltr'><strong>transmissuram</strong></span> <span class='ocrx_word' id='word_1_141' title='bbox 1060 2348 1138 2391; x_wconf 89' lang='lat' dir='ltr'><strong>esse</strong></span> <span class='ocrx_word' id='word_1_142' title='bbox 1163 2328 1208 2390; x_wconf 93' lang='lat' dir='ltr'><strong>ad</strong></span> <span class='ocrx_word' id='word_1_143' title='bbox 1227 2328 1428 2409; x_wconf 67' lang='lat' dir='ltr'><strong>Hispanias</strong></span> <span class='ocrx_word' id='word_1_144' title='bbox 1453 2331 1499 2391; x_wconf 90' lang='lat' dir='ltr'><strong>ad</strong></span> <span class='ocrx_word' id='word_1_145' title='bbox 1515 2332 1562 2394; x_wconf 92' lang='lat' dir='ltr'><strong>in·</strong></span> 
     </span>
     <span class='ocr_line' id='line_1_18' title="bbox 278 2435 1563 2519; baseline -0.001 -21"><span class='ocrx_word' id='word_1_146' title='bbox 278 2436 541 2519; x_wconf 86' lang='lat' dir='ltr'><strong>quisitores&#39;ibi</strong></span> <span class='ocrx_word' id='word_1_147' title='bbox 566 2435 761 2499; x_wconf 80' lang='lat' dir='ltr'><strong>existentes</strong></span> <span class='ocrx_word' id='word_1_148' title='bbox 785 2450 823 2497; x_wconf 95' lang='lat' dir='ltr'><strong>ut</strong></span> <span class='ocrx_word' id='word_1_149' title='bbox 847 2444 924 2498; x_wconf 91' lang='lat' dir='ltr'><strong>tuto</strong></span> <span class='ocrx_word' id='word_1_150' title='bbox 949 2435 998 2498; x_wconf 91' lang='lat' dir='ltr'><strong>ibi</strong></span> <span class='ocrx_word' id='word_1_151' title='bbox 1023 2456 1165 2498; x_wconf 90' lang='lat' dir='ltr'><strong>causam</strong></span> <span class='ocrx_word' id='word_1_152' title='bbox 1187 2456 1285 2498; x_wconf 88' lang='lat' dir='ltr'><strong>suam</strong></span> <span class='ocrx_word' id='word_1_153' title='bbox 1301 2436 1420 2499; x_wconf 89' lang='lat' dir='ltr'><strong>dicere</strong></span> <span class='ocrx_word' id='word_1_154' title='bbox 1437 2439 1563 2517; x_wconf 59' lang='lat' dir='ltr'><strong>possin</strong></span> 
     </span>
     <span class='ocr_line' id='line_1_19' title="bbox 278 2542 1564 2626; baseline 0.002 -20"><span class='ocrx_word' id='word_1_155' title='bbox 278 2545 374 2626; x_wconf 90' lang='lat' dir='ltr'><strong>quod</strong></span> <span class='ocrx_word' id='word_1_156' title='bbox 393 2544 422 2606; x_wconf 91' lang='lat' dir='ltr'><strong>si</strong></span> <span class='ocrx_word' id='word_1_157' title='bbox 435 2564 500 2606; x_wconf 93' lang='lat' dir='ltr'><strong>nec</strong></span> <span class='ocrx_word' id='word_1_158' title='bbox 524 2545 591 2605; x_wconf 94' lang='lat' dir='ltr'><strong>hoc</strong></span> <span class='ocrx_word' id='word_1_159' title='bbox 616 2542 868 2624; x_wconf 84' lang='lat' dir='ltr'><strong>acceptaverit,</strong></span> <span class='ocrx_word' id='word_1_160' title='bbox 890 2542 977 2605; x_wconf 90' lang='lat' dir='ltr'><strong>nihil</strong></span> <span class='ocrx_word' id='word_1_161' title='bbox 995 2542 1090 2605; x_wconf 89' lang='lat' dir='ltr'><strong>aliud</strong></span> <span class='ocrx_word' id='word_1_162' title='bbox 1108 2562 1295 2623; x_wconf 87' lang='lat' dir='ltr'><strong>superesse</strong></span> <span class='ocrx_word' id='word_1_163' title='bbox 1312 2562 1417 2624; x_wconf 91' lang='lat' dir='ltr'><strong>quam</strong></span> <span class='ocrx_word' id='word_1_164' title='bbox 1434 2542 1464 2604; x_wconf 91' lang='lat' dir='ltr'><strong>si</strong></span> <span class='ocrx_word' id='word_1_165' title='bbox 1487 2565 1564 2607; x_wconf 89' lang='lat' dir='ltr'><strong>cum</strong></span> 
     </span>
     <span class='ocr_line' id='line_1_20' title="bbox 279 2650 1565 2731; baseline 0.001 -17"><span class='ocrx_word' id='word_1_166' title='bbox 279 2655 379 2715; x_wconf 93' lang='lat' dir='ltr'><strong>salvo</strong></span> <span class='ocrx_word' id='word_1_167' title='bbox 410 2652 586 2714; x_wconf 90' lang='lat' dir='ltr'><strong>conductu</strong></span> <span class='ocrx_word' id='word_1_168' title='bbox 618 2654 664 2713; x_wconf 93' lang='lat' dir='ltr'><strong>ad</strong></span> <span class='ocrx_word' id='word_1_169' title='bbox 697 2652 772 2714; x_wconf 90' lang='lat' dir='ltr'><strong>eius</strong></span> <span class='ocrx_word' id='word_1_170' title='bbox 795 2650 1020 2714; x_wconf 87' lang='lat' dir='ltr'><strong>Maiestatem</strong></span> <span class='ocrx_word' id='word_1_171' title='bbox 1045 2650 1201 2731; x_wconf 89' lang='lat' dir='ltr'><strong>venerit,</strong></span> <span class='ocrx_word' id='word_1_172' title='bbox 1235 2671 1316 2714; x_wconf 91' lang='lat' dir='ltr'><strong>eum</strong></span> <span class='ocrx_word' id='word_1_173' title='bbox 1338 2652 1437 2717; x_wconf 85' lang='lat' dir='ltr'><strong>iuxta</strong></span> <span class='ocrx_word' id='word_1_174' title='bbox 1460 2652 1565 2715; x_wconf 90' lang='lat' dir='ltr'><strong>fidem</strong></span> 
     </span>
     <span class='ocr_line' id='line_1_21' title="bbox 279 2755 1565 2840; baseline 0.002 -19"><span class='ocrx_word' id='word_1_175' title='bbox 279 2761 398 2822; x_wconf 90' lang='lat' dir='ltr'><strong>datam</strong></span> <span class='ocrx_word' id='word_1_176' title='bbox 434 2758 614 2821; x_wconf 89' lang='lat' dir='ltr'><strong>remittere</strong></span> <span class='ocrx_word' id='word_1_177' title='bbox 650 2767 684 2820; x_wconf 92' lang='lat' dir='ltr'><strong>et</strong></span> <span class='ocrx_word' id='word_1_178' title='bbox 718 2759 844 2821; x_wconf 90' lang='lat' dir='ltr'><strong>ceteris</strong></span> <span class='ocrx_word' id='word_1_179' title='bbox 878 2755 1099 2840; x_wconf 90' lang='lat' dir='ltr'><strong>principibus</strong></span> <span class='ocrx_word' id='word_1_180' title='bbox 1133 2755 1348 2821; x_wconf 89' lang='lat' dir='ltr'><strong>Germaniae</strong></span> <span class='ocrx_word' id='word_1_181' title='bbox 1382 2760 1565 2823; x_wconf 86' lang='lat' dir='ltr'><strong>declarare</strong></span> 
     </span>
     <span class='ocr_line' id='line_1_22' title="bbox 277 2864 1551 2951; baseline 0.001 -21"><span class='ocrx_word' id='word_1_182' title='bbox 277 2867 434 2930; x_wconf 89' lang='lat' dir='ltr'><strong>futurum</strong></span> <span class='ocrx_word' id='word_1_183' title='bbox 458 2868 596 2930; x_wconf 89' lang='lat' dir='ltr'><strong>hostem</strong></span> <span class='ocrx_word' id='word_1_184' title='bbox 610 2867 765 2931; x_wconf 89' lang='lat' dir='ltr'><strong>Romani</strong></span> <span class='ocrx_word' id='word_1_185' title='bbox 779 2866 922 2948; x_wconf 84' lang='lat' dir='ltr'><strong>imperii</strong></span> <span class='ocrx_word' id='word_1_186' title='bbox 947 2865 1159 2947; x_wconf 89' lang='lat' dir='ltr'><strong>quicumque</strong></span> <span class='ocrx_word' id='word_1_187' title='bbox 1182 2864 1299 2947; x_wconf 90' lang='lat' dir='ltr'><strong>ipsum</strong></span> <span class='ocrx_word' id='word_1_188' title='bbox 1324 2869 1416 2931; x_wconf 89' lang='lat' dir='ltr'><strong>ultra</strong></span> <span class='ocrx_word' id='word_1_189' title='bbox 1440 2889 1551 2951; x_wconf 89' lang='lat' dir='ltr'><strong>accep</strong></span> 
     </span>
     <span class='ocr_line' id='line_1_23' title="bbox 279 2973 1565 3056; baseline 0.005 -21"><span class='ocrx_word' id='word_1_190' title='bbox 279 2973 420 3037; x_wconf 87' lang='lat' dir='ltr'><strong>taverit.</strong></span> <span class='ocrx_word' id='word_1_191' title='bbox 453 2974 617 3036; x_wconf 90' lang='lat' dir='ltr'><strong>Laudare</strong></span> <span class='ocrx_word' id='word_1_192' title='bbox 643 2984 759 3036; x_wconf 88' lang='lat' dir='ltr'><strong>tamen</strong></span> <span class='ocrx_word' id='word_1_193' title='bbox 784 2975 1037 3055; x_wconf 91' lang='lat' dir='ltr'><strong>imperatorem</strong></span> <span class='ocrx_word' id='word_1_194' title='bbox 1068 2983 1211 3054; x_wconf 91' lang='lat' dir='ltr'><strong>oportet</strong></span> <span class='ocrx_word' id='word_1_195' title='bbox 1235 2977 1329 3056; x_wconf 90' lang='lat' dir='ltr'><strong>quod</strong></span> <span class='ocrx_word' id='word_1_196' title='bbox 1354 2997 1430 3040; x_wconf 90' lang='lat' dir='ltr'><strong>rem</strong></span> <span class='ocrx_word' id='word_1_197' title='bbox 1447 2977 1565 3041; x_wconf 88' lang='lat' dir='ltr'><strong>Eccle-</strong></span> 
     </span>
     <span class='ocr_line' id='line_1_24' title="bbox 278 3081 1565 3166; baseline 0.003 -21"><span class='ocrx_word' id='word_1_198' title='bbox 278 3083 352 3145; x_wconf 89' lang='lat' dir='ltr'><strong>siae</strong></span> <span class='ocrx_word' id='word_1_199' title='bbox 376 3083 558 3163; x_wconf 91' lang='lat' dir='ltr'><strong>hucusque</strong></span> <span class='ocrx_word' id='word_1_200' title='bbox 583 3081 713 3144; x_wconf 89' lang='lat' dir='ltr'><strong>acriter</strong></span> <span class='ocrx_word' id='word_1_201' title='bbox 741 3090 876 3143; x_wconf 88' lang='lat' dir='ltr'><strong>tutatus</strong></span> <span class='ocrx_word' id='word_1_202' title='bbox 901 3081 956 3160; x_wconf 90' lang='lat' dir='ltr'><strong>sit,</strong></span> <span class='ocrx_word' id='word_1_203' title='bbox 981 3081 1065 3144; x_wconf 90' lang='lat' dir='ltr'><strong>licet</strong></span> <span class='ocrx_word' id='word_1_204' title='bbox 1091 3083 1248 3145; x_wconf 93' lang='lat' dir='ltr'><strong>nondum</strong></span> <span class='ocrx_word' id='word_1_205' title='bbox 1273 3085 1318 3145; x_wconf 91' lang='lat' dir='ltr'><strong>ad</strong></span> <span class='ocrx_word' id='word_1_206' title='bbox 1344 3093 1505 3166; x_wconf 90' lang='lat' dir='ltr'><strong>optatum</strong></span> <span class='ocrx_word' id='word_1_207' title='bbox 1530 3098 1565 3148; x_wconf 89' lang='lat' dir='ltr'><strong>et</strong></span> 
     </span>
     <span class='ocr_line' id='line_1_25' title="bbox 277 3187 1563 3256; baseline 0.004 -5"><span class='ocrx_word' id='word_1_208' title='bbox 277 3190 406 3252; x_wconf 91' lang='lat' dir='ltr'><strong>iustum</strong></span> <span class='ocrx_word' id='word_1_209' title='bbox 420 3188 525 3251; x_wconf 88' lang='lat' dir='ltr'><strong>finem</strong></span> <span class='ocrx_word' id='word_1_210' title='bbox 541 3187 731 3251; x_wconf 88' lang='lat' dir='ltr'><strong>deduxerit</strong></span> <span class='ocrx_word' id='word_1_211' title='bbox 751 3197 786 3251; x_wconf 92' lang='lat' dir='ltr'><strong>et</strong></span> <span class='ocrx_word' id='word_1_212' title='bbox 809 3190 1052 3250; x_wconf 89' lang='lat' dir='ltr'><strong>reducendum</strong></span> <span class='ocrx_word' id='word_1_213' title='bbox 1076 3188 1122 3251; x_wconf 90' lang='lat' dir='ltr'><strong>ad</strong></span> <span class='ocrx_word' id='word_1_214' title='bbox 1146 3189 1350 3254; x_wconf 91' lang='lat' dir='ltr'><strong>memoriam</strong></span> <span class='ocrx_word' id='word_1_215' title='bbox 1365 3191 1563 3256; x_wconf 87' lang='lat' dir='ltr'><strong>Caesareae</strong></span> 
     </span>
     <span class='ocr_line' id='line_1_26' title="bbox 279 3293 1560 3382; baseline 0.002 -24"><span class='ocrx_word' id='word_1_216' title='bbox 279 3295 476 3358; x_wconf 90' lang='lat' dir='ltr'><strong>Maiestatis</strong></span> <span class='ocrx_word' id='word_1_217' title='bbox 491 3296 587 3376; x_wconf 93' lang='lat' dir='ltr'><strong>quod</strong></span> <span class='ocrx_word' id='word_1_218' title='bbox 604 3315 674 3357; x_wconf 93' lang='lat' dir='ltr'><strong>non</strong></span> <span class='ocrx_word' id='word_1_219' title='bbox 691 3295 751 3377; x_wconf 93' lang='lat' dir='ltr'><strong>qui</strong></span> <span class='ocrx_word' id='word_1_220' title='bbox 775 3293 949 3378; x_wconf 88' lang='lat' dir='ltr'><strong>inceperit</strong></span> <span class='ocrx_word' id='word_1_221' title='bbox 973 3296 1037 3358; x_wconf 88' lang='lat' dir='ltr'><strong>sed</strong></span> <span class='ocrx_word' id='word_1_222' title='bbox 1061 3294 1121 3376; x_wconf 93' lang='lat' dir='ltr'><strong>qui</strong></span> <span class='ocrx_word' id='word_1_223' title='bbox 1144 3315 1255 3378; x_wconf 90' lang='lat' dir='ltr'><strong>usque</strong></span> <span class='ocrx_word' id='word_1_224' title='bbox 1279 3298 1325 3359; x_wconf 93' lang='lat' dir='ltr'><strong>ad</strong></span> <span class='ocrx_word' id='word_1_225' title='bbox 1348 3297 1455 3362; x_wconf 89' lang='lat' dir='ltr'><strong>finem</strong></span> <span class='ocrx_word' id='word_1_226' title='bbox 1486 3320 1560 3382; x_wconf 91' lang='lat' dir='ltr'><strong>per·</strong></span> 
     </span>
     <span class='ocr_line' id='line_1_27' title="bbox 278 3401 1561 3489; baseline 0.002 -24"><span class='ocrx_word' id='word_1_227' title='bbox 278 3401 497 3465; x_wconf 88' lang='lat' dir='ltr'><strong>severaverit</strong></span> <span class='ocrx_word' id='word_1_228' title='bbox 530 3402 587 3465; x_wconf 85' lang='lat' dir='ltr'><strong>hic</strong></span> <span class='ocrx_word' id='word_1_229' title='bbox 618 3404 737 3465; x_wconf 90' lang='lat' dir='ltr'><strong>salvus</strong></span> <span class='ocrx_word' id='word_1_230' title='bbox 770 3402 854 3482; x_wconf 88' lang='lat' dir='ltr'><strong>erit,</strong></span> <span class='ocrx_word' id='word_1_231' title='bbox 889 3412 924 3465; x_wconf 92' lang='lat' dir='ltr'><strong>et</strong></span> <span class='ocrx_word' id='word_1_232' title='bbox 955 3403 1050 3483; x_wconf 92' lang='lat' dir='ltr'><strong>quod</strong></span> <span class='ocrx_word' id='word_1_233' title='bbox 1082 3403 1207 3466; x_wconf 89' lang='lat' dir='ltr'><strong>meiius</strong></span> <span class='ocrx_word' id='word_1_234' title='bbox 1231 3413 1285 3466; x_wconf 90' lang='lat' dir='ltr'><strong>est</strong></span> <span class='ocrx_word' id='word_1_235' title='bbox 1309 3425 1380 3468; x_wconf 91' lang='lat' dir='ltr'><strong>non</strong></span> <span class='ocrx_word' id='word_1_236' title='bbox 1404 3405 1561 3489; x_wconf 91' lang='lat' dir='ltr'><strong>incipere</strong></span> 
     </span>
     <span class='ocr_line' id='line_1_28' title="bbox 279 3509 1560 3593; baseline 0.003 -22"><span class='ocrx_word' id='word_1_237' title='bbox 279 3530 383 3592; x_wconf 94' lang='lat' dir='ltr'><strong>quam</strong></span> <span class='ocrx_word' id='word_1_238' title='bbox 408 3511 454 3571; x_wconf 94' lang='lat' dir='ltr'><strong>ab</strong></span> <span class='ocrx_word' id='word_1_239' title='bbox 478 3509 630 3593; x_wconf 89' lang='lat' dir='ltr'><strong>inceptis</strong></span> <span class='ocrx_word' id='word_1_240' title='bbox 656 3509 810 3591; x_wconf 89' lang='lat' dir='ltr'><strong>turpiter</strong></span> <span class='ocrx_word' id='word_1_241' title='bbox 834 3510 1017 3573; x_wconf 89' lang='lat' dir='ltr'><strong>desistere.</strong></span> <span class='ocrx_word' id='word_1_242' title='bbox 1065 3510 1202 3590; x_wconf 88' lang='lat' dir='ltr'><strong>Itaque,</strong></span> <span class='ocrx_word' id='word_1_243' title='bbox 1230 3520 1418 3592; x_wconf 91' lang='lat' dir='ltr'><strong>postquam</strong></span> <span class='ocrx_word' id='word_1_244' title='bbox 1444 3513 1560 3575; x_wconf 91' lang='lat' dir='ltr'><strong>Eccle-</strong></span> 
     </span>
     <span class='ocr_line' id='line_1_29' title="bbox 278 3615 1561 3684; baseline 0.002 -6"><span class='ocrx_word' id='word_1_245' title='bbox 278 3617 365 3680; x_wconf 84' lang='lat' dir='ltr'><strong>siam</strong></span> <span class='ocrx_word' id='word_1_246' title='bbox 390 3626 428 3678; x_wconf 90' lang='lat' dir='ltr'><strong>ut</strong></span> <span class='ocrx_word' id='word_1_247' title='bbox 452 3615 570 3679; x_wconf 91' lang='lat' dir='ltr'><strong>decuit</strong></span> <span class='ocrx_word' id='word_1_248' title='bbox 594 3615 857 3678; x_wconf 86' lang='lat' dir='ltr'><strong>defendendam</strong></span> <span class='ocrx_word' id='word_1_249' title='bbox 882 3625 917 3678; x_wconf 93' lang='lat' dir='ltr'><strong>et</strong></span> <span class='ocrx_word' id='word_1_250' title='bbox 941 3616 1080 3679; x_wconf 91' lang='lat' dir='ltr'><strong>Bullam</strong></span> <span class='ocrx_word' id='word_1_251' title='bbox 1099 3615 1254 3680; x_wconf 90' lang='lat' dir='ltr'><strong>Romani</strong></span> <span class='ocrx_word' id='word_1_252' title='bbox 1272 3617 1457 3684; x_wconf 89' lang='lat' dir='ltr'><strong>Pontificis</strong></span> <span class='ocrx_word' id='word_1_253' title='bbox 1482 3641 1561 3682; x_wconf 87' lang='lat' dir='ltr'><strong>exe·</strong></span> 
     </span>
     <span class='ocr_line' id='line_1_30' title="bbox 278 3721 1563 3806; baseline 0.002 -20"><span class='ocrx_word' id='word_1_254' title='bbox 278 3725 456 3806; x_wconf 89' lang='lat' dir='ltr'><strong>quendam</strong></span> <span class='ocrx_word' id='word_1_255' title='bbox 479 3721 652 3804; x_wconf 87' lang='lat' dir='ltr'><strong>suscepit,</strong></span> <span class='ocrx_word' id='word_1_256' title='bbox 681 3742 753 3786; x_wconf 90' lang='lat' dir='ltr'><strong>non</strong></span> <span class='ocrx_word' id='word_1_257' title='bbox 777 3732 897 3805; x_wconf 91' lang='lat' dir='ltr'><strong>potest</strong></span> <span class='ocrx_word' id='word_1_258' title='bbox 921 3721 996 3785; x_wconf 89' lang='lat' dir='ltr'><strong>sine</strong></span> <span class='ocrx_word' id='word_1_259' title='bbox 1022 3722 1097 3785; x_wconf 90' lang='lat' dir='ltr'><strong>eius</strong></span> <span class='ocrx_word' id='word_1_260' title='bbox 1122 3743 1252 3804; x_wconf 90' lang='lat' dir='ltr'><strong>magna</strong></span> <span class='ocrx_word' id='word_1_261' title='bbox 1276 3734 1361 3787; x_wconf 92' lang='lat' dir='ltr'><strong>nota</strong></span> <span class='ocrx_word' id='word_1_262' title='bbox 1385 3723 1420 3788; x_wconf 93' lang='lat' dir='ltr'><strong>in</strong></span> <span class='ocrx_word' id='word_1_263' title='bbox 1446 3726 1563 3788; x_wconf 90' lang='lat' dir='ltr'><strong>medio</strong></span> 
     </span>
     <span class='ocr_line' id='line_1_31' title="bbox 280 3829 1563 3912; baseline 0 -19"><span class='ocrx_word' id='word_1_264' title='bbox 280 3851 384 3893; x_wconf 90' lang='lat' dir='ltr'><strong>cursu</strong></span> <span class='ocrx_word' id='word_1_265' title='bbox 408 3829 576 3902; x_wconf 88' lang='lat' dir='ltr'><strong>deficere;</strong></span> <span class='ocrx_word' id='word_1_266' title='bbox 601 3830 697 3910; x_wconf 93' lang='lat' dir='ltr'><strong>quod</strong></span> <span class='ocrx_word' id='word_1_267' title='bbox 721 3829 750 3892; x_wconf 92' lang='lat' dir='ltr'><strong>si</strong></span> <span class='ocrx_word' id='word_1_268' title='bbox 774 3850 831 3892; x_wconf 89' lang='lat' dir='ltr'><strong>res</strong></span> <span class='ocrx_word' id='word_1_269' title='bbox 848 3829 884 3892; x_wconf 94' lang='lat' dir='ltr'><strong>in</strong></span> <span class='ocrx_word' id='word_1_270' title='bbox 900 3831 1057 3912; x_wconf 86' lang='lat' dir='ltr'><strong>longum,</strong></span> <span class='ocrx_word' id='word_1_271' title='bbox 1082 3839 1120 3891; x_wconf 91' lang='lat' dir='ltr'><strong>ut</strong></span> <span class='ocrx_word' id='word_1_272' title='bbox 1136 3829 1298 3892; x_wconf 84' lang='lat' dir='ltr'><strong>fortassis</strong></span> <span class='ocrx_word' id='word_1_273' title='bbox 1314 3832 1443 3894; x_wconf 89' lang='lat' dir='ltr'><strong>aemuli</strong></span> <span class='ocrx_word' id='word_1_274' title='bbox 1459 3831 1563 3896; x_wconf 83' lang='lat' dir='ltr'><strong>Sedis</strong></span> 
     </span>
     <span class='ocr_line' id='line_1_32' title="bbox 279 3935 1561 4020; baseline 0 -21"><span class='ocrx_word' id='word_1_275' title='bbox 279 3937 512 4020; x_wconf 81' lang='lat' dir='ltr'><strong>Apostolicae</strong></span> <span class='ocrx_word' id='word_1_276' title='bbox 538 3946 572 3999; x_wconf 90' lang='lat' dir='ltr'><strong>et</strong></span> <span class='ocrx_word' id='word_1_277' title='bbox 595 3935 728 3998; x_wconf 92' lang='lat' dir='ltr'><strong>inimici</strong></span> <span class='ocrx_word' id='word_1_278' title='bbox 751 3935 950 4000; x_wconf 87' lang='lat' dir='ltr'><strong>Maiestatis</strong></span> <span class='ocrx_word' id='word_1_279' title='bbox 974 3957 1059 3999; x_wconf 89' lang='lat' dir='ltr'><strong>suae</strong></span> <span class='ocrx_word' id='word_1_280' title='bbox 1084 3945 1246 4017; x_wconf 89' lang='lat' dir='ltr'><strong>querunt,</strong></span> <span class='ocrx_word' id='word_1_281' title='bbox 1272 3937 1492 4020; x_wconf 88' lang='lat' dir='ltr'><strong>differantur,</strong></span> <span class='ocrx_word' id='word_1_282' title='bbox 1516 3938 1561 4001; x_wconf 91' lang='lat' dir='ltr'><strong>vi-</strong></span> 
     </span>
     <span class='ocr_line' id='line_1_33' title="bbox 280 4042 1562 4126; baseline 0.002 -20"><span class='ocrx_word' id='word_1_283' title='bbox 280 4045 363 4106; x_wconf 89' lang='lat' dir='ltr'><strong>deat</strong></span> <span class='ocrx_word' id='word_1_284' title='bbox 384 4043 555 4105; x_wconf 89' lang='lat' dir='ltr'><strong>Maiestas</strong></span> <span class='ocrx_word' id='word_1_285' title='bbox 584 4063 648 4104; x_wconf 89' lang='lat' dir='ltr'><strong>sua</strong></span> <span class='ocrx_word' id='word_1_286' title='bbox 671 4042 706 4104; x_wconf 95' lang='lat' dir='ltr'><strong>in</strong></span> <span class='ocrx_word' id='word_1_287' title='bbox 730 4043 852 4123; x_wconf 90' lang='lat' dir='ltr'><strong>primis</strong></span> <span class='ocrx_word' id='word_1_288' title='bbox 877 4043 1044 4126; x_wconf 88' lang='lat' dir='ltr'><strong>auspiciis</strong></span> <span class='ocrx_word' id='word_1_289' title='bbox 1067 4053 1188 4106; x_wconf 89' lang='lat' dir='ltr'><strong>tantae</strong></span> <span class='ocrx_word' id='word_1_290' title='bbox 1213 4045 1453 4126; x_wconf 89' lang='lat' dir='ltr'><strong>amplitudinis</strong></span> <span class='ocrx_word' id='word_1_291' title='bbox 1478 4067 1562 4110; x_wconf 89' lang='lat' dir='ltr'><strong>suae</strong></span> 
     </span>
     <span class='ocr_line' id='line_1_34' title="bbox 280 4150 1562 4235; baseline 0.001 -23"><span class='ocrx_word' id='word_1_292' title='bbox 280 4171 385 4232; x_wconf 88' lang='lat' dir='ltr'><strong>quarn</strong></span> <span class='ocrx_word' id='word_1_293' title='bbox 418 4151 462 4212; x_wconf 90' lang='lat' dir='ltr'><strong>de</strong></span> <span class='ocrx_word' id='word_1_294' title='bbox 495 4171 532 4212; x_wconf 93' lang='lat' dir='ltr'><strong>se</strong></span> <span class='ocrx_word' id='word_1_295' title='bbox 564 4151 852 4232; x_wconf 87' lang='lat' dir='ltr'><strong>expectationem</strong></span> <span class='ocrx_word' id='word_1_296' title='bbox 885 4151 1073 4213; x_wconf 88' lang='lat' dir='ltr'><strong>universae</strong></span> <span class='ocrx_word' id='word_1_297' title='bbox 1105 4150 1318 4214; x_wconf 90' lang='lat' dir='ltr'><strong>christianae</strong></span> <span class='ocrx_word' id='word_1_298' title='bbox 1346 4152 1562 4235; x_wconf 87' lang='lat' dir='ltr'><strong>reipublicae</strong></span> 
     </span>
     <span class='ocr_line' id='line_1_35' title="bbox 279 4255 1559 4340; baseline 0 -20"><span class='ocrx_word' id='word_1_299' title='bbox 279 4255 494 4340; x_wconf 87' lang='lat' dir='ltr'><strong>praebuerit,</strong></span> <span class='ocrx_word' id='word_1_300' title='bbox 520 4267 645 4320; x_wconf 91' lang='lat' dir='ltr'><strong>contra</strong></span> <span class='ocrx_word' id='word_1_301' title='bbox 661 4267 827 4339; x_wconf 91' lang='lat' dir='ltr'><strong>coeptam</strong></span> <span class='ocrx_word' id='word_1_302' title='bbox 843 4257 1089 4321; x_wconf 83' lang='lat' dir='ltr'><strong>defensionem</strong></span> <span class='ocrx_word' id='word_1_303' title='bbox 1107 4258 1301 4321; x_wconf 88' lang='lat' dir='ltr'><strong>communis</strong></span> <span class='ocrx_word' id='word_1_304' title='bbox 1317 4259 1469 4322; x_wconf 90' lang='lat' dir='ltr'><strong>omnium</strong></span> <span class='ocrx_word' id='word_1_305' title='bbox 1485 4279 1559 4322; x_wconf 93' lang='lat' dir='ltr'><strong>cau·</strong></span> 
     </span>
     <span class='ocr_line' id='line_1_36' title="bbox 280 4364 1208 4445; baseline -0.001 -17"><span class='ocrx_word' id='word_1_306' title='bbox 280 4387 340 4428; x_wconf 91' lang='lat' dir='ltr'><strong>sae</strong></span> <span class='ocrx_word' id='word_1_307' title='bbox 365 4375 400 4428; x_wconf 91' lang='lat' dir='ltr'><strong>et</strong></span> <span class='ocrx_word' id='word_1_308' title='bbox 424 4364 547 4427; x_wconf 88' lang='lat' dir='ltr'><strong>salutis</strong></span> <span class='ocrx_word' id='word_1_309' title='bbox 572 4384 663 4444; x_wconf 91' lang='lat' dir='ltr'><strong>quae</strong></span> <span class='ocrx_word' id='word_1_310' title='bbox 687 4364 723 4426; x_wconf 93' lang='lat' dir='ltr'><strong>in</strong></span> <span class='ocrx_word' id='word_1_311' title='bbox 748 4385 854 4426; x_wconf 89' lang='lat' dir='ltr'><strong>manu</strong></span> <span class='ocrx_word' id='word_1_312' title='bbox 878 4385 941 4427; x_wconf 91' lang='lat' dir='ltr'><strong>sua</strong></span> <span class='ocrx_word' id='word_1_313' title='bbox 965 4375 1029 4445; x_wconf 91' lang='lat' dir='ltr'><strong>est,</strong></span> <span class='ocrx_word' id='word_1_314' title='bbox 1055 4366 1208 4428; x_wconf 89' lang='lat' dir='ltr'><strong>deserat.</strong></span> 
     </span>
    </p>

    <p class='ocr_par' dir='ltr' id='par_1_3' title="bbox 280 4470 1562 4984">
     <span class='ocr_line' id='line_1_37' title="bbox 369 4470 1558 4556; baseline 0 -22"><span class='ocrx_word' id='word_1_315' title='bbox 369 4471 448 4552; x_wconf 84' lang='lat' dir='ltr'><strong>Quo</strong></span> <span class='ocrx_word' id='word_1_316' title='bbox 473 4491 559 4532; x_wconf 90' lang='lat' dir='ltr'><strong>vero</strong></span> <span class='ocrx_word' id='word_1_317' title='bbox 584 4472 629 4532; x_wconf 92' lang='lat' dir='ltr'><strong>ad</strong></span> <span class='ocrx_word' id='word_1_318' title='bbox 654 4470 795 4533; x_wconf 87' lang='lat' dir='ltr'><strong>libellos</strong></span> <span class='ocrx_word' id='word_1_319' title='bbox 808 4470 952 4533; x_wconf 90' lang='lat' dir='ltr'><strong>Martini</strong></span> <span class='ocrx_word' id='word_1_320' title='bbox 977 4471 1101 4535; x_wconf 89' lang='lat' dir='ltr'><strong>mirum</strong></span> <span class='ocrx_word' id='word_1_321' title='bbox 1126 4483 1190 4554; x_wconf 89' lang='lat' dir='ltr'><strong>est,</strong></span> <span class='ocrx_word' id='word_1_322' title='bbox 1216 4493 1322 4554; x_wconf 91' lang='lat' dir='ltr'><strong>quum</strong></span> <span class='ocrx_word' id='word_1_323' title='bbox 1347 4483 1418 4536; x_wconf 90' lang='lat' dir='ltr'><strong>tam</strong></span> <span class='ocrx_word' id='word_1_324' title='bbox 1442 4484 1558 4556; x_wconf 91' lang='lat' dir='ltr'><strong>paten-</strong></span> 
     </span>
     <span class='ocr_line' id='line_1_38' title="bbox 280 4579 1562 4659; baseline 0.001 -21"><span class='ocrx_word' id='word_1_325' title='bbox 280 4586 335 4640; x_wconf 90' lang='lat' dir='ltr'><strong>tes</strong></span> <span class='ocrx_word' id='word_1_326' title='bbox 351 4598 492 4641; x_wconf 89' lang='lat' dir='ltr'><strong>errores</strong></span> <span class='ocrx_word' id='word_1_327' title='bbox 512 4579 729 4659; x_wconf 89' lang='lat' dir='ltr'><strong>contineant,</strong></span> <span class='ocrx_word' id='word_1_328' title='bbox 756 4600 827 4642; x_wconf 92' lang='lat' dir='ltr'><strong>non</strong></span> <span class='ocrx_word' id='word_1_329' title='bbox 851 4591 1064 4644; x_wconf 90' lang='lat' dir='ltr'><strong>concurrant</strong></span> <span class='ocrx_word' id='word_1_330' title='bbox 1088 4581 1205 4644; x_wconf 89' lang='lat' dir='ltr'><strong>statim</strong></span> <span class='ocrx_word' id='word_1_331' title='bbox 1221 4580 1390 4644; x_wconf 88' lang='lat' dir='ltr'><strong>Germani</strong></span> <span class='ocrx_word' id='word_1_332' title='bbox 1414 4582 1459 4644; x_wconf 92' lang='lat' dir='ltr'><strong>ad</strong></span> <span class='ocrx_word' id='word_1_333' title='bbox 1482 4579 1562 4642; x_wconf 93' lang='lat' dir='ltr'><strong>illos</strong></span> 
     </span>
     <span class='ocr_line' id='line_1_39' title="bbox 280 4685 1560 4770; baseline 0.001 -25"><span class='ocrx_word' id='word_1_334' title='bbox 280 4687 540 4748; x_wconf 90' lang='lat' dir='ltr'><strong>comburendos</strong></span> <span class='ocrx_word' id='word_1_335' title='bbox 564 4695 602 4748; x_wconf 94' lang='lat' dir='ltr'><strong>ut</strong></span> <span class='ocrx_word' id='word_1_336' title='bbox 627 4685 850 4749; x_wconf 87' lang='lat' dir='ltr'><strong>continentes</strong></span> <span class='ocrx_word' id='word_1_337' title='bbox 871 4688 1082 4770; x_wconf 83' lang='lat' dir='ltr'><strong>religionem</strong></span> <span class='ocrx_word' id='word_1_338' title='bbox 1101 4708 1222 4751; x_wconf 91' lang='lat' dir='ltr'><strong>eorum</strong></span> <span class='ocrx_word' id='word_1_339' title='bbox 1240 4687 1401 4770; x_wconf 88' lang='lat' dir='ltr'><strong>patribus</strong></span> <span class='ocrx_word' id='word_1_340' title='bbox 1424 4685 1560 4750; x_wconf 92' lang='lat' dir='ltr'><strong>omnino</strong></span> 
     </span>
     <span class='ocr_line' id='line_1_40' title="bbox 280 4791 1561 4876; baseline 0.002 -24"><span class='ocrx_word' id='word_1_341' title='bbox 280 4791 439 4872; x_wconf 85' lang='lat' dir='ltr'><strong>ignotam</strong></span> <span class='ocrx_word' id='word_1_342' title='bbox 471 4802 506 4855; x_wconf 92' lang='lat' dir='ltr'><strong>et</strong></span> <span class='ocrx_word' id='word_1_343' title='bbox 536 4791 675 4855; x_wconf 90' lang='lat' dir='ltr'><strong>Christo</strong></span> <span class='ocrx_word' id='word_1_344' title='bbox 707 4791 903 4875; x_wconf 89' lang='lat' dir='ltr'><strong>inimicam,</strong></span> <span class='ocrx_word' id='word_1_345' title='bbox 934 4805 1166 4858; x_wconf 89' lang='lat' dir='ltr'><strong>veruntamen</strong></span> <span class='ocrx_word' id='word_1_346' title='bbox 1191 4795 1274 4876; x_wconf 88' lang='lat' dir='ltr'><strong>quia</strong></span> <span class='ocrx_word' id='word_1_347' title='bbox 1297 4796 1422 4858; x_wconf 92' lang='lat' dir='ltr'><strong>nolunt</strong></span> <span class='ocrx_word' id='word_1_348' title='bbox 1446 4793 1561 4874; x_wconf 90' lang='lat' dir='ltr'><strong>aliquo</strong></span> 
     </span>
     <span class='ocr_line' id='line_1_41' title="bbox 280 4899 1560 4984; baseline 0.001 -24"><span class='ocrx_word' id='word_1_349' title='bbox 280 4899 386 4981; x_wconf 87' lang='lat' dir='ltr'><strong>modo</strong></span> <span class='ocrx_word' id='word_1_350' title='bbox 411 4909 604 4982; x_wconf 88' lang='lat' dir='ltr'><strong>expectare</strong></span> <span class='ocrx_word' id='word_1_351' title='bbox 628 4899 658 4961; x_wconf 89' lang='lat' dir='ltr'><strong>si</strong></span> <span class='ocrx_word' id='word_1_352' title='bbox 674 4899 848 4964; x_wconf 91' lang='lat' dir='ltr'><strong>Martinus</strong></span> <span class='ocrx_word' id='word_1_353' title='bbox 873 4903 959 4965; x_wconf 90' lang='lat' dir='ltr'><strong>velit</strong></span> <span class='ocrx_word' id='word_1_354' title='bbox 984 4923 1046 4966; x_wconf 89' lang='lat' dir='ltr'><strong>eos</strong></span> <span class='ocrx_word' id='word_1_355' title='bbox 1070 4922 1241 4966; x_wconf 89' lang='lat' dir='ltr'><strong>revocare</strong></span> <span class='ocrx_word' id='word_1_356' title='bbox 1261 4911 1296 4965; x_wconf 87' lang='lat' dir='ltr'><strong>et</strong></span> <span class='ocrx_word' id='word_1_357' title='bbox 1312 4902 1347 4965; x_wconf 92' lang='lat' dir='ltr'><strong>in</strong></span> <span class='ocrx_word' id='word_1_358' title='bbox 1364 4923 1434 4984; x_wconf 93' lang='lat' dir='ltr'><strong>qua</strong></span> <span class='ocrx_word' id='word_1_359' title='bbox 1449 4909 1560 4983; x_wconf 87' lang='lat' dir='ltr'><strong>parte,</strong></span> 
     </span>
    </p>
   </div>
   <div class='ocr_carea' id='block_1_3' title="bbox 0 0 1721 5700">
    <p class='ocr_par' dir='ltr' id='par_1_4' title="bbox 0 0 1721 5700">
     <span class='ocr_line' id='line_1_42' title="bbox 0 0 1721 5700; baseline 0 0"><span class='ocrx_word' id='word_1_360' title='bbox 0 0 1721 5700; x_wconf 95' lang='lat' dir='ltr'><strong> </strong></span> 
     </span>
    </p>
   </div>
  </div>
 </body>
</html>
