3425 5700
835 552 1082 610 Quale*

320 720 426 782 super
459 699 554 780 quod
589 718 657 780 per,
686 699 778 762 hanc
813 697 907 767 viam
942 698 978 761 in
1011 698 1213 761 Christiana
1242 698 1418 781 religione
1448 698 1586 762 schisma

320 817 503 870 aeternum
528 806 697 871 inducere
721 824 943 886 possemus,
961 805 1215 869 dissidentibus
1245 806 1280 869 in
1304 808 1367 888 iis,
1398 827 1490 888 quae
1519 827 1585 890 per-

319 915 433 976 tinent
456 913 501 976 ad
524 910 645 993 fidem,
670 910 875 992 Germanis,
899 932 921 974 a
945 912 1097 975 coeteris
1122 911 1349 976 Nationibus:
1380 933 1488 996 quum
1509 913 1586 977 veri-

320 1021 431 1083 simile
464 1040 533 1085 non
567 1020 612 1081 sit
642 1018 731 1081 alias
755 1018 928 1081 Nationes
964 1019 1053 1081 citra
1084 1018 1267 1083 Pontificis
1297 1020 1540 1102 autoritatem,
1570 1040 1588 1081 a

320 1128 508 1211 Germanis
531 1128 641 1207 leges,
668 1134 729 1188 aut
750 1125 836 1187 ritus
861 1134 1105 1207 suscepturas:
1130 1127 1226 1207 quod
1251 1138 1422 1209 quantum
1444 1128 1588 1192 futurum

320 1234 364 1297 sit
388 1243 612 1316 oportunum,
637 1244 673 1295 et
696 1234 919 1295 commodum
943 1232 1140 1296 rationibus
1155 1234 1266 1316 pacis
1292 1255 1396 1317 quam
1411 1245 1589 1318 tantopere

322 1344 413 1427 inter
438 1340 657 1403 Christianos
682 1339 868 1421 Principes
891 1339 1100 1404 affectamus
1108 1389 1117 1422 ,
1149 1343 1266 1405 nullus
1291 1350 1345 1405 est
1369 1344 1429 1424 qui
1453 1342 1589 1406 nesciat

320 1448 514 1512 infelicitas
538 1467 647 1529 porro
671 1446 843 1529 maxima,
876 1456 913 1509 et
935 1446 1129 1529 indignitas
1153 1447 1302 1531 insignis
1325 1448 1434 1513 fuerit
1457 1448 1589 1515 Christi·

320 1577 409 1619 anae
439 1542 641 1637 religionis,
676 1555 801 1616 eadem
825 1554 973 1616 vulnera
1006 1555 1173 1617 continue
1205 1554 1390 1638 refricare,
1426 1566 1532 1639 atque
1560 1556 1590 1617 in

320 1663 465 1726 ‹lubium
489 1682 532 1724 ea
556 1681 741 1739 revocare,
766 1680 858 1741 quae
883 1660 1017 1724 centies
1041 1664 1087 1724 ab
1112 1662 1283 1743 Ecclesia,
1307 1684 1329 1726 a
1352 1663 1528 1745 Consiliis,
1551 1664 1591 1724 ab

321 1768 608 1852 imperatoribus,
633 1767 809 1849 RegibuS,
834 1780 871 1831 et
884 1767 1050 1831 universo
1068 1768 1267 1832 Christiano
1284 1772 1418 1853 populo
1433 1772 1593 1834 damnata

323 1878 434 1940 luere:
464 1877 658 1939 Praeterea
688 1874 723 1937 in
747 1876 814 1937 hac
839 1875 1120 1957 congregatione
1144 1876 1174 1938 si
1198 1876 1311 1940 omnis
1335 1876 1468 1941 ordinis
1490 1876 1592 1940 homi·

321 2006 400 2067 nes,
432 1984 528 2065 quod
557 1980 727 2044 affectare
751 1980 916 2043 videntur
946 1991 983 2044 et
1006 1990 1147 2063 petunt,
1172 1983 1413 2063 admittentur,
1437 1994 1473 2047 et
1495 1986 1594 2067 plebs

321 2113 390 2155 una
414 2110 492 2153 curn
517 2088 752 2170 Principibus,
777 2089 964 2171 Praelatis,
989 2100 1024 2152 et
1048 2089 1274 2172 Principibus
1297 2092 1439 2170 sedeat,
1463 2100 1499 2155 et
1521 2110 1593 2154 sen·

319 2198 465 2275 tentiam
494 2197 603 2277 dicat,
639 2198 725 2277 quid
749 2195 905 2259 futurum
928 2196 990 2277 sit,
1022 2217 1161 2280 quaeve
1193 2199 1338 2261 decreta
1367 2198 1492 2262 haberi
1513 2197 1594 2260 inde

321 2304 475 2388 possint,
505 2304 654 2385 quisque
678 2304 745 2367 sibi
770 2302 915 2385 cogitet,
962 2300 1002 2366 Si
1032 2325 1103 2367 non
1132 2305 1379 2385 admittentur,
1408 2304 1491 2386 quid
1521 2304 1594 2367 sine

320 2411 406 2494 ipsis
430 2409 596 2474 stabilitis
620 2421 656 2473 et
679 2409 822 2473 sancitis
847 2410 1050 2483 attributuri
1072 2410 1162 2492 sint,
1185 2433 1251 2475 nos
1275 2412 1396 2494 dicite,
1421 2411 1480 2493 qui
1501 2409 1595 2475 scitis

321 2538 383 2582 eos
413 2517 482 2581 iam
515 2516 602 2580 nulli
633 2516 807 2581 sanctioni
830 2516 1038 2581 Pontificiae
1062 2529 1124 2581 aut
1145 2518 1413 2602 Imperatoriae,
1437 2519 1495 2581 vel
1517 2537 1594 2582 con·

321 2624 430 2688 siliari
465 2625 691 2687 autoritatem
728 2623 882 2705 aliquam
925 2624 1129 2706 reliquisse;
1165 2627 1370 2690 clamabunt
1404 2625 1522 2689 statim
1558 2643 1596 2687 se

321 2735 499 2813 exclusos,
514 2752 560 2795 ne
576 2731 610 2795 iu
628 2750 749 2811 eorum
767 2730 865 2794 corio
881 2732 1085 2796 ludentibus
1101 2732 1318 2815 assisterent,
1343 2742 1379 2796 et
1401 2753 1477 2797 rem
1499 2750 1596 2795 suam

321 2846 589 2922 cognoscerent.
635 2837 761 2920 Itaque
789 2859 905 2921 neque
941 2840 987 2903 ad
1020 2861 1163 2923 pacem,
1201 2862 1317 2924 neque
1352 2842 1398 2904 ad
1434 2838 1596 2924 quietem,

320 2967 436 3028 neque
461 2946 506 3009 ad
531 2943 756 3008 concordiam
780 2943 994 3009 Germaniae
1018 2948 1335 3031 congregationem
1365 2951 1457 3011 hanc
1481 2945 1597 3030 profu²

321 3063 434 3116 turam
457 3051 585 3116 iudico.
633 3051 737 3132 Quod
762 3052 790 3114 si
815 3052 968 3134 omissis,
1004 3037 1100 3136 quae*
1123 3056 1170 3117 ad
1199 3053 1307 3118 fidem
1331 3064 1367 3118 et
1389 3053 1598 3137 religionem

322 3168 501 3241 spectant,
531 3157 687 3240 dixerint
710 3159 819 3241 aliqui
843 3161 1041 3242 predictam
1065 3163 1383 3245 congregationem
1408 3159 1597 3242 suscipien-

321 3271 402 3350 dam
427 3287 505 3330 esse
537 3267 572 3328 in
606 3268 697 3330 hanc
729 3267 920 3348 rationem,
950 3278 990 3332 ut
1020 3269 1111 3351 lapsi
1134 3279 1250 3332 mores
1279 3278 1315 3333 et
1339 3267 1433 3332 Cleri
1456 3266 1599 3330 licentia

318 3382 528 3462 coerceatur
550 3381 586 3436 et
605 3373 825 3438 restituatur:
850 3375 937 3438 illud
951 3378 1171 3458 respondere
1183 3378 1296 3440 libere
1312 3395 1468 3458 possum,
1486 3375 1599 3457 hujus·

321 3479 417 3544 modi
441 3481 665 3562 corruptelae
688 3480 758 3544 iarn
782 3481 869 3546 satis
893 3494 1045 3564 cautum,
1069 3495 1105 3546 et
1128 3483 1310 3565 provisum
1326 3503 1414 3562 esse,
1440 3491 1477 3545 et
1499 3482 1599 3562 leges

321 3589 357 3650 in
381 3590 448 3651 hac
473 3607 511 3650 re
536 3589 664 3651 multas
687 3588 778 3652 latas
803 3609 898 3670 esse,
923 3609 1014 3672 quae
1039 3590 1069 3654 si
1092 3589 1277 3654 observari
1300 3591 1528 3670 mandentur,
1562 3597 1600 3650 et

320 3695 426 3766 adid
450 3715 506 3758 me
530 3693 720 3758 sufficienti
743 3694 915 3760 facultate
938 3696 1108 3761 munitum
1131 3697 1356 3777 vocaverint,
1386 3695 1505 3759 statim
1528 3714 1597 3758 om·

319 3801 382 3886 nia
403 3801 535 3866 fuerint
557 3803 732 3868 restituta.
777 3804 869 3878 Tota
891 3804 959 3867 nisi
976 3804 1079 3870 huius
1102 3804 1154 3868 rei
1177 3805 1268 3868 ratio
1292 3804 1328 3867 in
1350 3804 1419 3866 hoc
1442 3801 1512 3866 sita
1533 3812 1599 3879 est,

324 3919 362 3972 ut
386 3929 478 3992 quae
502 3911 687 3973 commode
710 3909 922 3993 adinventa,
956 3920 992 3974 et
1015 3923 1113 3974 recte
1138 3911 1183 3974 ad
1207 3931 1333 3993 pacem
1373 3919 1410 3972 et
1433 3908 1599 3972 unionem

323 4017 602 4082 Christianorum
638 4017 845 4099 excogitata
883 4025 919 4080 et
958 4017 1058 4080 edita
1086 4026 1184 4081 sunt:
1226 4038 1269 4081 ea
1302 4017 1447 4100 inquam
1482 4013 1599 4079 omnia

321 4125 574 4206 custodiantur,
600 4132 636 4187 et
659 4133 854 4188 serventur.

411 4229 543 4312 Quinto
579 4251 649 4312 quo
686 4230 733 4293 ad
764 4230 947 4294 materiam
982 4231 1228 4313 gravaminum
1258 4229 1344 4293 illud
1379 4229 1475 4294 idem
1507 4227 1600 4307 dico,

322 4338 418 4420 quod
442 4347 478 4401 et
501 4337 589 4400 alias
612 4337 784 4419 praefatis
808 4337 987 4420 deputatis
1008 4339 1190 4420 respondi,
1213 4335 1298 4401 mihi
1314 4336 1428 4418 magis
1443 4338 1600 4418 placere,

322 4455 360 4507 ut
383 4445 531 4507 materia
555 4447 644 4510 haec
668 4464 733 4526 per
747 4443 918 4508 Oratores
942 4445 1100 4508 eruditos
1124 4454 1159 4508 et
1180 4447 1271 4508 bene
1286 4443 1479 4507 instructos
1502 4441 1599 4525 apud

322 4549 587 4616 Sanctissimum
612 4551 802 4615 Dominum
826 4552 994 4615 Nostrum
1022 4561 1059 4615 et
1082 4549 1214 4616 Sedem
1239 4551 1488 4634 Apostolicam
1509 4559 1599 4612 trac·

322 4643 477 4722 taretur:
506 4659 612 4740 idque
636 4667 708 4721 tam
732 4678 798 4740 pro
819 4659 998 4740 ,dignitate
1021 4656 1126 4723 Sedis
1149 4658 1347 4742 praefatae,
1371 4677 1477 4739 quam
1497 4653 1600 4720 Sacri

323 4765 477 4829 Romani
494 4765 647 4848 Imperii,
672 4785 693 4828 a
710 4764 837 4847 quibus
854 4765 961 4829 etiam
978 4768 1080 4847 plura
1095 4765 1317 4849 impetraturi
1339 4773 1470 4847 essent,
1494 4781 1599 4847 quam

322 4872 569 4938 inmultorum
593 4871 761 4956 opinione
790 4873 930 4938 cadant.
976 4872 1211 4942 Nihilominus
1234 4872 1265 4936 si
1286 4871 1476 4936 maluerint
1506 4873 1600 4934 hanc
