3425 5700
806 564 1036 621 θ-έὶὲθϋὀ

280 709 445 771 rechiesti
462 709 519 771 dul
537 709 731 790 Pontefice,
751 719 787 774 et
811 713 968 794 allegato
989 714 1066 775 loro
1088 711 1206 793 quello
1222 707 1444 772 sanctissimo
1462 709 1560 771 detto

281 814 316 877 di
340 814 452 880 Santo
483 817 703 899 Hieronymo
727 826 851 880 contra
868 817 1122 883 ‘Luciferianos
1145 817 1205 898 qui
1229 817 1280 880 sic
1304 815 1441 880 scribit:
1478 815 1559 896 „Ec-

279 923 409 987 clesiae
434 926 529 987 salus
553 924 588 988 in
610 923 744 988 Summi
761 922 967 988 Sacerdotis
992 925 1165 1008 dignitate
1187 925 1331 1006 pendet,
1356 921 1412 985 cui
1435 921 1465 986 si
1489 942 1559 984 non

282 1051 387 1093 exors
410 1032 585 1112 quaedam
610 1042 645 1094 et
669 1034 714 1094 ab
746 1031 909 1094 omnibus
939 1033 1097 1095 eminens
1121 1034 1224 1094 detur
1247 1040 1417 1113 potestas,
1448 1039 1501 1092 tot
1523 1028 1558 1090 in

279 1137 448 1201 Ecclesiis
471 1137 672 1202 efficientur
696 1138 887 1202 schismata
911 1149 997 1221 quot
1020 1139 1258 1202 sacerdotes“

368 1245 527 1308 Tandem
551 1243 628 1308 heri
651 1264 732 1308 sera
759 1245 806 1308 ad
834 1247 922 1309 hore
947 1245 1075 1327 cinque
1100 1247 1135 1308 di
1168 1255 1266 1309 notte
1300 1247 1334 1308 el
1358 1243 1559 1306 Leodiense

279 1372 335 1415 me
359 1351 562 1416 introdusse
587 1353 621 1416 al
645 1352 705 1415 Re
741 1362 776 1416 et
800 1352 1010 1416 abboccomi
1043 1373 1110 1416 con
1136 1353 1307 1416 Chievres
1337 1353 1450 1414 solum
1480 1370 1560 1412 cum

279 1459 366 1539 solo,
391 1461 483 1522 dove
508 1458 542 1522 io
567 1457 688 1522 trattai
712 1459 748 1522 in
763 1479 850 1522 vero
876 1481 943 1522 con
960 1462 1098 1542 grande
1123 1481 1188 1523 sua
1211 1458 1408 1522 attentione
1433 1468 1468 1520 et
1492 1468 1560 1519 sat·

278 1565 474 1629 tisfattione
498 1575 590 1631 tutta
614 1576 740 1648 questa
764 1586 865 1646 cosa,
900 1588 955 1630 me
979 1588 1125 1649 respose
1159 1570 1225 1630 che
1249 1587 1318 1630 non
1353 1565 1382 1628 si
1409 1564 1561 1627 sarebbe

279 1693 363 1736 cosa
391 1695 430 1737 se
462 1693 532 1736 non
565 1693 630 1755 per
653 1673 791 1737 l'honor
814 1675 860 1736 de
884 1674 927 1737 N.
952 1672 991 1735 S‘
1030 1696 1050 1737 e
1074 1675 1169 1738 della
1192 1673 1331 1752 Chiesa,
1355 1683 1392 1734 et
1415 1681 1560 1734 mostra·

278 1779 349 1842 rasi
374 1781 440 1844 che
465 1779 596 1844 Caesar
621 1792 675 1843 est
698 1781 867 1863 princeps
890 1800 976 1844 vere
1001 1781 1205 1844 catholicus.
1253 1779 1405 1843 Dissemi
1429 1799 1564 1841 ancora

280 1889 345 1950 che
377 1897 503 1969 questa
535 1907 639 1952 mane
675 1888 720 1950 mi
745 1898 946 1951 attrovasse
979 1891 1012 1951 al
1037 1888 1185 1952 consilio
1214 1887 1247 1950 d'
1265 1887 1466 1951 Allemania
1494 1889 1562 1948 sub

278 2003 392 2057 ortum
417 1993 516 2068 solis;
543 2015 609 2058 nec
633 1994 748 2078 potuit
773 1995 946 2058 interesse
972 1995 1134 2058 dominus
1157 1995 1317 2057 Nuncius
1340 1993 1472 2076 perche
1498 2013 1562 2055 era

279 2089 447 2182 alquanto
470 2101 669 2182 indisposto
682 2121 782 2165 come
794 2101 842 2164 mi
866 2102 904 2164 fu
928 2102 1085 2165 referite.
1122 2102 1357 2166 Praesidebat
1372 2111 1456 2162 tunc
1472 2098 1563 2162 Gur·

278 2209 403 2288 censiS,
430 2208 590 2272 interfuit
606 2208 815 2272 Leodiensis
839 2218 877 2271 ut
900 2208 1068 2291 princeps
1091 2209 1239 2291 imperii,
1267 2208 1499 2290 Tergestinus
1523 2217 1564 2268 ut

278 2315 493 2378 consiliarius
518 2314 681 2378 Caesaris
714 2325 749 2378 et
780 2316 881 2378 multi
913 2315 973 2378 alii
997 2315 1077 2378 laici
1106 2315 1295 2399 principes.
1350 2315 1396 2377 Et
1425 2313 1563 2395 perche

277 2441 342 2503 per
366 2423 458 2485 mala
481 2421 654 2502 disgratia
677 2422 724 2484 mi
747 2424 793 2484 ha
811 2422 1002 2505 bisognato
1027 2422 1062 2485 in
1087 2424 1137 2486 tal
1161 2425 1266 2486 modo
1291 2423 1458 2502 revolger
1476 2421 1562 2483 tutti

277 2529 301 2590 li
326 2528 438 2592 scritti
454 2527 526 2592 cosi
546 2527 670 2592 vecchi
688 2549 787 2592 come
803 2529 911 2592 nuovi
927 2529 964 2592 di
980 2539 1107 2610 questo
1122 2530 1299 2610 basilisco,
1319 2529 1385 2592 che
1402 2525 1502 2608 quasi
1519 2548 1562 2589 so

278 2657 322 2698 ea
337 2637 539 2700 memoriter
554 2635 683 2716 omnia,
698 2635 768 2700 feci
784 2657 830 2699 un
845 2638 1006 2701 discorso
1024 2637 1108 2700 delli
1124 2637 1184 2718 piu
1206 2635 1341 2699 enormi
1357 2633 1468 2699 errori
1493 2635 1563 2696 che

277 2763 333 2806 me
357 2762 551 2825 paresseno
569 2763 666 2806 esser
679 2743 829 2806 dannosi
852 2743 888 2806 in
912 2744 948 2806 la
970 2743 1053 2806 fede
1073 2744 1249 2807 catholica
1273 2755 1308 2806 et
1325 2741 1561 2824 displacevoli

277 2849 337 2913 alli
361 2850 530 2931 audienti,
554 2850 614 2933 poi
645 2849 669 2913 li
694 2850 824 2933 allegai
856 2854 889 2915 le
914 2871 997 2915 cose
1022 2853 1079 2915 del
1105 2873 1223 2915 nuovo
1248 2854 1477 2915 'sestamento
1503 2847 1563 2912 cui

277 2957 354 3040 ipse
378 2957 530 3021 maxime
555 2980 593 3021 se
617 2958 719 3020 inniti
744 2958 942 3039 profitetur,
976 2959 1060 3022 delli
1085 2960 1224 3023 concilii
1256 2970 1292 3023 et
1322 2956 1458 3039 antiqui
1482 2958 1562 3019 dot·

276 3065 355 3143 tori,
387 3067 459 3128 cosl
483 3064 604 3148 graeci
629 3084 729 3128 come
753 3064 853 3128 latini
878 3067 944 3129 che
968 3065 1077 3129 fanno
1101 3078 1226 3131 contra
1250 3066 1308 3145 lui,
1341 3062 1473 3147 perche
1499 3064 1561 3127 de'

277 3172 361 3234 novi
384 3171 544 3253 theologi
573 3181 609 3236 et
632 3170 813 3235 decretisti
849 3174 883 3235 el
912 3192 999 3235 cane
1031 3193 1102 3236 non
1133 3176 1215 3238 vole
1245 3193 1392 3255 prorsus
1415 3169 1562 3251 sentire,

277 3278 346 3342 imo
377 3278 517 3341 deridet
547 3298 669 3343 omnes
699 3288 735 3342 et
758 3280 894 3361 respuit
916 3290 955 3343 ut
983 3290 1179 3363 suspectos.
1233 3280 1280 3343 Et
1310 3279 1452 3362 quando
1484 3277 1562 3341 vidi

277 3386 301 3447 li
326 3384 483 3467 Principi
507 3387 615 3448 molto
639 3388 710 3449 ben
735 3386 891 3450 instrutti
915 3396 951 3451 et
974 3409 996 3451 a
1019 3389 1054 3451 la
1078 3407 1185 3451 causa
1210 3385 1341 3467 affetti‚
1366 3385 1563 3450 domandai

277 3494 312 3555 la
336 3492 567 3574 expeditione
591 3495 650 3557 del
674 3494 841 3556 mandato
867 3506 903 3556 et
926 3496 1007 3557 altri
1030 3495 1178 3558 remedii
1202 3493 1404 3576 opportuni.
1436 3492 1563 3557 Furno

277 3599 416 3662 interim
441 3600 605 3663 chiamati
630 3601 676 3662 ad
701 3598 891 3663 Caesarem
922 3621 988 3682 per
1020 3603 1110 3664 altra
1140 3621 1248 3664 causa
1278 3610 1314 3664 et
1342 3599 1443 3663 simul
1466 3598 1562 3664 refe·

277 3705 372 3769 rirno
397 3708 516 3789 quello
540 3708 692 3771 havemo
718 3716 875 3772 trattato.
928 3708 1105 3773 Concluso
1135 3709 1173 3771 fu
1198 3708 1265 3771 che
1288 3728 1327 3771 se
1352 3715 1564 3788 expettasse

277 3814 311 3875 el
327 3813 540 3895 Moguntino
565 3833 665 3877 come
690 3814 1004 3879 archicancellario
1029 3815 1075 3879 de
1099 3813 1291 3879 Germania
1315 3816 1348 3877 el
1372 3815 1455 3896 qual
1483 3813 1564 3879 tien

278 3918 463 4001 elsigi110.

368 4026 476 4089 lntrai
501 4025 640 4089 interim
664 4029 699 4091 al
723 4028 898 4109 consiglio
922 4037 1062 4091 secreto
1091 4029 1149 4092 del
1174 4030 1243 4093 Re.
1273 4027 1391 4091 Parlai
1424 4048 1492 4091 con
1527 4034 1564 4093 el

276 4133 586 4216 grancancellieri‚
611 4136 644 4197 el
668 4137 751 4216 qual
783 4155 916 4198 ancora
940 4144 1042 4198 stava
1066 4140 1100 4198 in
1125 4146 1252 4217 questa
1275 4136 1466 4218 phantasia
1490 4137 1564 4201 che

276 4242 372 4314 bono
397 4242 549 4303 sarebbe
573 4243 639 4304 che
664 4242 798 4304 Luther
822 4242 963 4305 venisse
988 4244 1057 4305 alla
1083 4242 1194 4322 dieta,
1226 4243 1251 4304 il
1280 4244 1345 4305 che
1369 4242 1394 4305 li
1418 4246 1562 4325 resposi

277 4348 372 4428 quod
397 4366 466 4429 ego
491 4357 526 4411 et
550 4358 720 4429 optarem,
745 4352 850 4413 modo
874 4361 1071 4431 revocaret,
1095 4335 1367 4433 quod'unquam
1392 4350 1428 4413 in
1444 4359 1563 4415 aeter·

278 4474 359 4515 num
384 4452 493 4517 faciet
517 4464 686 4536 quantum
710 4456 834 4535 vide0,
868 4458 959 4519 adeo
983 4468 1038 4519 est
1061 4456 1177 4539 gloria
1200 4457 1350 4538 cupidus
1375 4473 1409 4519 et
1437 4478 1564 4539 super-

277 4561 337 4623 bia
361 4563 484 4642 elatus,
509 4572 544 4625 et
568 4564 633 4625 che
658 4584 696 4627 se
720 4584 790 4625 non
816 4564 844 4625 si
870 4584 1076 4647 revocasse,
1105 4574 1140 4627 et
1164 4586 1235 4628 non
1260 4564 1470 4646 possendosi
1495 4585 1564 4646 pu·

279 4668 354 4732 nire
379 4688 444 4750 per
468 4671 501 4732 el
526 4671 625 4732 salvo
651 4673 821 4733 condotto
845 4673 998 4734 sarebbe
1033 4673 1069 4735 la
1101 4672 1309 4735 confusione
1342 4673 1401 4734 del
1424 4675 1565 4737 mundo

279 4787 314 4839 et
342 4776 423 4839 tutti
453 4776 733 4841 iudicarebbono
767 4798 887 4842 essere
927 4790 1021 4843 stata
1052 4778 1260 4843 confirmata
1290 4781 1324 4843 la
1354 4778 1462 4860 impia
1493 4801 1568 4848 sua

279 4883 452 4957 dottrina;
478 4904 543 4966 per
566 4898 692 4967 questo
717 4885 736 4947 ὲ
761 4888 826 4948 che
852 4885 876 4947 li
900 4885 1094 4950 Lutherani
1108 4886 1261 4951 maxime
1286 4886 1498 4950 desiderano
1527 4892 1569 4957 la
