3425 5700
657 594 888 650 eomes

143 741 287 804 scandali
313 742 408 803 nella
432 737 560 802 Chiesa
584 739 620 802 di
644 739 713 802 Dio
739 740 957 817 universale,
990 760 1046 801 ma
1071 739 1106 800 di
1131 750 1227 802 torre
1255 741 1369 801 anche
1393 760 1414 801 a

143 849 210 911 tutti
226 849 235 910 i
252 847 410 930 Principi
434 857 470 910 et
484 847 687 927 Magistrati
712 847 747 908 di
763 845 957 910 Germania
981 847 1002 907 l'
1018 845 1172 908 autorita
1188 847 1414 928 reputatione

143 963 168 1016 et
198 958 231 1017 la
261 954 395 1018 facult&
428 965 464 1017 et
495 956 529 1017 la
561 953 708 1035 propria
730 954 814 1015 =vita
842 964 878 1016 et
901 962 1012 1032 state,
1047 963 1082 1014 et
1106 952 1265 1016 excitare
1290 964 1414 1015 contra

144 1062 207 1123 loro
231 1062 256 1124 li
279 1061 401 1143 populi
428 1070 463 1123 et
487 1062 522 1123 la
545 1061 652 1141 plebe
677 1079 778 1122 come
803 1059 822 1122 ὲ
847 1060 1022 1122 accaduto
1046 1058 1081 1121 in
1097 1057 1258 1140 Spagna,
1283 1069 1318 1120 et
1337 1059 1414 1122 fare

145 1187 171 1228 se
186 1168 289 1230 stessi
313 1167 456 1250 tyn-anni
479 1177 514 1230 et
538 1167 746 1248 occupatori
771 1169 798 1228 sl
824 1167 883 1228 del
907 1167 1103 1246 temporale
1128 1185 1229 1228 come
1254 1167 1311 1228 del
1337 1164 1414 1247 Spi-

145 1274 267 1338 rituale.
310 1275 398 1338 Fate
423 1276 508 1355 ogni
533 1273 649 1336 sforzo
682 1282 718 1336 et
746 1284 876 1336 conato
906 1293 972 1354 per
996 1272 1213 1354 persuadere
1237 1293 1258 1334 a
1283 1273 1414 1336 Cesare

146 1382 190 1444 alli
216 1381 372 1463 Principi
388 1379 629 1444 Ecclesiastici
654 1389 690 1442 et
713 1381 864 1442 seculari
889 1381 955 1442 che
980 1379 1038 1460 qui
1063 1378 1092 1442 si
1117 1389 1225 1442 tratta
1249 1401 1319 1443 non
1337 1385 1413 1442 solo

147 1487 171 1548 di
200 1489 419 1552 confondere
452 1489 487 1550 la
517 1486 600 1549 fede
626 1486 827 1550 Christiana
859 1496 895 1549 et
920 1485 1114 1565 Catholica‚
1147 1507 1203 1548 ma
1233 1487 1346 1549 anche
1378 1489 1413 1549 di

147 1597 270 1658 ruinare
295 1597 372 1658 loro
397 1593 618 1658 cacciandoli
642 1593 727 1655 dalli
752 1596 828 1655 loro
853 1592 1044 1674 principati
1069 1604 1105 1656 et
1120 1591 1298 1675 Signorie,
1325 1605 1358 1656 et
1378 1595 1413 1656 in

147 1721 264 1765 somma
295 1704 360 1764 che
390 1705 424 1764 la
448 1721 556 1764 causa
580 1703 607 1762 si
633 1721 697 1781 per
722 1702 756 1762 la
781 1700 864 1764 fede
890 1700 909 1761 ὲ
934 1720 1120 1763 commune
1145 1705 1173 1762 si
1198 1702 1312 1763 anche
1336 1722 1413 1782 per-

148 1809 198 1870 che
225 1809 334 1890 quelli
365 1807 492 1891 perfidi
525 1807 691 1888 aspirano
724 1808 794 1869 alla
824 1806 926 1869 ruina
954 1815 989 1868 et
1013 1806 1240 1870 distruttione
1264 1809 1309 1871 de
1333 1810 1414 1871 tutti

148 1913 309 1998 iSignori
340 1914 433 1997 preti
467 1924 502 1976 et
531 1913 623 1977 laici.
670 1913 750 1976 Non
784 1913 945 1976 dubitate
970 1915 1029 1977 voi
1055 1914 1090 1976 di
1113 1914 1191 1977 fare
1215 1915 1413 1978 virilmente

148 2033 262 2102 quanto
295 2023 324 2084 si
356 2022 529 2085 conviene
560 2022 616 2084 all'
634 2019 754 2083 officio
784 2031 904 2083 vostro
933 2031 969 2083 et
992 2022 1063 2083 aila
1086 2022 1169 2084 fede
1194 2023 1259 2083 che
1283 2022 1413 2085 Nostro

150 2125 282 2210 Signore
316 2131 363 2192 ha
394 2129 490 2192 nella
519 2127 709 2210 prudentia
741 2137 776 2190 et
800 2127 957 2190 dottrina
981 2139 1017 2190 et
1040 2129 1188 2190 ardente
1213 2129 1331 2192 animo
1354 2150 1413 2191 vo-

149 2247 218 2299 stro:
258 2237 420 2300 Havemo
445 2236 547 2298 Iddio
571 2257 637 2318 per
661 2235 720 2298 noi
745 2236 878 2316 perche
903 2235 1116 2298 defendemo
1139 2238 1175 2298 la
1199 2235 1272 2299 Sua
1297 2259 1415 2315 causa,

151 2353 177 2402 et
203 2346 232 2406 la
263 2343 471 2406 defensione
496 2352 532 2406 et
556 2342 710 2423 impresa
735 2362 804 2404 non
829 2345 1006 2422 potrebbe
1032 2343 1245 2406 desiderarsi
1269 2344 1331 2424 pie
1354 2347 1413 2406 ho-

45 2520 50 2531 Ι
151 2462 249 2522 nesta;
283 2471 353 2514 non
386 2451 475 2514 siate
504 2462 600 2513 muto
632 2469 806 2531 appresso
831 2450 939 2530 quelli
963 2451 1106 2532 Signori
1130 2452 1225 2513 nella
1249 2450 1356 2514 Dieta
1379 2462 1415 2515 et

150 2555 307 2620 ricordate
339 2559 416 2621 loro
448 2577 519 2620 non
552 2557 698 2638 voglino
733 2558 885 2637 perdere
915 2556 938 2618 il
971 2559 1065 2620 buon
1092 2577 1195 2620 nome
1220 2569 1256 2619 et
1279 2560 1414 2620 honore

45 2690 46 2698 2
151 2661 185 2721 de
200 2662 382 2726 Christiani
408 2662 504 2744 quali
527 2663 538 2724 i
562 2665 640 2726 loro
665 2664 768 2744 padri
792 2673 827 2725 et
852 2663 984 2725 antichi
1009 2685 1074 2726 con
1100 2673 1200 2727 tanta
1224 2665 1414 2727 devotione

45 2789 47 2821 s
150 2769 419 2832 inobservantia
443 2791 548 2833 verso
573 2770 597 2832 li
623 2769 747 2832 summi
772 2769 936 2832 Pontifici
962 2779 996 2832 et
1022 2769 1116 2833 Sede
1142 2771 1354 2854 Apostolica
1379 2782 1414 2833 et

45 2857 46 2879 ³
151 2896 203 2937 con
226 2878 310 2940 tanti
336 2882 413 2941 loro
437 2878 552 2941 meriti
578 2888 612 2939 et
638 2876 786 2940 effusion
812 2877 847 2940 di
873 2898 1009 2960 sangue
1033 2899 1098 2959 per
1122 2881 1157 2942 la
1184 2880 1266 2942 fede
1295 2883 1413 2943 catho-

151 2981 205 3043 lica
232 2986 348 3047 hanno
380 2986 589 3067 acquistato.
637 2984 737 3047 Siate
769 3005 836 3049 con
861 2985 993 3048 Cesare
1024 2988 1286 3050 exhortandolo
1314 3008 1414 3050 come

151 3090 304 3153 advocato
338 3102 373 3154 et
403 3092 592 3154 defensore
626 3093 721 3155 della
751 3092 880 3156 Chiesa
910 3092 1076 3155 Romana
1100 3112 1121 3153 a
1145 3096 1345 3174 provedere
1377 3096 1413 3157 in

47 3175 53 3188 Ι
150 3214 239 3258 manu
268 3198 369 3279 forti3
401 3208 553 3280 pregate
579 3199 711 3261 Cevres
737 3209 771 3261 et
795 3200 904 3280 quelli
927 3198 1140 3279 Consiglieri
1164 3202 1230 3263 che
1255 3201 1414 3263 adiutino

150 3301 177 3361 la
198 3322 295 3367 causa
319 3308 364 3369 de
381 3306 483 3368 iddio
509 3314 544 3369 et
568 3308 602 3368 la
626 3308 702 3368 loro
726 3306 872 3388 propria
896 3308 1020 3385 salute,
1046 3306 1200 3368 excitate
1218 3307 1326 3388 quelli
1344 3310 1413 3369 duo

47 3491 52 3502 Ι
153 3406 433 3475 Reverendissimi
460 3412 603 3492 Signori
628 3412 807 3475 Cardinali
841 3413 937 3494 quali
969 3424 1121 3495 portano
1154 3416 1186 3476 el
1214 3418 1354 3496 capello
1379 3427 1414 3476 et

46 3527 52 3626 Ξ
150 3514 235 3579 breta
256 3539 354 3583 rossa
377 3541 443 3602 per
466 3541 638 3602 spargere
663 3520 687 3581 il
711 3540 848 3600 sangue
873 3542 939 3602 per
962 3523 995 3583 el
1019 3520 1163 3583 Summo
1181 3521 1354 3584 Pontifice
1379 3534 1414 3582 et

47 3633 53 3694 2
150 3622 253 3687 chiesa
282 3628 456 3690 Romana.
495 3627 709 3691 Continuata
743 3627 763 3689 l'
791 3626 910 3691 officio
944 3637 979 3689 et
1013 3626 1260 3690 commissione
1293 3640 1415 3691 vostra

149 3744 203 3790 con
226 3734 305 3813 ogni
329 3734 446 3797 studio
471 3736 599 3797 ardore
624 3745 660 3797 et
681 3733 842 3797 efficacia
859 3736 918 3798 voi
939 3744 974 3797 et
990 3735 1014 3797 il
1031 3735 1237 3797 Caracciolo
1255 3736 1412 3812 insieme,

151 3848 179 3893 et
200 3841 441 3916 persuadetevi
466 3843 532 3904 che
557 3850 593 3904 et
609 3841 678 3903 Dio
704 3852 740 3903 et
756 3841 888 3904 Nostro
906 3840 1060 3922 Signore
1085 3841 1117 3903 vi
1144 3862 1296 3905 saranno
1321 3844 1414 3904 delle

47 4003 52 4024 Ι
149 3938 266 4007 fatiche
296 3960 329 4009 et
361 3968 470 4029 opere
503 3958 622 4011 vostre
654 3948 690 4010 in
714 3958 840 4029 questa
864 3947 1064 4009 santissima
1088 3948 1243 4029 impresa
1266 3950 1413 4011 retribu-

151 4049 208 4109 tori
231 4062 265 4111 et
288 4054 490 4133 premiatori
516 4063 551 4117 et
575 4054 772 4117 darannovi
790 4053 990 4116 indubitata
1007 4056 1170 4117 vettoria.
1194 4034 1413 4118 Benevalete

150 4162 178 4211 et
199 4176 374 4224 comunem
401 4162 467 4223 Dei
493 4172 528 4223 et
552 4162 734 4225 Ecclesiae
759 4181 901 4224 causam
930 4161 1078 4224 viriliter
1116 4163 1310 4225 defendite.
1360 4162 1413 4224 Ex

150 4258 239 4325 Senis
262 4267 341 4331 Kal.
367 4268 553 4331 Februarii
577 4268 759 4333 MDXXI.

1069 4411 1171 4474 venter
1188 4412 1294 4483 trater,

1018 4503 1371 4553 ViceCanccllarius.
