3425 5700
638 557 788 614 ⁰·<3457
827 556 886 610 &0

128 703 191 784 eis,
226 707 275 767 ob
307 725 411 786 quam
443 725 554 786 usque
583 705 675 767 adeo
711 707 857 767 turbant
889 704 1067 786 publicam
1100 704 1402 786 tranquillitatem,

129 811 209 874 nihil
232 811 338 874 veriti
362 832 400 874 se
425 832 609 894 opponere
633 821 687 874 tot
710 811 956 894 PrincipibuS,
982 811 1046 874 toti
1080 811 1234 892 denique
1258 810 1402 875 svevico

129 918 271 997 foederi,
286 918 322 981 in
339 939 409 1000 quo
426 938 496 1000 ego
513 927 634 999 partes
651 939 720 983 non
737 928 844 982 teneo
861 929 1073 1001 postremas;
1098 918 1403 1000 persuasissimum

131 1028 258 1087 habent
290 1046 328 1089 se
361 1025 431 1088 Der
459 1026 643 1107 negotium
667 1046 776 1107 agere
800 1026 835 1089 in
860 1025 1013 1108 templis,
1038 1025 1237 1106 coenobiis,
1269 1046 1403 1089 monas·

131 1132 221 1195 teriis
244 1133 437 1213 diruendis,
463 1131 741 1215 spoliandisque,
767 1144 802 1196 et
825 1132 953 1196 misere
984 1131 1186 1213 affligendis
1215 1131 1404 1195 sacerdoti·

132 1241 207 1318 bus,
243 1239 371 1321 quibus
399 1251 548 1321 recepta
580 1250 616 1302 et
648 1241 796 1321 placens
827 1239 879 1303 illi
908 1261 1003 1303 nova
1035 1240 1210 1302 institutio
1235 1239 1269 1302 in
1295 1239 1405 1302 sacris

132 1349 231 1409 rebus
254 1345 450 1410 tractandis
465 1327 545 1409 'non
567 1349 696 1428 placet.
756 1347 907 1410 Centum
938 1357 974 1410 et
1002 1346 1152 1428 amplius
1180 1345 1307 1430 viginti
1331 1345 1403 1408 Mo·

135 1453 283 1516 nasteria
305 1453 461 1536 insignia
476 1465 512 1518 et
525 1453 708 1516 Ecclesiae
733 1473 803 1516 non
827 1455 1020 1516 illaudatae
1045 1454 1163 1517 iacent
1185 1451 1254 1516 iam
1278 1453 1405 1536 partim

132 1558 283 1622 funditus
314 1580 455 1640 eversa,
491 1560 620 1641 partim
655 1560 705 1622 ita
735 1561 853 1624 diruta
892 1571 929 1623 ut
967 1560 1054 1624 nulli
1085 1560 1163 1624 usui
1191 1560 1260 1623 sint
1288 1559 1407 1622 futura

133 1667 234 1749 longo
257 1678 434 1750 tempore;
460 1687 542 1730 nam
564 1687 631 1749 per
653 1668 856 1731 universam
877 1666 1043 1731 Sveviam
1060 1688 1151 1751 quae
1167 1678 1222 1731 est
1238 1657 1407 1730 latissima
1475 1659 1478 1668 ’

134 1774 238 1855 regie,
262 1783 299 1837 et
321 1773 473 1837 nominis
497 1773 680 1856 praecipui
704 1775 740 1838 in
771 1776 839 1838 hac
870 1773 1088 1857 amplissima
1118 1773 1280 1854 natione,
1315 1772 1405 1855 quic-

133 1879 212 1960 quid
234 1883 408 1943 bonorum
431 1890 509 1944 erat
531 1871 725 1965 praecipue
749 1881 945 1964 Regularis
968 1880 1071 1962 cleri,
1104 1902 1183 1944 curn
1207 1881 1405 1964 prophana-

133 1987 180 2048 tis
197 1987 304 2050 sacris
328 1988 464 2071 impiae·
481 2009 606 2051 manus
630 1990 821 2053 demolitae
845 1999 936 2052 sunt.
983 1988 1029 2050 Et
1050 1987 1084 2051 in
1102 1988 1304 2070 principatu
1327 2007 1406 2050 meo

134 2092 458 2176 Wirtembergensi,
482 2097 578 2159 haud
606 2096 731 2158 saciati
754 2094 820 2159 tot'
835 2098 928 2159 mala
959 2115 997 2160 se
1030 2095 1125 2158 clero
1154 2092 1285 2177 passim
1317 2093 1405 2155 intu-

134 2199 229 2280 lisse,
256 2202 380 2283 paucis
404 2201 539 2284 aliquot
571 2203 606 2265 in
637 2201 708 2266 fide
732 2203 875 2285 oppidis
899 2201 1142 2284 manentibus,
1170 2199 1255 2264 mihi
1279 2200 1406 2263 condu-

133 2306 304 2387 plicarunt
329 2309 521 2391 negotium.
569 2310 674 2373 Adeo
699 2301 793 2391 q'uod
819 2309 974 2373 Svevico
1015 2308 1137 2372 oederi
1161 2307 1304 2371 summis
1328 2307 1407 2369 viri-

136 2416 200 2476 bus
234 2417 489 2479 occurrendum
517 2417 602 2498 fuit,
634 2437 679 2479 ne
717 2426 828 2480 totum
858 2418 953 2480 hunc
982 2415 1224 2497 Principatum
1258 2415 1409 2478 factiosa

135 2521 188 2584 vis
211 2533 420 2606 occuparet,
444 2522 479 2585 in
504 2543 575 2604 qua
603 2523 838 2606 opprimenda
868 2525 950 2587 dum
981 2523 1152 2586 acerrime
1184 2524 1341 2602 laborat,
1373 2521 1407 2584 in

133 2623 247 2691 multis
269 2629 346 2692 aliis
370 2631 459 2693 locis
482 2631 653 2694 factiosae
678 2632 822 2694 rebellis
850 2631 975 2714 populi
1007 2631 1169 2714 legiones
1198 2651 1260 2693 suo
1292 2630 1408 2693 animo

131 2738 433 2819 obtemperarunt,
468 2737 556 2801 nihil
590 2759 660 2800 non
689 2737 874 2817 facientes,
900 2739 995 2821 quod
1020 2740 1065 2800 ad
1088 2736 1223 2800 ruinam
1251 2737 1334 2799 cleri
1359 2745 1408 2799 ut-

130 2863 277 2925 cumque
301 2843 447 2909 faceret.
495 2844 587 2908 Hinc
612 2845 749 2925 factum⁴
777 2846 872 2928 quod
897 2845 1094 2929 Episcopus
1127 2840 1411 2909 Constantiensis

130 2950 206 3012 suis
227 2951 369 3034 oppidis
392 2952 576 3035 spoliatus,
601 2974 646 3016 ne
668 2974 746 3015 cum
763 2953 929 3016 universo
946 2957 1042 3017 clero
1060 2973 1122 3017 suo
1140 2952 1410 3035 periclitaretur,

129 3058 353 3121 conditiones
376 3058 544 3140 indignas
568 3060 758 3143 acciperet.
806 3060 907 3141 Quae
932 3056 1027 3142 apud
1061 3060 1297 3143 Argentinam
1331 3068 1411 3121 acta

126 3164 210 3245 sint,
235 3168 344 3246 pudet
368 3166 514 3247 referre,
539 3188 711 3248 nusquam
735 3169 894 3230 locorum
919 3168 1033 3249 magis
1059 3178 1113 3229 est
1137 3176 1257 3245 spreta
1282 3166 1409 3246 religio

125 3292 236 3352 quam
257 3272 343 3345 illic;
369 3283 404 3336 et
420 3274 737 3357 Argentinensium
761 3277 928 3357 exemplo
944 3274 1052 3337 vicini
1072 3274 1193 3357 populi
1213 3272 1412 3337 Marchiani

125 3378 329 3460 Badenses,
360 3389 399 3443 ut
428 3384 474 3443 ab
500 3402 569 3443 uva
594 3388 758 3444 contacta
782 3383 876 3445 solet
890 3382 1051 3445 livorem
1078 3385 1207 3445 ducere
1231 3401 1320 3462 uva,
1353 3382 1411 3443 ad-

123 3506 255 3549 versus
284 3487 486 3569 Principem
516 3508 616 3551 suum
640 3487 885 3551 Marchionem
912 3490 1114 3571 Philippum
1150 3489 1411 3569 insurexerunt,

121 3594 184 3674 qui
211 3594 306 3656 adeo
330 3603 514 3659 mansuete
538 3597 711 3658 hactenus
746 3597 917 3678 populum
941 3617 1059 3675 suum,
1092 3606 1131 3658 ut
1154 3596 1184 3658 si
1208 3595 1286 3677 quis
1310 3596 1412 3674 aliua,

121 3700 323 3766 direxerat.
370 3702 474 3764 Hunc
500 3723 520 3764 e
544 3701 665 3784 Regia
700 3722 763 3765 sua
795 3705 1054 3784 propemodum
1082 3703 1310 3783 deiecissent,
1342 3702 1411 3765 iam

119 3806 232 3871 terris
260 3808 335 3871 eius
359 3809 519 3889 locisque
543 3808 622 3871 aliis
644 3808 680 3871 in
705 3818 920 3890 potestatem
945 3830 1043 3873 suam
1067 3810 1238 3890 redactis,
1263 3808 1329 3872 nisi
1354 3829 1411 3871 ex·

118 3916 330 3979 terminium
355 3914 498 3997 fugiens
523 3914 774 3996 certissimum,
814 3916 972 3997 acceptis
995 3917 1116 3981 itidem
1148 3937 1321 3999 perquam
1352 3914 1412 3977 ini·
1469 3928 1471 3933 ’

116 4024 199 4104 quis
238 4022 526 4102 conditionibus,
569 4044 607 4085 se
644 4023 809 4103 populari
845 4024 1021 4086 voluntati
1056 4024 1270 4086 tradidisset.
1327 4022 1414 4086 Mox

115 4128 286 4212 proximi
308 4128 441 4192 subditi
465 4127 634 4211 Episcopi
660 4127 839 4211 Spirensis
863 4128 899 4191 in
924 4150 1023 4192 suum
1041 4149 1182 4218 quoque
1198 4130 1414 4212 Episcopum

115 4248 151 4301 et
184 4240 330 4301 clerum
354 4256 454 4298 arma
488 4244 704 4316 acceperunt
734 4245 841 4317 atque
867 4236 1001 4299 aulicos
1025 4236 1189 4317 Nobiles,
1226 4236 1291 4299 etsi
1316 4236 1412 4299 Elec·

113 4346 204 4409 toris
240 4342 402 4407 Palatini
431 4343 543 4405 frater
573 4352 681 4422 esset,
718 4353 753 4405 et
776 4342 826 4403 illi
850 4341 988 4406 vicinus
1017 4344 1173 4417 omnino;
1207 4353 1413 4424 tantumque

113 4453 165 4515 eis
190 4451 377 4516 successit
399 4470 478 4529 res,
512 4460 552 4512 ut
573 4449 688 4531 ipsum
712 4448 780 4512 sibi
810 4449 1069 4531 coniungerent
1100 4451 1144 4513 ad
1174 4450 1412 4513 invadendum

114 4583 180 4643 per
205 4557 342 4625 Rheni
366 4565 518 4619 tractum
542 4558 766 4619 sacerdotum
791 4575 866 4629 res;
891 4557 985 4637 quod
1012 4577 1082 4620 non
1103 4556 1217 4619 minus
1241 4556 1416 4620 foeliciter

112 4668 180 4732 illis
205 4663 389 4744 contigit,
414 4683 494 4726 nam
511 4665 592 4725 dum
610 4683 730 4727 comes
746 4662 891 4726 Elector
915 4663 1098 4727 Palatinus
1115 4684 1257 4727 suorum
1274 4684 1415 4746 quoque

113 4776 314 4839 tumultum
338 4779 607 4833 exerentem'se
632 4769 701 4832 iam
725 4768 925 4832 formidans
950 4772 1068 4834 studet
1093 4792 1174 4834 suos
1199 4790 1343 4833 servare
1380 4770 1413 4832 in

113 4877 404 4967 tranquillitate,
443 4876 562 4939 factae
595 4886 677 4939 suut
707 4876 867 4961 legiones
906 4879 1099 4960 populares
1127 4878 1201 4942 voti
1234 4878 1287 4941 sui
1320 4878 1413 4959 apud
