3425 5700
792 524 1038 584 *batte*

275 673 450 759 Consilio,
487 685 523 741 et
563 675 718 740 unanimi
751 696 926 740 consensu
956 677 1106 758 illorum,
1143 675 1283 740 nemine
1317 674 1556 760 discrepante,

275 805 481 868 processum
505 785 542 847 in
566 784 748 866 premissis
772 784 931 847 habitum
954 783 1116 866 primitus
1141 794 1177 847 et
1193 795 1276 847 ante
1293 785 1411 849 omnia
1427 806 1555 867 appro-

274 896 403 956 bantes
426 901 463 956 et
487 891 736 955 confirmantes
770 912 810 954 ac
841 911 964 954 omnes
995 902 1031 953 et
1061 891 1221 973 singulos
1245 902 1317 954 tarn
1339 892 1425 956 iuris
1449 913 1556 975 quarn

275 1001 360 1064 facti
384 1000 545 1063 defectus
569 999 659 1081 siqui
692 999 824 1062 forsam
848 998 1107 1072 intervenerint
1129 998 1165 1061 in
1189 998 1372 1079 premissis
1399 999 1556 1080 dictique

274 1127 464 1190 processus
492 1106 733 1169 solemnitates
757 1106 906 1168 forsitan
930 1106 1045 1169 minus
1077 1105 1145 1167 rite
1169 1117 1341 1185 servatas,
1364 1117 1425 1169 aut
1448 1106 1556 1169 etiam

275 1214 311 1277 in
335 1223 448 1277 totum
472 1212 619 1276 omissas
643 1212 841 1295 apostolica
865 1212 1075 1275 auctoritate
1100 1232 1142 1275 ac
1167 1214 1212 1275 de
1236 1213 1433 1295 apostolice
1456 1225 1554 1296 pote-

278 1321 379 1384 statis
402 1320 622 1403 plenitudine
647 1321 872 1401 supplentes,
902 1320 937 1381 in
968 1319 1063 1381 dicto
1091 1317 1309 1382 Consistorio
1340 1340 1406 1401 pro
1430 1321 1552 1383 Tribu-

273 1428 346 1491 nali
369 1430 535 1491 sedentes
560 1428 666 1490 talem
690 1426 725 1487 in
750 1425 902 1508 negocio
927 1437 963 1488 et
987 1446 1094 1489 causa
1116 1426 1317 1490 huiusmodi
1341 1428 1555 1491 sententiam

274 1537 398 1599 damus
423 1534 458 1597 in
481 1534 549 1597 hiis
575 1532 716 1614 scriptis
741 1544 776 1595 et
799 1533 1013 1615 proferimus
1035 1534 1072 1595 in
1097 1534 1275 1614 huncqui
1299 1534 1459 1616 sequitur
1483 1555 1553 1598 mo-

274 1644 373 1706 dum:
414 1639 579 1723 Supremi
613 1640 795 1722 eternique
830 1640 1034 1703 Tribunalis
1057 1641 1193 1722 Judex,
1218 1640 1318 1703 cuius
1341 1639 1462 1703 divina
1486 1641 1554 1704 dis-

274 1759 432 1832 ponente
447 1748 635 1811 clementia
651 1748 748 1809 vices
767 1746 802 1809 in
817 1747 923 1809 terris
938 1748 1094 1829 gerimus
1111 1768 1176 1810 nos
1190 1752 1302 1810 verbo
1328 1757 1363 1810 et
1387 1750 1555 1831 exemplo

276 1856 396 1920 docuit
411 1856 447 1919 in
464 1858 571 1918 rebus
587 1854 748 1918 omnibus
771 1853 959 1935 presertim
983 1853 1155 1934 gravibus
1178 1875 1294 1936 neque
1318 1854 1414 1919 fama
1436 1855 1555 1936 decipi

274 1984 390 2045 neque
406 1963 494 2025 alias
507 1972 689 2043 gestorum
699 1968 898 2023 vestrorum
911 1961 1110 2024 defensioni
1126 1961 1270 2025 nimium
1286 1962 1397 2042 inviti,
1413 1962 1555 2025 dicente

275 2070 435 2149 dominu,
472 2068 685 2131 descendam
717 2077 752 2130 et
775 2066 907 2130 videbo
937 2078 1052 2131 utrum
1086 2070 1219 2132 clamor
1243 2068 1302 2151 qui
1327 2070 1373 2131 ad
1394 2089 1451 2131 me
1475 2088 1553 2151 per-

275 2177 392 2257 venit,
430 2196 539 2258 opere
571 2174 846 2256 compleverint,
880 2184 917 2237 et
941 2176 1066 2237 eodem
1089 2176 1245 2256 iubente,
1269 2196 1410 2239 servum
1433 2196 1553 2239 coram

273 2305 311 2347 se
336 2283 506 2346 rationem
523 2284 676 2345 reddere
692 2281 934 2354 villicationis;
974 2282 1048 2345 Nos
1077 2281 1185 2363 igitur
1209 2293 1312 2363 gesta
1335 2294 1455 2346 vestra
1479 2303 1554 2346 cor-

272 2392 391 2473 rigere
426 2401 460 2452 et
492 2392 536 2452 ad
561 2388 721 2451 veritatis
745 2388 905 2451 semitam
930 2390 1102 2452 reducere
1126 2389 1226 2451 iuxta
1252 2390 1417 2471 Apostoli
1448 2390 1553 2452 Nico·

274 2499 392 2579 laique
417 2496 682 2578 predecessoris
712 2495 824 2559 nostri
857 2498 1086 2576 sententiam,
1118 2507 1156 2558 ut
1188 2517 1254 2578 par
1286 2508 1349 2577 est,
1379 2499 1554 2576 volentes,

274 2624 484 2687 quamquam
508 2623 621 2685 usque
644 2602 678 2665 in
704 2604 770 2665 bec
794 2614 957 2685 tempora
981 2602 1075 2666 fama
1099 2606 1272 2667 suadente
1287 2624 1352 2686 pro
1370 2615 1554 2686 comperto

272 2714 495 2789 haberemus,
507 2709 673 2773 dilectum
686 2707 795 2772 filiurn
808 2708 938 2787 Julium
952 2710 1113 2773 Electum
1127 2710 1371 2773 Florentinum
1383 2711 1553 2774 natalium

272 2818 347 2901 pati
372 2817 551 2880 defectum
581 2816 733 2899 ideoque
772 2836 850 2879 cum
887 2836 930 2880 eo
969 2816 1004 2879 in
1044 2818 1266 2897 promotione
1294 2820 1340 2881 ad
1366 2818 1553 2881 ecclesiam

272 2924 495 2989 florentinam
534 2924 732 3005 predictam
770 2927 814 2986 de
851 2922 1128 2986 Venerabilibus
1163 2924 1312 2988 fratrum
1354 2935 1554 2989 nostrorum

273 3041 396 3095 sancte
411 3032 577 3094 Romane
595 3031 777 3094 Ecclesiae
802 3030 1041 3093 Cardinalium
1068 3031 1215 3094 consilio
1231 3033 1555 3113 dispensaverimus

273 3148 379 3222 prout
388 3139 476 3201 alias
486 3159 594 3220 super
605 3140 729 3202 eodem
742 3138 884 3200 defectu
895 3158 917 3200 a
926 3138 1087 3219 pluribus
1099 3138 1414 3218 predecessoribus
1423 3140 1553 3203 nostris

273 3246 516 3327 dispensatum
540 3245 648 3308 fuisse
673 3243 924 3326 comperimus;
949 3244 1115 3327 quoniam
1140 3254 1258 3308 tamen
1282 3247 1442 3308 nonnulli
1466 3246 1552 3308 anti·

274 3353 414 3436 quiores
439 3352 544 3416 etiam
575 3351 746 3432 sanguine
780 3351 977 3430 coniuncti,
1007 3360 1045 3414 ut
1073 3355 1108 3413 in
1137 3355 1245 3414 rebus
1277 3353 1449 3435 gravibus
1476 3351 1553 3415 fieri

272 3461 377 3537 solet,
403 3479 476 3522 rem
502 3459 604 3522 aliter
629 3480 667 3522 se
690 3460 824 3521 habere
848 3459 1127 3540 arbitrabantur,
1153 3471 1189 3523 et
1212 3461 1316 3523 nobis
1339 3463 1552 3529 retulerunt;

273 3587 338 3630 nos
362 3569 406 3628 de
431 3567 612 3647 premissis
635 3574 768 3628 certam
793 3565 954 3628 notitiam
978 3587 1049 3629 non
1073 3567 1264 3644 habentes,
1301 3567 1448 3630 stimulis
1472 3587 1553 3630 con-

273 3673 420 3736 scientie
453 3673 593 3755 agitati,
628 3672 814 3736 veritatem
846 3673 899 3734 rei
927 3671 1093 3735 seriosius
1127 3673 1257 3755 inquiri
1290 3673 1475 3756 cupientes
1507 3694 1552 3736 ne

272 3779 494 3860 illegitimum
527 3798 592 3859 pro
623 3778 781 3860 legitimo
816 3791 852 3841 et
885 3779 1080 3860 legitimum
1118 3801 1184 3862 pro
1222 3781 1408 3862 illegitimo
1445 3783 1549 3844 babe-

272 3907 400 3966 remus,
426 3886 565 3948 dilectis
588 3884 669 3947 filiis
692 3885 884 3948 Francisco
910 3897 1112 3950 sanctorum
1135 3886 1307 3965 Jobannis
1331 3897 1367 3950 et
1391 3887 1493 3950 Pauli
1517 3897 1553 3948 et

275 3993 462 4074 Leonardo
488 4003 609 4055 sancte
635 3991 796 4056 Susanne
821 4003 860 4056 tt.
885 3993 1093 4075 presbiteris
1118 3993 1366 4057 Cardinalibus
1390 3995 1552 4056 dedimus

273 4100 307 4162 in
337 4101 512 4163 mandatis
546 4109 584 4161 ut
620 4120 726 4183 super
763 4101 948 4180 premissis
993 4122 1032 4163 se
1070 4100 1276 4181 diligentius
1309 4101 1552 4179 informarent,

275 4206 379 4270 etiam
400 4227 547 4288 quorum
565 4207 753 4269 interesset
769 4207 902 4278 citatis3
929 4228 974 4269 ex
999 4227 1147 4288 quorum
1171 4217 1253 4289 post
1276 4200 1464 4291 plurimum
1488 4210 1552 4271 Te·

273 4313 375 4376 stium
401 4334 550 4376 examen
574 4333 639 4394 per
663 4333 724 4376 eos
747 4313 938 4394 diligenter
962 4313 1096 4377 factum
1128 4315 1163 4377 in
1187 4314 1405 4377 Consistorio
1430 4325 1551 4378 nostro

273 4430 410 4483 secreto
435 4421 665 4483 relationibus
690 4421 856 4484 dilectum
890 4421 998 4484 filium
1030 4421 1159 4500 Julium
1184 4422 1344 4484 Electum
1375 4422 1551 4503 prefatum

272 4527 466 4608 legitimum
498 4548 577 4590 esse
613 4537 718 4608 atque
757 4548 802 4590 ex
840 4529 1000 4609 legitimo
1036 4510 1263 4591 matrimoniri
1286 4525 1404 4591 nalum
1441 4528 1552 4592 fuisse

272 4635 478 4716 reperimus.
526 4634 687 4697 Veritate
712 4635 832 4716 itaque
863 4635 1087 4698 manifestata
1116 4655 1194 4698 cum
1223 4637 1321 4698 iuxta
1352 4635 1554 4698 Canonicas

273 4738 500 4818 Sanctiones,
538 4743 642 4804 cedat
672 4741 792 4823 opinio
825 4741 983 4822 veritati,
1016 4740 1279 4824 Omnipotentis
1307 4743 1374 4804 Dei
1406 4742 1554 4824 eiusque

273 4847 460 4914 individue
487 4848 669 4912 Trinitatis
694 4848 811 4910 Patris
843 4858 878 4911 et
902 4848 982 4912 Filii
1006 4860 1042 4912 et
1073 4848 1227 4935 Spiritus
1260 4847 1383 4914 Sancti
1411 4850 1554 4914 nomine
