3425 5700
808 542 866 594 (ΗΒ
907 539 1054 596 128ῗ>ΰ

292 686 402 749 nostri
436 697 637 768 erumperet
661 709 727 748 nec
751 686 907 749 divinam
931 707 1074 748 causam
1099 685 1233 748 violare
1257 695 1443 766 pergeret,
1477 687 1571 765 quod

291 791 341 854 eis
366 791 519 856 libenter
543 793 808 874 ignosceremus
823 815 929 876 quum
945 795 1159 857 laetaremur
1173 792 1397 856 occasionem
1414 795 1573 855 oblatam

292 902 516 964 exercendae
547 911 690 964 nostrae
723 911 758 964 et
780 901 1014 982 benignitatis
1038 911 1073 964 et
1096 899 1322 972 clementiae;
1356 900 1480 962 sedin
1506 899 1574 961 Dei

291 1008 427 1070 honore
458 1007 494 1069 in
523 1007 607 1070 fidei
641 1018 786 1071 sanctae
818 1008 1014 1071 catholicae
1045 1029 1152 1071 causa
1180 1008 1208 1068 si
1233 1027 1359 1069 severe
1383 1015 1420 1068 et
1443 1005 1575 1068 acriter

290 1123 352 1175 aut
376 1113 522 1195 egimus,
548 1125 609 1178 aut
633 1136 751 1178 sumus
775 1114 897 1194 acturi,
922 1135 992 1178 non
1017 1115 1054 1176 id
1077 1115 1256 1178 hominum
1280 1099 1574 1178 etiam'inimicis-

291 1220 457 1282 simorum
483 1220 576 1302 odi0,
602 1243 691 1303 quos
716 1231 751 1284 et
774 1243 839 1284 nos
863 1223 932 1305 ipsi
955 1224 1074 1286 salvos
1098 1243 1176 1286 esse
1193 1222 1363 1304 cupimus,
1388 1221 1452 1284 sed
1468 1222 1574 1282 modo

291 1334 443 1409 urgente
469 1326 588 1390 officio
613 1339 667 1392 est
686 1330 901 1411 faciendum,
925 1350 1127 1412 quanquam
1142 1329 1211 1392 illis
1226 1329 1347 1393 brevis
1361 1330 1408 1392 ad
1422 1330 1576 1391 salutem

291 1433 344 1496 ira
381 1448 508 1515 parata
527 1445 615 1516 .est,
650 1437 856 1518 penitentia.
905 1438 1040 1517 Verum
1075 1439 1169 1519 quod
1208 1437 1311 1499 nobis
1334 1434 1576 1499 scribentibus

292 1539 409 1602 fuerat
439 1542 661 1623 propositum
696 1543 728 1606 ei
759 1545 893 1624 gratias
922 1553 1005 1607 tuae
1037 1543 1213 1606 nobilitati
1238 1547 1412 1606 maximas
1436 1542 1577 1624 agimus

292 1656 328 1710 et
353 1657 390 1709 ut
414 1663 475 1710 tua
498 1647 565 1711 ista
589 1649 762 1732 singulari
784 1651 996 1714 auctoritate
1020 1660 1055 1713 et
1079 1652 1269 1732 prudentia
1292 1653 1338 1714 ad
1363 1650 1575 1731 extinguen-

292 1755 375 1816 dum
405 1756 523 1836 quoad
554 1755 685 1819 licitum
718 1756 824 1820 fuerit
854 1758 1056 1820 incendium
1086 1768 1181 1821 tuam
1215 1759 1438 1821 nobilitatem
1468 1756 1576 1840 pluri-

293 1881 387 1923 mum
410 1861 446 1924 in
462 1863 616 1925 Domino
640 1865 831 1944 hortamur,
857 1866 949 1927 sicut
973 1886 1051 1929 cum
1076 1867 1202 1929 eadem
1225 1866 1347 1929 dilecti
1371 1864 1434 1926 filii
1458 1863 1578 1926 nuncii

294 1967 405 2031 nostri
443 1979 573 2051 agent,
612 1971 740 2052 quibus
778 1971 885 2034 fidem
925 1991 1063 2035 omnem
1100 1973 1257 2035 habebit.
1316 1973 1397 2034 Dat.
1433 1971 1578 2033 Romae

295 2076 397 2138 XVI,
421 2076 540 2139 Martii
570 2097 646 2156 ¹5²¹
675 2098 768 2141 anno
792 2081 959 2158 octav01).

908 2582 962 2645 52.

536 2703 624 2783 Leo
653 2704 695 2784 X.
726 2702 920 2806 Georgia
948 2705 1063 2786 lluoi
1092 2704 1339 2787 Saxoniae.

1464 2687 1477 2715 Ι

740 2843 882 2915 (Narrat.
896 2843 1021 2905 German.
1034 2843 1064 2903 Ῑι.
1077 2844 1131 2917 39.)

688 2955 761 3015 (Cum
791 2954 884 3005 litteris
915 2970 954 3017 19.
978 2957 1067 3004 Martii
1099 2959 1183 3020 1521.)

386 3080 525 3143 Dilecte
560 3078 620 3142 fili.
667 3080 741 3141 Etsi
779 3101 849 3142 non
885 3081 1085 3143 dubitemus
1119 3081 1340 3144 nobilitatem
1376 3091 1475 3143 tuam
1511 3100 1583 3161 qua

297 3185 415 3268 coepit
446 3186 576 3248 virtute
609 3185 643 3247 in
675 3208 717 3247 ea
749 3197 784 3247 et
822 3184 903 3248 fidei
927 3188 1123 3250 catholicae
1148 3199 1183 3251 et
1208 3186 1243 3251 S.
1270 3188 1316 3249 R.
1342 3188 1382 3250 E.
1407 3189 1582 3250 adversus

297 3292 516 3374 impietatem
542 3313 661 3355 eorum
686 3293 745 3374 qui
770 3306 805 3355 et
830 3314 941 3356 novas
966 3295 1125 3357 excitare
1149 3297 1294 3358 hereses
1319 3304 1355 3356 et
1380 3304 1523 3355 veteres
1541 3311 1582 3355 ac

298 3401 483 3461 damnatas
507 3419 679 3461 revocare
703 3410 877 3463 conantur
900 3401 1137 3481 defendenda,
1161 3404 1311 3464 eandem
1326 3422 1440 3483 usque
1457 3402 1506 3462 ad
1522 3420 1582 3461 ex-

297 3515 447 3568 tremum
472 3516 789 3587 perseveraturam,
814 3518 887 3571 tum
912 3528 990 3570 cum
1014 3518 1153 3589 tempus
1168 3509 1322 3572 maxime
1339 3518 1582 3589 opportunum

298 3614 441 3675 adesset
474 3632 619 3693 operam
651 3622 686 3675 et
716 3614 965 3677 authoritatem
999 3622 1093 3676 tuam
1125 3624 1163 3676 ut
1190 3616 1382 3679 adhiberes
1407 3616 1455 3677 ad
1479 3613 1581 3677 refel-

300 3720 424 3782 lendos
457 3719 610 3800 impetus
640 3720 785 3782 istorum
818 3722 877 3801 qui
906 3741 994 3802 prae
1025 3741 1089 3783 sua
1121 3730 1156 3783 et
1180 3722 1374 3785 ambitione
1399 3732 1436 3785 et
1460 3721 1582 3801 iniqua

298 3826 482 3889 iracundia
512 3846 638 3907 pacem
663 3830 894 3909 perturbare,
926 3828 1058 3890 zizania
1082 3830 1275 3911 seminare,
1305 3829 1425 3891 omnia
1449 3829 1582 3890 acerbo

299 3933 464 3996 incendio
497 3932 711 4013 permiscere
743 3936 978 4008 contendunt;
1010 3936 1124 3997 visum
1153 3935 1220 3997 fuit
1244 3936 1348 3997 nobis
1372 3936 1438 3996 has
1464 3935 1581 3995 denuo

300 4042 346 4103 ad
377 4040 597 4103 nobilitatem
629 4050 724 4102 tuam
757 4041 913 4104 scribere
944 4042 1081 4105 litteras
1105 4053 1211 4124 teque
1235 4041 1272 4104 in
1297 4041 1452 4103 Domino
1477 4042 1581 4103 vehe-

301 4159 437 4211 menter
461 4147 653 4228 exhortari,
682 4157 719 4208 ut
743 4168 821 4210 cum
845 4148 1030 4229 pristinam
1053 4160 1150 4211 tuam
1174 4148 1344 4230 pietatem
1369 4157 1479 4228 atque
1503 4166 1581 4228 pru·

302 4254 457 4316 dentiam
482 4265 554 4315 tum
577 4264 734 4317 veterem
759 4256 898 4317 laudem
915 4256 1084 4319 maiorum
1099 4266 1250 4336 tuorum,
1271 4275 1421 4337 quorum
1439 4254 1474 4316 in
1491 4256 1582 4316 hanc

301 4371 460 4424 sanctam
491 4359 621 4423 Sedem
665 4382 805 4443 semper
840 4365 1025 4443 praeclara
1065 4363 1182 4426 extitit
1217 4364 1403 4441 voluntas,
1439 4362 1477 4423 in
1515 4362 1582 4421 hoc

302 4468 454 4531 maxime
478 4468 584 4548 fact0,
609 4470 676 4531 hoc
701 4468 869 4550 precipue
893 4479 1053 4549 tempore
1074 4469 1224 4531 concilio
1239 4469 1350 4531 totius
1367 4465 1582 4531 Germaniae

302 4596 490 4657 procerum
515 4588 639 4637 coacto
665 4594 885 4655 expromere,
910 4586 946 4636 et
968 4576 1192 4657 perspicuam
1217 4575 1381 4638 omnibus
1405 4574 1527 4638 facere
1542 4593 1582 4633 ac

303 4702 445 4745 causam
477 4680 632 4743 Sanctae
657 4680 843 4742 Romanae
868 4680 1050 4744 Ecclesiae
1082 4682 1132 4742 ita
1162 4691 1370 4745 constanter
1403 4681 1494 4743 tueri
1525 4681 1582 4741 ad-

332 4876 352 4945 ¹)
372 4876 500 4926 Similiter
518 4878 643 4939 scriptum
665 4875 713 4921 luit
731 4874 808 4923 etiam
828 4876 964 4924 Cardinali
983 4878 1148 4938 Moguutino.
