3425 5700
639 555 885 618 esi-lbi&

142 697 206 763 eius
227 698 397 767 industria
420 696 663 787 precipueque
695 706 873 786 doctrina,
907 715 943 768 et
973 704 1115 771 intimus
1139 709 1253 789 zeluS,
1285 710 1401 792 (quem

139 816 223 871 certe
245 810 277 872 in
301 820 402 874 tanta
434 811 630 894 reipublice
655 813 878 876 Christianae
903 813 1103 877 calamitate
1134 823 1169 877 et
1198 814 1400 879 discrimine

138 914 306 993 cujuslibet
328 938 415 981 vere
440 918 630 982 Christiani
656 920 809 983 hominis
824 932 951 1001 pectus
964 920 1119 983 insidere
1144 922 1260 1002 decet)
1285 924 1402 986 clarus

137 1017 337 1105 illustrisque
355 1025 492 1099 extitit;
518 1046 627 1107 quare
651 1026 754 1089 huius
777 1025 845 1089 viri
870 1028 1085 1090 dexteritate
1099 1027 1171 1091 fide
1186 1038 1224 1091 et
1238 1029 1401 1091 doctrina

136 1144 233 1207 usque
255 1131 346 1195 adeo
364 1132 520 1196 devincti
534 1142 640 1215 atque
664 1133 773 1197 illecti
797 1154 927 1204 sumus,
951 1143 989 1197 ut
1012 1135 1127 1217 ipsum
1143 1155 1231 1217 prae
1247 1136 1401 1199 coeteris

136 1240 416 1314 supramemorati
444 1240 515 1303 Avi
549 1239 660 1304 nostri
685 1240 897 1303 consiliariis
920 1243 1033 1304 solum
1057 1242 1202 1323 dignum
1227 1242 1401 1306 censueri-

135 1358 210 1422 mus,
233 1364 334 1425 quem
359 1348 455 1426 apud
479 1366 544 1409 nos
568 1347 603 1409 in
627 1346 802 1429 Hispania
826 1349 1059 1429 haberemus,
1083 1349 1230 1431 eiusque
1253 1349 1400 1413 consilio

137 1455 167 1507 et
187 1468 292 1530 opere
315 1452 351 1515 in
376 1453 683 1517 administratione
707 1452 809 1517 Sacri
833 1453 988 1517 Romani
1014 1454 1157 1536 Imperii
1180 1455 1400 1538 potissimum

135 1561 321 1631 uteremur;
354 1579 425 1641 qua
457 1560 493 1623 in
522 1580 561 1623 re
586 1580 663 1623 cum
687 1560 789 1624 nobis
813 1561 863 1623 ita
888 1581 1033 1642 operam
1063 1581 1163 1625 suam
1196 1572 1319 1643 navet,
1351 1562 1399 1624 ni·

133 1657 240 1754 hilque
272 1664 389 1747 ipsum
420 1666 455 1729 in
488 1666 649 1733 omnibus
686 1667 889 1730 actionibus
921 1667 994 1730 suis
1024 1680 1095 1730 tam
1125 1666 1225 1730 cordi
1255 1669 1400 1748 habere,

134 1776 263 1852 tamque
295 1774 439 1836 studere
479 1783 515 1835 et
548 1775 669 1836 conari
700 1773 1032 1853 animadvertimus,
1063 1794 1168 1855 quarn
1199 1793 1265 1855 pro
1294 1784 1401 1856 pacto

133 1874 300 1941 lutherani
323 1878 454 1942 furoris
477 1880 574 1943 virus
599 1901 619 1943 e
644 1879 837 1943 Germania
865 1890 987 1944 nostra
1012 1901 1115 1963 quam
1146 1880 1328 1943 celerrime
1359 1901 1401 1945 ac

131 1982 324 2059 plenissime
350 1986 521 2068 extirpari
546 1996 582 2050 et
604 1987 710 2050 evelli
735 1987 864 2069 possit;
893 1987 971 2068 jure
1005 1987 1130 2050 merito
1163 1988 1401 2069 cogitationes

132 2102 260 2155 nostras
295 2092 331 2155 in
368 2095 493 2157 eodem
529 2095 690 2157 ornando
734 2104 841 2175 atque
884 2094 1107 2157 honestando
1152 2094 1399 2158 convertimus.

131 2190 252 2260 Verum
278 2219 356 2261 cum
381 2200 458 2281 ipse
482 2220 553 2262 non
587 2200 652 2263 nisi
685 2200 719 2263 in
750 2202 932 2281 superiore
967 2198 1160 2263 Germania
1193 2200 1309 2281 patria
1337 2221 1401 2263 sua

132 2298 384 2368 Ecclesiasticis
419 2304 602 2369 beneficiis
627 2306 752 2369 donari
786 2316 821 2369 et
851 2306 1069 2370 remunerari
1101 2306 1239 2388 cupiat,
1274 2307 1399 2370 Nobis-

130 2424 193 2485 que
217 2429 280 2491 pro
306 2431 400 2474 nunc
425 2413 521 2475 nulla
545 2412 590 2474 sit
620 2412 655 2474 in
687 2434 730 2476 ea
757 2412 936 2494 provintia
964 2411 1253 2476 Sacerdotiorum
1282 2413 1410 2480 conse,

129 2518 309 2580 rendorum
349 2518 502 2583 facultas
545 2530 607 2583 aut
643 2519 890 2598 commoditas,
930 2520 1171 2602 supplicamus
1211 2518 1401 2583 Sanctitatl

129 2618 273 2687 Vestrae
308 2627 416 2689 etiarn
451 2637 558 2708 atque
595 2627 701 2689 etiam
737 2627 905 2709 dignetur
937 2629 993 2689 vel
1029 2635 1151 2690 nostra
1182 2647 1304 2699 causa,
1340 2629 1400 2690 vel

129 2728 329 2795 eximiorum
354 2734 459 2795 etiam
485 2732 569 2795 dicti
595 2732 813 2795 Balthasaris
838 2734 1042 2796 meritorum
1065 2734 1210 2812 intuitu,
1241 2735 1297 2796 vel
1320 2754 1399 2816 pro·

128 2844 205 2914 pter
225 2838 334 2920 ipsius
357 2839 393 2902 in
418 2838 593 2928 Sanctam
610 2840 712 2903 istam
738 2837 868 2903 Sedem
893 2839 1083 2923 singularis
1107 2840 1213 2904 studii
1250 2850 1286 2904 et
1315 2840 1400 2904 iidei

127 2943 292 3025 ardorem,
319 2947 434 3010 eidem
460 2948 505 3010 de
530 2947 675 3028 speciali
700 2957 820 3009 vestra
844 2947 962 3028 gratia
984 2946 1263 3010 reservationem
1287 2947 1400 3010 Bene-

127 3046 278 3115 ficiorum
305 3053 637 3116 Ecclesiasticorum
662 3055 843 3134 usquead
876 3073 1045 3116 summam
1074 3056 1222 3115 duorum
1254 3053 1399 3115 millium

130 3155 336 3224 Ducatorum
362 3161 458 3240 auri,
482 3159 517 3224 in
542 3161 744 3224 civitatibus
769 3170 805 3223 et
829 3160 970 3223 Dioces.
997 3159 1238 3240 TreverensiS,
1264 3160 1399 3242 Argen·

128 3262 284 3348 tinensis,
315 3266 598 3332 Constantiensis
623 3278 658 3330 et
695 3266 918 3347 Basiliensis,
955 3267 1119 3349 proxime
1154 3277 1400 3329 vacaturorum

126 3370 275 3454 benigne
314 3377 529 3447 concedere;
567 3374 617 3436 ita
652 3373 794 3456 quidem
830 3376 925 3455 quod
960 3372 1157 3455 hujusmodi
1194 3373 1399 3456 reservatio,

129 3477 227 3542 etiam
256 3482 300 3544 ad
334 3481 540 3564 Dignitates
568 3481 781 3564 principales
806 3491 878 3544 tam
910 3479 1266 3561 Metropolitanarum
1294 3501 1398 3561 quam

128 3584 227 3649 etiam
254 3588 517 3652 Cathedralium
547 3597 582 3650 et
611 3587 887 3668 Collegiatarum
916 3587 1155 3650 Ecclesiarum
1187 3586 1223 3648 in
1253 3587 1399 3649 meliore

130 3688 236 3756 forma
258 3693 427 3760 latissime
452 3696 683 3774 extendatur,
718 3715 759 3757 ac
792 3693 899 3757 etiam
934 3694 963 3756 si
994 3714 1083 3775 opus
1112 3691 1233 3773 fuerit,
1269 3693 1327 3774 qui
1363 3695 1398 3756 in

128 3797 316 3878 hujusmodi
350 3801 582 3864 concessione
613 3801 809 3864 reservatio
845 3801 1038 3882 spiritualis
1066 3801 1110 3862 ad
1149 3798 1399 3881 Proposituras

129 3917 320 3970 sanctorum
354 3908 493 3971 Paulini
523 3918 558 3971 et
583 3907 772 3990 Symeonis
802 3907 894 3970 intra
923 3917 959 3970 et
985 3917 1088 3969 extra
1119 3927 1237 3970 muros
1270 3907 1398 3970 Treve-

131 4013 235 4076 rensis
258 4015 373 4077 eidem
398 4023 651 4096 compactatur.
699 4014 739 4078 ln
764 4035 834 4096 quo
859 4012 1038 4077 Sanctitas
1055 4013 1186 4075 Vestra
1199 4035 1274 4076 rem
1290 4013 1400 4076 faciet

131 4129 170 4176 et
189 4121 367 4185 clementia
390 4141 455 4184 sua
479 4121 641 4203 dignam,
676 4131 711 4184 et
745 4121 847 4184 nobis
880 4121 1051 4202 imprimis
1080 4120 1266 4182 iucundam
1291 4131 1398 4201 atque

131 4237 311 4307 acceptam,
336 4247 442 4309 quam
467 4249 531 4290 nos
555 4227 661 4290 etiam
686 4247 773 4310 erga
798 4248 876 4290 eam
900 4227 995 4289 omni
1018 4226 1116 4289 filiali
1141 4237 1263 4289 nostra
1279 4229 1396 4288 obser-

133 4332 243 4397 vantia
264 4353 524 4416 recognoscere
544 4333 795 4415 laborabimus,
820 4334 1115 4416 quemadmodum
1141 4353 1186 4395 ex
1209 4332 1399 4414 magnifico

136 4432 221 4499 fideli
242 4441 374 4504 dilecto
399 4439 552 4504 Oratore
577 4450 613 4504 et
637 4439 847 4503 Consiliario
872 4449 994 4503 nostro
1018 4438 1181 4503 Gerardo
1206 4440 1250 4501 de
1276 4440 1398 4519 Plana,

134 4539 239 4624 Rupis
260 4547 413 4610 Domino
446 4547 514 4628 (cui
547 4545 582 4609 in
610 4547 665 4609 his
696 4546 802 4610 etiarn
826 4546 1062 4609 omnimodam
1085 4544 1192 4608 fidem
1216 4556 1252 4608 et
1276 4545 1397 4628 benig-

136 4665 205 4711 nam
235 4654 447 4716 audientiam
483 4651 645 4716 exhiberi
684 4653 855 4736 cupimus)
892 4653 996 4715 latius
1024 4652 1226 4732 intelligere
1255 4653 1395 4735 poterit,

139 4763 173 4813 et
192 4753 415 4824 Sanctitatem
439 4760 605 4823 Vestram
630 4759 761 4842 optime
785 4762 906 4822 valere
930 4768 1250 4839 sacrosanctaeque
1278 4759 1397 4822 Eccle-

140 4857 203 4922 siae
224 4865 276 4928 diu
298 4867 479 4931 foeliciter
502 4885 647 4948 preesse
672 4865 842 4948 cupimus
885 4867 1015 4928 Datum
1039 4864 1074 4928 in
1099 4863 1253 4928 Civitate
1277 4875 1398 4929 nostra

163 4981 230 5042 wau,
241 4989 379 5032 Documenta
389 4991 527 5035 Lathorava.
1203 4969 1238 5030 23
