3425 5700
727 885 780 949 62.

451 1002 659 1082 Aloandor
686 999 1058 1081 Viooocnoollario.

541 1128 683 1200 (llmllcl.
702 1130 827 1189 comm
846 1128 879 1189 la.
896 1128 961 1190 12³.»

610 1234 664 1294 (13.
682 1232 786 1296 Aprilis
808 1228 895 1299 1521.)

204 1359 259 1421 Ho
284 1368 454 1439 receputo
483 1359 517 1420 le
541 1357 586 1419 de
610 1356 654 1419 V.
680 1356 717 1419 S.
741 1356 838 1418 Rma
862 1364 898 1417 et
921 1355 955 1417 le
980 1354 1082 1435 copie
1107 1355 1152 1415 de
1176 1353 1211 1414 la
1234 1353 1332 1414 bulla
1356 1358 1393 1411 et

130 1468 150 1529 li
169 1466 262 1530 brevi
295 1467 453 1529 secundo
483 1466 517 1527 le
548 1461 788 1543 expeditioni,
820 1464 925 1544 quale
949 1462 1249 1533 demandavamo;
1286 1474 1397 1539 spero

130 1594 187 1635 non
209 1594 360 1636 seranno
384 1592 423 1636 se
448 1592 516 1634 non
542 1572 589 1633 ad
613 1571 721 1633 molto
744 1568 930 1651 proposito
954 1578 1086 1632 nostro.
1339 1570 1342 1577 ’

204 1680 329 1743 Havea
352 1679 476 1743 scritto
492 1699 558 1760 per
573 1677 642 1740 mie
661 1677 783 1741 ultime
798 1678 865 1740 che
882 1678 915 1740 el
932 1676 1119 1739 confessor
1130 1686 1165 1737 et
1181 1671 1397 1737 Armestorff

130 1808 224 1849 erano
246 1808 309 1868 per
335 1787 446 1849 andar
471 1807 494 1847 a
516 1782 737 1865 Sichinghen
762 1792 798 1847 et
821 1784 977 1853 Hutten:
1009 1784 1166 1865 iverunt,
1198 1793 1234 1844 et
1264 1790 1302 1844 ut
1324 1779 1392 1862 ipsi

130 1894 245 1975 dicunt,
269 1903 489 1975 opportune3
513 1893 644 1973 perch&
667 1891 825 1954 intesero
840 1890 877 1953 in
894 1892 1013 1973 quella
1032 1890 1186 1954 fortezza
1210 1891 1303 1951 dove
1318 1889 1394 1950 loro

129 2020 234 2083 erano,
257 2022 321 2083 per
346 2000 464 2083 megin
489 2001 534 2062 de
558 2020 630 2062 uno
654 1996 710 2061 de'
732 1998 882 2080 satrapi,
907 1999 973 2061 che
996 1998 1056 2080 gii
1080 1997 1110 2060 si
1134 2018 1196 2060 era
1219 1995 1309 2059 satta
1325 2014 1396 2057 una

130 2107 342 2171 conclusione
365 2107 410 2170 de
426 2106 531 2169 taliar
550 2105 688 2187 apecci
698 2104 820 2167 avanti
832 2105 899 2167 che
913 2103 1051 2168 iussero
1074 2104 1114 2166 X
1137 2101 1254 2185 giorni
1277 2100 1337 2164 noi
1361 2108 1397 2163 et

128 2214 198 2276 tutti
227 2214 251 2277 li
281 2213 412 2296 prelati
435 2216 476 2276 οῖ’
494 2212 586 2295 preti
610 2213 676 2275 che
700 2212 730 2275 si
753 2222 990 2275 attrovavano
1013 2211 1051 2273 in
1074 2218 1200 2293 questa
1224 2208 1338 2288 dieto,
1370 2207 1394 2269 il

130 2322 186 2383 che
207 2324 363 2384 sarebbe
384 2328 477 2383 stato
501 2319 608 2383 facile
632 2320 763 2401 perche
779 2320 888 2382 Cesar
904 2339 975 2381 non
991 2320 1038 2382 ha
1055 2318 1114 2400 qui
1131 2325 1272 2399 quattro
1288 2313 1395 2378 scalci

130 2438 160 2488 et
181 2426 394 2510 Sicllinghen
421 2429 439 2491 ἐ
463 2427 499 2489 in
524 2427 649 2491 ordine
674 2429 719 2489 de
743 2424 843 2509 genti
867 2426 926 2507 piir
949 2428 1014 2489 che
1031 2426 1194 2507 principe
1209 2424 1254 2486 de
1270 2432 1396 2505 questa
1470 2444 1472 2449 ·

130 2532 326 2614 Germania,
356 2545 393 2597 et
422 2532 538 2615 questi
571 2535 617 2595 de
641 2533 794 2597 Vormes
817 2551 958 2614 sempre
983 2532 1115 2596 inimici
1139 2531 1182 2594 dc
1207 2528 1300 2612 preti
1324 2548 1394 2591 non

129 2640 329 2706 desiderano
360 2643 452 2706 altra
484 2660 569 2705 cosa
598 2643 664 2703 che
689 2640 905 2703 exterminar
930 2642 964 2702 el
988 2640 1093 2704 clero.
1141 2637 1277 2699 Hutten
1301 2634 1396 2699 disse

129 2748 228 2814 haver
250 2749 367 2813 inteso
391 2749 438 2811 da
461 2748 590 2832 grandi
614 2747 766 2830 principi
781 2749 847 2809 che
865 2746 996 2810 Caesar
1011 2747 1057 2809 de
1073 2747 1123 2808 tal
1145 2766 1229 2807 cosa
1244 2745 1396 2807 sarebbe

129 2866 211 2920 stato
240 2860 311 2920 ben
343 2867 513 2921 contento
536 2857 572 2920 in
606 2856 769 2937 secretis,
793 2855 933 2919 benche
957 2855 978 2918 l’
1007 2854 1166 2917 harebbe
1194 2853 1318 2915 voluto
1341 2849 1395 2914 far

128 2965 267 3044 qualche
291 2964 574 3027 demonstration
599 2965 644 3026 de
668 2964 827 3027 haverne
851 2959 1087 3044 displicentia.
1134 2960 1210 3023 Isto
1231 2978 1301 3042 ego
1325 2978 1395 3020 non

127 3072 225 3134 credo
248 3071 359 3134 fuisse
384 3091 520 3152 casura,
545 3090 654 3133 ancor
679 3073 746 3133 che
770 3069 789 3132 l'
807 3069 923 3133 animo
948 3069 1045 3132 fusse
1069 3067 1239 3151 pessimo:
1272 3085 1338 3148 pur
1363 3065 1395 3126 el

128 3177 300 3241 confessor
333 3188 369 3241 et
392 3176 610 3242 Armestorff
637 3177 658 3240 l'
675 3179 793 3241 hanno
823 3176 981 3241 refferito
1012 3197 1034 3238 a
1058 3175 1189 3239 Caesar
1214 3183 1250 3236 et
1274 3193 1295 3236 a
1319 3172 1395 3234 noi:

128 3283 180 3363 pilr
209 3286 300 3348 oltra
324 3285 453 3347 dicono
478 3285 545 3347 che
569 3285 705 3348 Hutten
730 3285 898 3365 allegava
920 3305 985 3365 per
1009 3303 1074 3345 sua
1097 3281 1327 3344 excusatione
1351 3280 1397 3340 de

127 3392 236 3470 quello
259 3393 326 3455 che
350 3389 553 3454 contraius
576 3391 736 3474 gentium
760 3391 808 3454 lui
833 3391 948 3454 havea
972 3389 1094 3454 scritto
1117 3388 1153 3450 di
1178 3385 1396 3466 ammazarci,

127 3498 185 3560 che
216 3499 263 3561 lui
294 3500 331 3561 lo
362 3497 467 3561 facea
496 3517 561 3580 per
591 3498 755 3561 sarcosa
780 3499 899 3579 degne
924 3499 968 3560 de
993 3519 1031 3560 se
1056 3506 1092 3560 et
1114 3495 1208 3558 iusta
1231 3506 1268 3558 et
1291 3503 1396 3577 grata

126 3604 310 3678 aCesare3
342 3605 475 3687 perche
505 3604 553 3667 lui
577 3625 688 3687 sapea
715 3588 808 3669 bene
832 3607 898 3668 che
923 3604 982 3670 noi
1005 3605 1204 3666 andavamo
1229 3601 1274 3664 de
1297 3609 1395 3663 notte

124 3712 357 3776 subvertendo
388 3711 414 3774 li
446 3710 554 3775 animi
584 3712 639 3775 de'
672 3711 825 3794 principi
847 3723 887 3774 ut
910 3710 1105 3774 deficerent
1128 3731 1150 3774 a
1173 3709 1344 3781 Caesare;
1369 3706 1394 3770 il

125 3818 184 3880 che
207 3829 334 3901 questo
358 3819 497 3883 ribaldo
522 3821 568 3882 ha
591 3819 690 3882 sento
714 3839 859 3900 persua
883 3818 1125 3897 excusatione,
1149 3837 1270 3897 ovem,
1294 3833 1394 3877 come

124 3917 294 4007 &legieri
320 3928 367 3989 ha
392 3927 539 3990 creduto
563 3926 767 3990 iacilmente
791 3947 813 3990 a
836 3927 945 4009 quelli
969 3927 1034 3989 che
1059 3943 1210 3988 cercano
1236 3924 1270 3984 la
1295 3921 1394 3984 ruina

123 4029 163 4092 de
185 4023 220 4095 lit
242 4033 381 4097 Chiesa.
406 4033 469 4095 ¹In
500 4035 620 4115 quello
649 4035 795 4096 castello
829 4036 863 4096 el
894 4033 1077 4096 confessor
1108 4033 1211 4094 trovd
1245 4032 1278 4093 el
1304 4029 1393 4091 frate

122 4136 268 4202 Martino
292 4128 426 4203 Putzer
446 4139 579 4203 ordinis
602 4139 877 4222 predicatorum,
902 4142 960 4203 del
984 4142 1088 4223 quale
1112 4141 1158 4202 ho
1183 4137 1305 4201 scritto
1329 4155 1393 4217 per

122 4244 185 4307 mie
213 4241 372 4310 oltre'et
395 4245 432 4309 fa
460 4246 508 4309 lui
538 4248 615 4310 solo
639 4247 774 4330 peggio
798 4249 866 4311 che
889 4247 913 4311 11
938 4247 1019 4312 altri
1042 4245 1173 4328 perche}
1198 4245 1332 4307 Hutten
1357 4241 1391 4304 in

122 4353 273 4416 materia·
292 4348 378 4416 fidei
410 4353 516 4416 tertio
547 4357 658 4417 verbo
689 4353 756 4416 fuit
787 4353 903 4417 victus
936 4376 958 4418 a
985 4354 1190 4417 confessore
1222 4361 1258 4413 et
1288 4370 1393 4432 parse

123 4459 195 4522 chel
218 4481 258 4524 se
272 4443 411 4524 facesse*
435 4460 565 4524 humile
590 4479 691 4524 como
712 4482 759 4525 un
783 4463 938 4544 agne110,
961 4461 1101 4525 benche
1117 4462 1150 4523 el
1165 4459 1304 4523 ribaldo
1329 4479 1392 4541 per

122 4587 236 4631 essere
257 4567 582 4631 inconstantissimo
615 4568 732 4630 subito
757 4590 795 4631 se
820 4577 932 4642 muta;
966 4589 1023 4631 ma
1056 4569 1088 4630 el
1112 4567 1205 4631 frate
1228 4573 1392 4648 apostata

121 4671 257 4755 disputo
280 4675 327 4738 de
342 4675 377 4737 le
400 4675 488 4739 hore
503 4674 555 4737 sei
572 4676 606 4737 in
624 4673 727 4738 favor
751 4675 788 4737 di
801 4675 969 4756 Martino,
993 4685 1094 4757 parte
1118 4695 1182 4756 per
1205 4671 1392 4736 defension

121 4779 162 4841 de
183 4783 219 4844 lo
243 4783 308 4845 che
336 4783 385 4844 ha
413 4781 537 4845 scritto
559 4780 689 4863 partim
722 4803 786 4864 per
811 4781 875 4845 dar
900 4802 1004 4844 senso
1029 4779 1220 4861 catholicm
1254 4789 1290 4842 et
1313 4778 1393 4842 dice

121 4905 212 4951 esser
240 4898 333 4951 stato
363 4908 442 4951 cum
466 4889 622 4952 Luthero
655 4888 777 4952 dedita
808 4909 920 4971 opera
942 4910 1006 4972 per
1030 4889 1125 4952 larse
1149 4886 1333 4952 dechiarar
1357 4886 1392 4948 la
