3425 5700
884 868 960 934 236.

579 982 689 1083 Epist
720 982 951 1063 Tridentinus
979 983 1151 1064 Clementi
1178 984 1256 1066 utu

758 1130 817 1205 (Bp.
835 1131 922 1205 prim.
941 1130 993 1189 111.
1012 1129 1079 1199 θοι)

797 1246 851 1318 (23.
871 1252 938 1316 Julii
961 1253 1048 1315 1524.)

374 1393 593 1473 Quamquam
618 1402 736 1455 vestra
761 1392 951 1456 Beatitudo
976 1393 1020 1455 de
1040 1414 1206 1456 successu
1222 1394 1317 1456 diete
1333 1395 1567 1475 provincialis

287 1498 388 1559 huius
411 1499 597 1561 comitatus
623 1502 744 1581 procul
777 1500 885 1562 dubio
921 1519 986 1581 per
1014 1499 1195 1564 nunctium
1224 1520 1326 1564 suum
1349 1503 1445 1583 apud
1470 1523 1566 1565 sere-

287 1604 464 1667 nissimum
488 1605 686 1687 principem
711 1616 877 1687 agentem
902 1605 948 1668 sit
971 1607 1168 1688 admonita,
1202 1628 1335 1671 memor
1366 1618 1483 1671 tamen
1508 1632 1567 1671 eo-

286 1732 362 1773 rum
388 1731 455 1793 que
480 1722 584 1775 antea
610 1715 653 1775 de
679 1734 733 1775 me
756 1712 876 1775 futura
901 1714 1016 1775 eidem
1029 1712 1324 1795 significaveram,
1348 1716 1470 1798 putavi
1487 1736 1568 1798 pre-

285 1828 403 1881 sentes
427 1840 523 1882 meas
548 1819 684 1881 litteras
716 1819 784 1881 sibi
809 1819 998 1883 mittendas
1023 1842 1102 1883 esse
1133 1832 1172 1882 ut
1202 1821 1420 1903 intelligeret
1448 1824 1566 1905 ipsum

286 1938 498 1989 conventum
523 1927 770 2007 provintialem
796 1937 878 2007 post
902 1926 1086 1990 diuturnos
1110 1930 1253 1992 labores
1278 1940 1313 1991 et
1337 1930 1429 1992 inter
1457 1930 1567 2013 pluri-

286 2053 360 2095 mas
383 2033 463 2095 hinc
489 2044 524 2096 et
547 2033 629 2095 inde
654 2034 911 2112 contentiones,
936 2034 1079 2096 tandem
1103 2034 1209 2097 finem
1233 2036 1416 2111 habuisse;
1442 2037 1568 2121 inquo

286 2160 486 2221 quanquam
501 2161 634 2203 summe
647 2140 886 2223 provinciales
904 2142 1150 2203 contenderint
1167 2152 1202 2205 et
1226 2143 1444 2207 incessanter
1468 2144 1569 2208 enixi

287 2246 419 2309 fuerint
443 2268 485 2309 ea
509 2246 679 2328 consequi
703 2267 769 2328 per
792 2266 862 2328 que
887 2247 1118 2311 sacerdotalis
1147 2248 1302 2332 dignitas
1332 2252 1570 2316 labefactare-

289 2361 345 2415 tur
370 2363 405 2415 et
429 2354 571 2416 omnino
597 2353 873 2435 opprimeretur,
899 2374 1021 2417 omnes
1046 2367 1163 2418 tamen
1195 2357 1388 2420 eorundem
1419 2369 1571 2421 conatus

286 2470 407 2541 preter
431 2482 535 2542 quam
560 2460 595 2522 in
612 2469 778 2541 quattuor
802 2460 959 2523 articulis
976 2461 1066 2545 irriti
1089 2461 1174 2524 facti
1198 2472 1295 2537 sunt;
1322 2485 1469 2545 quorum
1493 2466 1568 2547 qui-

288 2568 368 2631 dem
393 2568 575 2631 concessio
600 2568 740 2630 tametsi
765 2566 897 2630 Sedem
922 2570 1166 2649 Apostolicam
1190 2590 1343 2652 gravare
1368 2579 1403 2633 et
1426 2573 1570 2643 liberta-

288 2687 358 2738 tem
395 2676 672 2739 ecclesiasticam
708 2676 866 2738 nonnihil
905 2676 1127 2758 supprimere
1160 2678 1338 2759 videatur,
1369 2680 1573 2760 putaverim

288 2782 322 2845 in
348 2779 618 2845 Serenissimum
634 2782 836 2865 Principem
854 2805 897 2846 eo
914 2785 1062 2847 consilio
1088 2796 1122 2847 et
1147 2784 1345 2848 intentione
1369 2787 1573 2850 huiusmodi

288 2891 505 2954 concessisse
530 2893 625 2973 quod
651 2893 841 2972 aliquando
866 2891 1021 2956 futurum
1038 2905 1158 2975 speret
1173 2897 1299 2956 eadem
1314 2895 1391 2957 tolli
1408 2916 1514 2977 posse
1534 2913 1572 2958 et

291 3019 349 3060 res
373 3002 418 3061 ad
443 2998 639 3080 primevum
664 3007 803 3078 statum,
828 2999 1041 3062 auctoritate
1064 2999 1213 3063 consilio
1238 3002 1426 3082 studioque
1452 3014 1574 3066 vestre

289 3106 486 3169 sanctitatis
510 3107 715 3186 accedente,
740 3106 956 3188 redigendas
981 3128 1069 3169 esse.
1117 3107 1251 3170 Verum
1280 3110 1444 3172 nunctius
1471 3131 1574 3173 meus

290 3234 394 3294 quem
418 3234 497 3275 meo
524 3211 664 3275 nomine
689 3213 723 3275 in
758 3213 853 3276 dieta
881 3213 990 3276 habui
1019 3224 1124 3277 antea
1155 3235 1201 3277 ex
1229 3235 1285 3277 me
1320 3216 1484 3294 monitus,
1509 3219 1573 3280 ubi

289 3322 354 3382 hec
380 3330 545 3402 quattuor
569 3319 712 3382 rescivit
742 3323 861 3400 palam
893 3332 1081 3384 attestatus
1105 3332 1180 3401 est,
1214 3322 1383 3385 adhibitis
1408 3323 1574 3402 testibuS,

289 3447 367 3490 sese
391 3447 469 3489 meo
494 3427 635 3490 nomine
664 3425 750 3488 nihil
773 3437 962 3509 acceptare
987 3429 1081 3511 quod
1106 3426 1192 3491 Sedi
1217 3430 1426 3510 Apostolice
1451 3430 1497 3492 sit
1523 3431 1572 3493 in·

291 3535 422 3596 decens
452 3541 487 3596 et
518 3533 673 3596 libertati
705 3534 946 3597 ecclesiastice
981 3535 1212 3615 contrarium,
1237 3536 1282 3598 de
1314 3556 1383 3617 quo
1416 3547 1576 3600 vestram

291 3641 514 3704 sanctitatem
539 3641 799 3703 admonendam
824 3663 902 3703 esse
927 3642 1060 3725 putavi,
1094 3652 1131 3704 ut
1155 3662 1261 3724 quum
1290 3654 1397 3706 antea
1425 3644 1575 3724 scripse-

292 3747 356 3811 rim
381 3769 436 3811 me
451 3747 548 3828 nihil,
574 3755 741 3829 quantum
767 3747 800 3809 in
827 3770 882 3811 me
912 3760 997 3826 erat,
1026 3758 1293 3831 acceptaturum
1328 3751 1422 3831 quod
1447 3752 1576 3814 durum

294 3855 498 3936 iniquumve
527 3854 643 3917 ordini
678 3856 890 3918 sacerdotali
922 3856 1047 3918 haberi
1078 3868 1219 3938 posset,
1255 3857 1322 3918 iam
1356 3857 1578 3940 intelligeret

293 3972 457 4045 agentem
488 3982 604 4024 meum
636 3959 765 4023 fecisse
791 3962 885 4044 quod
916 3963 1047 4044 potuit,
1081 3983 1124 4025 ne
1156 3964 1240 4044 quid
1273 3967 1363 4042 tale,
1397 3985 1578 4028 consensu

292 4091 371 4132 meo
396 4071 600 4132 conclusum
626 4068 816 4130 videretur.
878 4070 992 4150 Quum
1022 4080 1140 4132 autem
1171 4070 1227 4132 his
1251 4071 1391 4153 scriptis
1416 4072 1578 4135 nondum

294 4188 410 4240 tamen
437 4175 654 4258 obsignatis,
684 4175 883 4256 acceperim
911 4175 1048 4239 litteras
1077 4197 1099 4238 a
1131 4177 1236 4239 Serm⁰
1261 4177 1444 4259 Principe,
1477 4179 1577 4241 volui

293 4283 432 4365 copiam
457 4303 577 4345 earum
601 4281 656 4344 his
680 4280 886 4364 adiungere,
910 4292 949 4345 ut
972 4285 1068 4364 quod
1092 4286 1135 4345 de
1152 4282 1307 4346 articulis
1323 4284 1391 4346 illis
1407 4295 1580 4366 quattuor

294 4390 455 4470 superius
472 4389 608 4470 scripsi,
626 4389 661 4450 id
678 4387 727 4450 ita
744 4409 822 4451 esse
839 4400 1073 4470 cognosceret
1090 4438 1117 4454 ..
1138 4444 1142 4453 .
1175 4390 1230 4451 Ex
1254 4391 1424 4453 Tridento
1441 4391 1579 4486 XXIII

296 4497 352 4559 die
376 4495 459 4577 Julii
483 4495 683 4558 MDXXV.
