3425 5700
662 539 908 594 Walssffl

153 692 182 743 et
212 681 485 745 sollicitudinem
510 684 605 746 circa
634 683 702 748 ista
734 687 920 766 adhibeat,
957 687 1097 767 cuitua
1123 689 1299 752 Nobilitas
1331 691 1425 753 omni

153 808 213 869 ope
245 798 281 850 et
312 789 446 852 auxilio
476 800 516 852 ut
538 791 625 854 velit
657 791 846 873 suffragari
878 793 973 856 illam
997 794 1032 856 in
1058 796 1200 858 domino
1234 798 1424 860 hortamur.

233 913 375 976 Rornae
399 917 495 997 apud
520 914 556 980 S.
582 917 726 980 Petrum
751 917 808 980 die
835 917 934 980 XXI
959 919 1093 1002 Aprilis
1117 919 1308 983 MDXXV
1331 942 1425 985 anno

151 1022 312 1083 secunde.

686 1221 892 1233 mm

748 1451 813 1514 202

435 1564 595 1646 0111111111
622 1565 701 1648 111
731 1501 852 1648 (larcio
882 1567 1139 1652 (11111111111.

397 1713 490 1784 (011111.
508 1713 597 1786 aput.
616 1714 654 1773 ad
671 1715 812 1788 Principes
829 1730 880 1789 per
899 1715 1020 1774 8111111.
1039 1715 1084 1776 iol.
1103 1717 1170 1787 tta)

642 1835 695 1897 (23-
714 1834 819 1899 Apn'lis
842 1833 928 1903 Ι5251

232 1974 332 2036 Tuae
355 1974 496 2038 virtutis
525 1987 561 2037 et
584 1996 672 2058 erga
704 1998 874 2040 summum
906 1977 1020 2040 Deum
1052 1977 1236 2061 religionis
1267 1981 1423 2060 praecla-

151 2101 221 2143 rum
245 2080 483 2145 testimonium
515 2082 655 2146 litterae
679 2083 782 2147 nobis
813 2093 895 2147 tuae
930 2085 1188 2167 praebuerunt;
1226 2085 1262 2149 in
1298 2087 1425 2168 quibus

149 2207 222 2250 curn
246 2187 291 2250 de
314 2190 382 2250 hac
406 2198 506 2252 tanta
530 2190 731 2253 calamitate
756 2189 980 2270 Germaniae,
1016 2211 1106 2272 quae
1140 2191 1275 2255 artibus
1299 2213 1424 2275 perpe·

149 2293 211 2358 tuis
241 2294 355 2358 hostis
385 2294 453 2358 Dei
482 2316 546 2377 per
583 2295 657 2359 eius
692 2297 819 2378 impios
852 2297 1031 2361 ministros
1062 2299 1249 2362 lutherana
1283 2301 1424 2363 haeresi

147 2399 293 2466 infectos
316 2411 509 2484 procurata
539 2414 603 2480 est,
637 2403 881 2485 conquereris,
913 2403 1142 2485 ostendisque
1168 2407 1326 2469 dolorem
1359 2406 1423 2469 tibi

147 2507 285 2571 afficere
309 2510 377 2572 hoc
402 2510 558 2572 dedecus
578 2509 742 2572 'nominis
767 2510 898 2575 Christi
924 2518 960 2574 et
991 2511 1205 2574 christianae
1237 2512 1423 2595 religionis

148 2616 315 2679 maculam
345 2625 452 2697 atque
476 2615 654 2693 iniuriam,
690 2627 762 2680 tum
788 2627 826 2678 ut
849 2637 934 2680 vere
959 2638 1125 2700 magnum
1151 2619 1306 2700 atpium
1330 2619 1423 2701 prin-

149 2722 258 2804 cipem
283 2723 388 2792 decet
417 2722 570 2826 apimum
601 2723 803 2806 praesefers
834 2725 926 2787 hanc
964 2735 1098 2787 tantam
1134 2724 1351 2806 impietatem
1387 2735 1423 2789 et

148 2830 258 2893 scelus
285 2829 461 2893 nefarium
485 2829 691 2894 vindicandi
714 2829 750 2892 in
780 2850 850 2913 quo
883 2831 987 2894 etiam
1018 2853 1040 2894 a
1063 2831 1166 2895 nobis
1197 2833 1355 2915 postulas
1384 2842 1422 2897 ut

147 2937 207 2999 tibi
229 2937 448 3019 procedendi
472 2939 644 3017 adversus
671 2938 931 3001 ecclesiasticas
964 2958 1146 3019 personas,
1183 2960 1271 3020 quas
1294 2942 1422 3003 multas

147 3043 225 3105 labe
246 3046 315 3107 hac
338 3043 540 3126 inquinatas
564 3065 641 3107 esse
667 3045 788 3124 sentis,
813 3044 1019 3107 facultatem
1045 3056 1079 3107 et
1103 3054 1317 3128 potestatem
1342 3066 1420 3109 con-

147 3151 271 3213 cedere
303 3150 463 3215 velimus.
517 3150 631 3231 Quam
667 3171 733 3214 nos
764 3160 916 3215 mentem
953 3160 989 3213 et
1021 3152 1115 3233 quod
1149 3132 1431 3234 prestantissimi*

145 3255 313 3339 principis
337 3257 491 3319 studium
516 3257 662 3338 dignum
688 3257 756 3321 ista
788 3258 974 3321 nobilitate
1004 3267 1039 3321 et
1074 3258 1141 3321 ista
1169 3258 1300 3320 virtute
1329 3280 1420 3341 quae

145 3364 244 3426 nobis
266 3383 408 3446 semper
431 3363 467 3426 in
492 3373 527 3427 te
552 3364 699 3446 egregia
723 3375 758 3427 et
771 3385 903 3447 magna
926 3374 1116 3446 perspecta
1139 3365 1214 3445 fuit,
1231 3367 1420 3430 vehemen-

146 3477 198 3531 ter
221 3470 254 3533 in
280 3470 432 3534 Domino
458 3471 743 3533 commendamus
767 3472 933 3552 omnique
958 3482 1079 3534 nostra
1102 3472 1354 3534 benevolentia
1386 3480 1422 3535 et

146 3576 315 3640 charitate
345 3577 627 3659 complectimur,
661 3576 911 3660 dominumque
939 3578 1054 3640 Deum
1088 3578 1267 3660 supplices
1298 3599 1420 3642 exora-

146 3703 221 3745 mus
243 3694 281 3747 ut
304 3684 368 3747 tali
393 3693 521 3747 ettam
547 3683 722 3746 catholico
746 3684 900 3768 principi
924 3705 1080 3767 suaeque
1097 3684 1237 3748 divinae
1262 3685 1420 3749 maiesta-

145 3790 188 3853 tis
222 3792 347 3855 honori
371 3791 421 3853 ita
446 3791 568 3854 dedito
604 3792 761 3853 secunda
797 3790 914 3854 omnia
955 3798 991 3855 et
1023 3811 1197 3874 prospera
1221 3794 1419 3855 concedere

145 3895 319 3978 dignetur.
368 3896 472 3978 Quod
503 3918 591 3960 vero
628 3899 674 3959 ad
708 3897 891 3979 negotium
920 3898 1032 3979 ipsum
1067 3898 1208 3977 attinet,
1245 3897 1420 3960 credimus

144 4005 318 4068 nobilitati
342 4013 424 4067 tuae
450 4025 528 4067 esse
553 4015 674 4066 notum
699 4024 768 4085 quo
793 4024 858 4067 nos
882 4003 1009 4084 studi0‚
1034 4024 1105 4086 qua
1125 4004 1361 4068 sollicitudine
1386 4015 1421 4067 et

144 4130 230 4174 cura
251 4133 321 4176 non
346 4111 473 4174 litteris
497 4113 609 4174 solum
634 4123 669 4173 et
693 4111 899 4189 scribeud0,
925 4112 988 4174 sed
1014 4112 1142 4193 legatis
1167 4110 1303 4174 nunciis
1328 4132 1418 4173 corn·

144 4218 382 4301 missariisque
405 4218 536 4281 nostris
560 4218 739 4281 mittendis
769 4217 926 4281 excitare
959 4217 1109 4280 animuin
1143 4218 1296 4280 omniurn
1326 4217 1418 4299 prin·

144 4324 258 4405 cipum
282 4324 498 4388 Germaniae
522 4324 639 4386 conati
663 4324 833 4387 fuerimus
856 4331 897 4386 ut
919 4343 997 4386 cum
1021 4322 1122 4386 ruina
1149 4332 1185 4386 et
1210 4324 1420 4387 detrimento

144 4430 356 4495 christianae
380 4452 489 4494 verae
512 4431 595 4494 fidei
620 4431 758 4493 cladem
782 4451 923 4513 quoque
949 4430 1002 4492 sui
1027 4440 1063 4493 et
1090 4430 1226 4493 ruinam
1257 4429 1419 4492 coniunc-

146 4548 215 4599 tam
251 4559 294 4601 ne
317 4537 571 4615 affirmaretur,
604 4537 667 4599 sed
700 4536 890 4600 obviarent
912 4537 1033 4620 pravis
1056 4534 1241 4620 principiis
1272 4556 1420 4618 quorum

144 4641 233 4707 fines
256 4656 290 4707 et
313 4644 431 4707 exitus
455 4653 494 4706 ut
516 4643 674 4724 ipsorum
698 4642 848 4727 primum
872 4642 1065 4724 perniciem
1090 4653 1209 4706 essent
1232 4642 1418 4725 irrupturi:

144 4748 177 4812 in
203 4770 274 4831 qua
295 4749 538 4814 admonitione
563 4760 599 4812 et
622 4749 867 4813 cohortatione
892 4772 913 4813 a
937 4750 1047 4812 nostri
1071 4748 1297 4832 pontificatus
1321 4748 1419 4812 initio

144 4874 256 4939 usque
279 4859 324 4919 ad
347 4859 440 4921 hunc
466 4856 559 4920 diem
583 4856 716 4919 assidui
739 4856 879 4939 fuimus,
904 4858 1066 4920 dolentes
1091 4866 1126 4919 et
1142 4862 1325 4940 gementes
1342 4876 1420 4921 eum
