3425 5700
739 577 1063 644 ¹eorvoa

314 735 431 788 menta
463 724 661 788 indubitata
695 724 877 805 deposuit,
910 736 946 787 et
978 724 1103 788 litteris
1134 745 1155 786 a
1183 745 1221 786 se
1245 722 1386 805 scriptis
1416 741 1486 783 uno
1511 740 1588 782 con·

315 831 428 893 iunxit
459 831 646 894 volumine.
710 831 894 912 Epistolae
925 831 1025 912 ipsae
1058 852 1150 912 quae
1185 833 1230 894 ad
1264 830 1430 893 nuncium
1463 827 1588 890 missae

313 945 402 1016 sunt,
427 938 529 998 nobis
554 957 596 1000 eo
620 937 849 1018 pretiosiores
874 938 1069 999 extiterunt
1086 938 1178 1019 quia,
1195 958 1301 1018 quum
1319 937 1492 1018 epistolae
1509 935 1588 996 Ale-

313 1045 413 1107 andri
438 1044 692 1125 chronologico
717 1044 841 1106 ordine
866 1044 1057 1106 destitutae
1090 1047 1298 1127 plerumque
1332 1039 1591 1122 chronologicis

313 1151 406 1213 notis
437 1161 616 1230 carerent,
646 1152 770 1213 harum
804 1151 936 1213 auxilio
960 1161 1064 1214 notas
1094 1151 1190 1233 ipsas
1221 1152 1428 1228 restituere,
1461 1146 1589 1228 saepis·

314 1259 400 1320 sime
437 1258 512 1320 sine
543 1257 781 1337 dubitatione,
815 1258 1007 1338 aliquando
1040 1258 1194 1321 maxima
1228 1256 1498 1339 probabilitate,
1532 1274 1590 1336 po·

313 1366 451 1428 tuimus.

403 1471 507 1552 Quod
542 1472 587 1534 ad
627 1471 755 1535 Brevia
786 1471 968 1554 pontificia
1000 1474 1145 1550 attinet,
1195 1473 1358 1554 Regesta
1395 1468 1590 1550 originalia,

314 1577 466 1641 aithalas
489 1578 551 1660 (uti
585 1577 728 1663 vocant)
757 1579 966 1661 originaleS,
995 1580 1192 1661 duplicata,
1224 1579 1258 1640 in
1293 1576 1476 1639 tabulariis
1507 1575 1590 1636 vati-

314 1686 413 1748 canis
437 1696 618 1748 asservata
642 1686 890 1748 consuluimus.

404 1791 520 1854 Caroli
545 1792 589 1872 V,
625 1792 841 1854 Ferdinandi
867 1793 1100 1870 ArchiduciS,
1133 1792 1273 1856 Alberti
1298 1789 1496 1853 Cardinalis
1520 1787 1590 1849 lvio-

312 1899 460 1980 guntini,
475 1898 637 1978 Joachini
651 1899 995 1980 Brandeburgensis,
1013 1902 1151 1962 Ducum
1166 1898 1352 1977 Bavariae,
1366 1898 1591 1976 Margaretae

314 2005 535 2084 Austriacae,
547 2005 715 2087 Episcopi
726 2005 936 2085 Tridentini,
952 2007 1062 2069 Ducis
1074 2006 1339 2087 Lotharingiae,
1353 2003 1498 2066 Henrici
1509 2001 1591 2062 VIII

317 2111 471 2192 Angliae
496 2121 532 2173 et
556 2109 850 2174 GustaviWasae
877 2111 1027 2175 Sueciae
1052 2115 1158 2194 regis,
1183 2113 1332 2193 Joannis
1356 2110 1503 2188 Haneri,
1521 2109 1591 2170 Ro-

314 2219 396 2280 rarii
421 2219 639 2298 aliorumque
663 2221 850 2282 multorum
874 2220 1085 2302 principum,
1109 2220 1367 2301 episcoporum,
1384 2219 1594 2297 scriptorum

313 2325 483 2406 epistolas
508 2347 554 2388 ex
578 2326 810 2406 originalibus
834 2327 1135 2408 transcripsimus,
1167 2347 1259 2408 quae
1291 2327 1462 2388 collectae
1487 2322 1595 2384 variis

314 2432 568 2511 voluminibuS,
593 2433 721 2514 quibus
745 2445 799 2496 est
822 2435 960 2496 titulus:
987 2433 1158 2517 Epistulae
1179 2433 1355 2496 variorum
1379 2432 1426 2494 ad
1450 2431 1595 2493 Clemen-

314 2545 377 2603 lam
418 2539 500 2612 Vll,·
531 2539 606 2603 sive
643 2539 813 2624 Epistulae
837 2539 1041 2624 principum
1073 2551 1133 2603 aut
1161 2541 1315 2622 propriis
1344 2538 1460 2620 capsis
1491 2539 1595 2600 collo·

317 2655 436 2724 eatae,
471 2666 540 2708 non
574 2646 809 2728 transcriptae
834 2649 898 2710 sed
922 2648 1132 2728 originales,
1173 2658 1410 2710 asservantur.
1465 2645 1595 2707 Brevia

317 2754 489 2834 quaedam
516 2774 559 2815 ex
584 2753 728 2816 mairulfi
751 2755 863 2836 ipsius
887 2755 1012 2833 Jacobi
1038 2754 1197 2818 Sadoleti
1221 2755 1420 2833 hausimus,
1445 2772 1522 2814 cum
1547 2754 1594 2812 ul·

317 2861 401 2923 tima
424 2870 541 2923 tamen
576 2861 786 2943 scriptione,
826 2883 890 2943 pro
923 2863 1177 2925 mutationibus
1208 2863 1399 2943 aliquando
1429 2882 1451 2923 a
1483 2857 1594 2941 ponti·

316 2967 382 3029 fiee
406 2968 520 3047 factiS,
546 2968 781 3032 conferentes.

313 3133 315 3143 ,
407 3074 591 3157 Campegii
617 3076 787 3156 epistolas
811 3096 856 3137 ex
880 3076 1060 3137 volumine
1085 3076 1167 3138 LIII
1191 3075 1425 3139 Germanicae
1446 3073 1595 3136 Nuncia·

318 3190 417 3243 turae
442 3183 742 3262 transcripsimus:
776 3182 811 3244 in
845 3182 924 3264 ipso
948 3185 1126 3245 volumine
1151 3185 1275 3245 eadem
1306 3182 1496 3265 originalia
1526 3202 1596 3243 ser-

317 3297 456 3351 vantur.

406 3394 563 3457 Tandem
602 3400 716 3476 'pauca
759 3397 972 3458 documenta
1007 3399 1293 3480 transcripsimus
1333 3418 1379 3460 ex
1418 3395 1597 3458 volumine

317 3502 497 3565 Tabularii
522 3500 676 3564 Sanctae
701 3500 826 3583 Sedis,
857 3504 912 3565 cui
945 3507 1083 3566 titulus:
1120 3504 1230 3585 Erkr'z',
1256 3503 1406 3584 Erasmr',
1431 3502 1550 3566 Blasii
1569 3509 1601 3565 cl

317 3608 466 3671 aliorum
489 3610 667 3692 r‘poslolue,
693 3629 762 3691 quo
797 3623 926 3671 exacta
957 3620 992 3672 et
1020 3615 1174 3692 probata
1205 3612 1400 3693 aliquarum
1432 3611 1596 3692 epistola-

318 3736 395 3777 rum
420 3718 630 3797 apographa
654 3717 888 3780 continentur.

408 3822 457 3883 Ut
489 3833 604 3885 tamen
654 3822 861 3905 cuicumque
903 3824 1019 3885 facilis
1051 3826 1227 3888 habeatur
1258 3837 1401 3888 nostrae
1432 3818 1612 3887 editionis*

318 3949 395 3991 cum
436 3929 668 4010 originalibus
701 3931 947 3992 monumentis·
972 3931 1115 3993 collatio
1125 3980 1133 4010 ,
1171 3934 1443 4015 uniuscuiusque
1478 3954 1600 3995 monu-

318 4036 426 4098 menti
449 4039 565 4099 locum
590 4036 743 4099 fideliter
769 4038 978 4100 notavimus.
1033 4040 1342 4102 Monumentorum
1368 4061 1388 4102 a
1413 4040 1601 4102 Friedrich

319 4143 491 4205 editorum
517 4144 697 4206 variantes
723 4145 913 4224 lectiones,
946 4165 988 4207 eo
1018 4148 1113 4227 quod
1146 4149 1290 4226 longum
1316 4158 1351 4210 et
1374 4147 1450 4209 fere
1475 4144 1603 4211 inutile

319 4270 408 4330 opus
424 4250 614 4330 videretur,
639 4271 710 4313 non
726 4252 982 4321 recensuimus:
1008 4253 1248 4316 recensuimus
1263 4255 1403 4335 quidem
1419 4254 1605 4318 variantes

320 4356 491 4419 lectiones
523 4370 826 4421 monumentorum
857 4381 878 4421 a
911 4361 1097 4422 Laemmer
1130 4361 1305 4424 editorum
1337 4370 1442 4443 prout
1471 4382 1603 4443 oppor-

319 4476 441 4526 tunum
466 4463 579 4526 visum
603 4475 666 4527 est.

412 4572 470 4633 Ad
510 4572 767 4653 perfectionem
808 4572 1027 4635 collectionis
1059 4588 1203 4637 nostrae
1240 4574 1392 4637 fortasse
1429 4574 1606 4656 optimum

320 4678 508 4740 videbatur
542 4688 577 4740 et
609 4678 678 4741 alia
711 4678 893 4741 notissima
916 4691 1143 4742 monumenta
1175 4681 1357 4744 historiam
1383 4682 1605 4745 Reformati-

322 4784 401 4845 onis
426 4785 639 4847 illustranda
671 4786 824 4848 addere:
864 4788 926 4847 sed
958 4788 1069 4869 haec,
1100 4788 1184 4867 qula
1215 4787 1396 4851 notissima
1428 4799 1462 4850 et
1491 4792 1607 4852 obvia

322 4892 458 4973 cuique,
485 4912 529 4952 ne
554 4894 716 4953 volumen
743 4892 913 4954 inutiliter
930 4905 1132 4974 augeretur,
1149 4894 1346 4966 omisimus;
1372 4909 1607 4961 monumenta
