3425 5700
740 966 813 1033 162.

292 1079 543 1161 Fendinendus
571 1082 756 1162 Anchidun
784 1084 951 1163 lustriae
979 1083 1150 1165 Clementi
1176 1084 1255 1168 Vll

569 1230 655 1301 (em
675 1230 723 1288 rr.
743 1230 818 1305 caps.
836 1230 858 1290 n
877 1230 909 1289 r.
929 1231 981 1303 ve.)

651 1347 704 1417 (3ο.
725 1350 791 1415 Julii
815 1351 901 1415 1524.)

224 1486 262 1552 Si
294 1500 367 1553 tam
398 1512 528 1575 magno
561 1512 726 1554 successu
752 1512 856 1574 quam
886 1514 1015 1575 magno
1046 1495 1163 1557 studio
1187 1516 1252 1578 pro
1283 1496 1417 1577 pietate

144 1615 213 1658 mea
235 1597 269 1660 in
296 1599 492 1687 Religiope
516 1609 753 1681 promptaque
783 1620 870 1681 erga
895 1598 1025 1663 Sedem
1056 1601 1159 1664 istam
1191 1603 1418 1666 observantia

145 1713 284 1767 conatus
308 1726 407 1767 meus
431 1704 664 1787 profecisset,
699 1707 863 1768 excitatis
893 1707 969 1768 istis
1000 1707 1209 1789 periculosis
1238 1710 1417 1772 erroribus

142 1816 239 1889 atque
263 1832 384 1875 rerum
409 1812 608 1877 confusioni
634 1822 777 1894 optatus
801 1812 882 1875 finis
905 1812 940 1874 in
975 1814 1137 1894 proximo
1162 1815 1304 1896 Imperii
1329 1815 1417 1879 Con·

143 1926 242 1979 ventu
266 1918 457 2001 impositus
482 1932 593 2000 esset,
626 1930 686 1981 aut
710 1922 834 1981 saltem
860 1940 989 2001 magna
1012 1940 1132 1983 eorum
1159 1922 1218 2002 qui
1241 1924 1287 1983 ab
1303 1923 1418 1986 ortho-

142 2021 229 2087 doxa
245 2026 319 2088 fide
338 2026 574 2107 desciverunt,
592 2048 676 2109 pars
692 2027 726 2088 in
743 2037 876 2089 rectam
892 2027 984 2089 viam
1001 2027 1182 2100 rediisset;
1208 2048 1418 2110 quamquam

143 2146 205 2210 ego
228 2142 425 2215 propterea
448 2135 517 2195 hoc
543 2134 710 2212 studium,
735 2135 898 2215 huncque
923 2133 1077 2196 animum
1100 2155 1216 2216 neque
1241 2136 1417 2198 declinavi

141 2254 251 2317 neque
299 2239 493 2323 despondi,
538 2260 609 2302 non
652 2239 822 2321 ignorans
865 2240 971 2302 aliam
1016 2250 1092 2303 tota
1129 2262 1209 2304 mea
1247 2242 1320 2305 vita
1356 2244 1418 2306 vix

142 2341 212 2405 dari
244 2366 353 2427 posse
387 2346 610 2410 occasionem
643 2367 712 2428 qua
744 2348 823 2409 Deo
857 2346 993 2428 gratius
1029 2348 1237 2429 obsequium
1268 2352 1419 2432 prestari

140 2452 277 2528 possim.
326 2452 555 2536 Quapropter
584 2474 662 2516 cum
696 2453 763 2516 hac
798 2474 868 2516 non
903 2454 1133 2517 successisset
1164 2456 1241 2535 via,
1275 2456 1417 2520 nimium

139 2554 213 2620 Deo
240 2560 357 2623 adhuc
382 2560 484 2639 irato,
509 2560 613 2623 aliam
638 2560 797 2641 arripere
821 2560 935 2639 libuit,
959 2579 1025 2641 per
1049 2581 1153 2641 quam
1178 2562 1272 2643 apud
1299 2562 1417 2626 Ratis-

139 2662 264 2729 bonam
295 2666 348 2747 id,
372 2666 530 2748 propitio
554 2666 630 2748 illo,
656 2667 890 2745 obtinuimus,
922 2669 1018 2748 quod
1041 2668 1287 2749 Noremberge
1312 2670 1418 2733 nullis

138 2774 249 2837 modis
274 2775 436 2837 obtinere
462 2774 648 2856 quivimus.
697 2774 846 2857 Jamque
872 2794 940 2856 ego
971 2774 1048 2856 ipse
1071 2774 1167 2837 facto
1192 2776 1418 2858 synceritatis

138 2897 212 2942 mee
236 2881 339 2962 fidei,
368 2881 462 2944 absit
484 2881 652 2944 iactantia
689 2887 800 2944 verbo
809 2931 817 2963 ,
851 2884 1017 2962 exempla
1047 2881 1162 2944 indies
1193 2894 1314 2963 presto
1346 2905 1416 2946 non
1518 2926 1523 2935 ·

138 2987 297 3052 obscura.
355 2987 497 3069 Quippe
528 3009 598 3051 non
630 2997 684 3050 est
719 2988 814 3050 aliud
846 2990 912 3050 sub
936 2991 1011 3050 sole
1036 2989 1130 3069 quod
1155 2989 1338 3051 ardentius
1362 2992 1418 3053 de·

139 3095 266 3172 sydero
295 3116 402 3177 quam
434 3095 529 3177 quod
562 3095 605 3157 de
636 3095 753 3157 medio
788 3094 1056 3158 Provinciarum
1087 3116 1243 3158 mearum
1274 3097 1419 3159 tollatur

138 3209 209 3262 tam
233 3213 361 3266 tetrum
380 3201 560 3266 hominum
583 3221 715 3283 genus;
746 3188 843 3283 quod
869 3223 939 3264 non
964 3205 1011 3266 ob
1035 3203 1140 3266 aliam
1164 3223 1306 3266 causam
1329 3203 1417 3266 Bea-

140 3309 277 3376 titudini
300 3321 419 3374 vestre
444 3310 561 3374 scribo
579 3328 680 3391 quam
699 3319 738 3370 ut
754 3309 865 3371 leniat
889 3310 1048 3374 dolorem
1070 3309 1169 3372 illum
1188 3329 1289 3372 suum
1314 3330 1418 3391 quem

139 3417 221 3482 ideo
244 3417 397 3500 accepit,
426 3426 596 3499 quantum
627 3436 671 3477 ex
704 3415 830 3478 litteris
855 3415 927 3478 suis
950 3415 1151 3497 intelligere
1175 3416 1292 3497 potui,
1324 3418 1418 3498 quod

139 3545 211 3606 que
233 3525 441 3590 sanctissimi
464 3525 590 3586 Patres
614 3524 739 3605 procul
764 3523 873 3585 dubio
897 3521 1008 3586 afflati
1021 3524 1090 3586 Dei
1106 3523 1231 3605 spiritu
1255 3526 1418 3587 condem·

141 3646 282 3714 narrent,
310 3653 377 3714 per
402 3631 594 3694 Lutherum
620 3630 719 3712 quasi
743 3632 789 3693 ab
814 3629 938 3693 inferis
962 3632 1079 3693 denuo
1105 3640 1216 3707 eruta,
1240 3631 1275 3693 in
1300 3629 1419 3694 sutura

141 3741 237 3803 dieta
261 3743 295 3804 in
322 3739 596 3821 disputationem
622 3737 774 3819 proponi
800 3738 964 3802 debeant.
1013 3736 1117 3817 Quod
1143 3748 1260 3799 autem
1286 3738 1417 3800 eisdem

143 3845 265 3910 litteris
287 3869 342 3911 me
368 3849 414 3911 ad
438 3844 741 3927 perseverantiam
767 3845 992 3925 exhortatur,
1022 3864 1125 3926 quam
1150 3845 1254 3907 etiam
1280 3844 1316 3906 in
1340 3865 1417 3925 par-

143 3962 215 4016 tem
235 3955 393 4037 pluribus
426 3954 535 4016 Rev¹¹⁸
563 3951 736 4014 Dominus
761 3952 901 4032 legatus
925 3971 1062 4013 mecum
1087 3951 1177 4032 egit,
1210 3970 1417 4032 persuasum

148 4079 223 4123 esse
243 4062 347 4125 velim
372 4059 588 4123 Beatitudini
615 4068 734 4120 vostre
760 4058 844 4120 mihi
869 4058 1012 4121 omnino
1037 4077 1142 4120 curae
1166 4058 1244 4121 iore
1268 4067 1306 4120 ut
1322 4057 1417 4139 quod

148 4171 244 4249 coepi
268 4189 336 4251 qua
355 4166 477 4230 licebit
493 4168 695 4248 praestab0,
721 4175 756 4226 et
780 4183 941 4244 exequar
954 4184 1021 4245 per
1035 4184 1173 4227 omnem
1195 4164 1418 4226 occasionem

151 4273 289 4339 offitium
312 4275 399 4338 boni
428 4281 464 4336 et
490 4272 573 4336 iusti
607 4270 795 4352 principis,
833 4271 891 4352 qui
926 4269 1108 4333 Ecclesiae
1143 4271 1212 4332 Dei
1246 4271 1418 4352 prodesse

152 4380 260 4463 debet,
282 4380 496 4465 posthabitis
521 4379 682 4442 omnibus
707 4377 856 4460 privatis
881 4376 1079 4440 affectibus.
1127 4377 1215 4439 Nam
1232 4377 1289 4439 hic
1310 4377 1417 4459 respi-

154 4484 302 4553 ciendum
334 4509 406 4552 non
440 4496 493 4550 est
524 4488 618 4568 quod
653 4487 774 4568 plures
804 4484 939 4547 faciunt
970 4484 1034 4546 sed
1067 4483 1161 4564 quod
1193 4483 1269 4546 fieri
1300 4485 1418 4564 debet,

155 4595 246 4671 parvi
269 4613 525 4679 quamcumque
549 4593 686 4656 faciens
710 4591 879 4654 iacturam
904 4610 1010 4672 quam
1026 4590 1198 4652 aerarium
1225 4610 1338 4652 meum
1364 4611 1418 4652 ac·

158 4697 233 4781 cipit
252 4703 285 4766 in
308 4701 551 4788 opprimendis
575 4700 725 4762 subditis
750 4698 837 4760 meis
860 4699 927 4760 hac
951 4699 1034 4760 labe
1058 4696 1200 4759 infectis
1225 4706 1260 4759 et
1277 4697 1418 4777 quidem

161 4823 223 4869 non
243 4810 382 4890 privatis
406 4818 543 4871 tantum
567 4807 630 4869 sed
655 4807 737 4868 totis
761 4803 913 4887 oppidiS,
939 4824 1030 4886 quae
1054 4803 1210 4884 presidio
1235 4812 1270 4865 et
1288 4805 1417 4866 robore

163 4909 285 4978 militari
309 4919 442 4980 tuenda
465 4923 560 4994 sunt,
594 4934 638 4976 ne
668 4914 712 4976 ad
746 4911 956 4975 seditionem
983 4931 1041 4974 res
1073 4920 1189 4974 exeat.
1237 4909 1337 4991 Quae
1361 4930 1419 4974 res
