3425 5700
784 563 1032 632 tillut&

266 717 473 791 Sanctitatis
510 739 615 789 aures
651 718 829 806 attingere
863 722 975 806 digna
1005 728 1178 786 censetur.
1232 711 1394 804 Accepto
1428 707 1551 801 itaque

266 834 395 898 nuncio
424 835 468 896 de
493 832 667 895 Anthonii
697 829 998 912 Lothoringorum
1022 829 1131 892 Ducis
1155 829 1224 892 illmi
1253 849 1332 892 cum
1366 826 1478 910 copiis
1513 826 1549 888 in

266 941 454 1005 seditiosos
478 950 514 1003 et
537 939 715 1002 hereticos
740 948 775 1000 et
798 938 1022 1001 heresiarcas
1045 936 1272 1019 properantis
1295 945 1409 1014 motu,
1439 935 1550 1015 impu-

267 1047 393 1112 rissimi
417 1049 562 1110 tandem
585 1046 636 1109 illi
661 1045 720 1127 qui
743 1046 876 1127 passim
900 1066 1008 1127 agros
1033 1045 1192 1108 Alsatios
1208 1043 1319 1106 invasi
1337 1041 1548 1106 ecclesiasti-

267 1156 318 1218 cis
341 1155 445 1218 bonis
469 1154 693 1236 diripiendis,
717 1162 921 1217 sanctorum
945 1151 1205 1216 comminuendi
1228 1151 1358 1233 effigiis
1381 1148 1549 1212 basilicis·

269 1282 339 1344 que
371 1263 417 1324 de
450 1261 536 1343 ipsis
567 1260 672 1324 etiam
699 1260 964 1324 fundaminibus
993 1259 1197 1322 evertendis
1220 1256 1406 1340 religionis
1430 1266 1465 1318 et
1481 1253 1551 1318 Dei

267 1377 545 1450 contemptores,
570 1367 646 1430 dies
670 1376 866 1448 noctesque
890 1369 1105 1430 tenebantur
1122 1387 1219 1428 arma
1234 1365 1269 1427 in
1286 1365 1373 1427 illud
1390 1373 1551 1426 sanctum

266 1474 350 1538 fidei
386 1478 552 1557 clypeum
584 1474 805 1537 Anthonium
837 1494 980 1537 sumere
1010 1494 1076 1555 per
1105 1485 1310 1554 turmasque
1341 1473 1411 1535 alio
1444 1481 1552 1552 atque

266 1581 337 1645 alio
361 1583 465 1644 nobis
489 1580 657 1644 insidiari.
706 1581 745 1643 In
770 1600 860 1663 quos
885 1581 944 1643 ubi
970 1583 1084 1644 classe
1109 1580 1282 1663 Princeps
1306 1588 1476 1661 pergeret
1500 1578 1551 1640 in-

267 1699 401 1752 structa
425 1687 632 1768 Savernam,
648 1687 754 1751 fossis
777 1687 1021 1769 menibusque,
1047 1687 1140 1750 omni
1166 1687 1273 1750 etiam
1296 1695 1551 1750 tormentorum

266 1796 474 1859 bellicorum
516 1815 650 1877 genere
685 1793 917 1874 munitissimi,
951 1794 1123 1876 oppidum
1157 1815 1226 1857 non
1251 1795 1375 1876 procul
1407 1795 1453 1855 ab
1484 1793 1551 1854 Ar-

267 1901 433 1985 gentinis,
456 1902 687 1965 suadentibus
711 1901 901 1982 oppidanis
921 1901 966 1963 ad
983 1900 1164 1964 sexdecim
1179 1900 1291 1963 ferme
1308 1899 1416 1963 millia
1430 1899 1551 1962 confu-

268 2022 424 2073 ratorum
449 2010 589 2072 illorum
612 2009 737 2071 armati
762 2030 840 2071 sese
864 2008 1058 2091 recipiunt,
1090 2009 1293 2090 Principem
1325 2010 1382 2071 vel
1407 2007 1459 2086 vi,
1492 2010 1554 2069 vel

268 2117 370 2197 dolo,
395 2119 452 2179 vel
478 2115 704 2178 cunctatione
733 2115 935 2198 opprimere
967 2117 1220 2198 necquicquam
1252 2117 1329 2179 rati.
1376 2115 1463 2178 Mox
1494 2135 1552 2176 au·

268 2235 340 2288 tem
364 2226 513 2286 obsessa
535 2223 654 2285 idibus
677 2222 782 2286 Maiis
806 2223 956 2286 viriliter
979 2227 1068 2286 urbe
1092 2224 1298 2306 paratisque
1328 2224 1363 2286 in
1399 2221 1553 2285 eversio-

270 2352 348 2394 nem
385 2329 615 2411 necessariis,
657 2331 703 2392 de
738 2329 921 2393 deditione
956 2350 1153 2394 sermonem
1188 2329 1366 2412 fingentes
1401 2328 1551 2392 aliorum

269 2437 534 2500 coniuratorum
559 2436 619 2518 qui
648 2438 695 2499 ad
727 2458 792 2500 sex
826 2449 862 2500 et
896 2437 1133 2518 quadraginta
1164 2438 1272 2500 millia
1299 2438 1394 2500 haud
1426 2437 1554 2518 procul

268 2546 436 2624 aberant,
460 2546 551 2607 clam
575 2544 710 2607 auxilia
733 2546 931 2608 vocabant:
955 2553 1003 2624 ut,
1029 2565 1136 2626 quum
1160 2543 1245 2607 nihil
1268 2546 1396 2610 horum
1419 2544 1553 2607 veritus

270 2652 437 2734 princeps
462 2661 538 2714 tuta
562 2651 655 2714 inter
678 2653 945 2732 componendas
970 2672 1034 2734 spe
1058 2651 1249 2715 deditionis
1272 2665 1340 2716 res¹
1365 2652 1552 2714 arbitrare·

267 2769 325 2822 tur
349 2759 487 2840 omnia,
521 2758 671 2821 undevis
701 2758 975 2840 opprimeretur.
1027 2755 1200 2841 Sequenti
1234 2769 1353 2822 autem
1384 2759 1441 2822 die
1471 2778 1553 2821 cum

274 2868 428 2931 nondum
453 2868 540 2930 satis
562 2867 737 2930 illuxisset
759 2868 849 2929 hora
872 2866 934 2929 vix
958 2888 979 2929 a
1002 2868 1118 2931 media
1142 2878 1248 2931 nocte
1272 2868 1443 2948 secunda,
1472 2886 1552 2949 pro·

268 2974 350 3037 ditis
374 2974 595 3056 proditorum
611 2975 737 3038 horum
754 2973 893 3036 insidiis
917 2974 977 3055 qui
998 2978 1121 3037 urbem
1145 2976 1344 3038 clanculum
1369 2975 1414 3037 ad
1444 2972 1555 3055 impia

271 3081 452 3145 molimina
475 3083 672 3162 cedebant,
704 3081 878 3144 instructa
902 3088 937 3143 et
960 3082 1006 3143 ad
1030 3100 1188 3163 pugnam
1212 3092 1285 3145 tum
1310 3102 1451 3165 quoque
1474 3102 1554 3144 nos-

267 3198 325 3251 tra
345 3197 473 3271 parata
495 3185 591 3251 acies
615 3207 698 3251 mox
722 3187 873 3269 irruens,
894 3188 1066 3251 truncatis
1089 3208 1182 3270 pene
1207 3200 1345 3271 septem
1368 3198 1405 3253 et
1428 3192 1554 3252 decem

268 3295 422 3358 millibus
446 3297 534 3359 urbe
568 3293 713 3378 potitur.
768 3293 1118 3377 Appropinquabant
1149 3294 1288 3361 interea
1318 3297 1365 3360 ad
1397 3296 1554 3378 quinque

268 3402 377 3466 millia
406 3401 716 3466 ferocissimorum
750 3402 930 3465 hominum
974 3400 1191 3467 Savernanis
1222 3404 1406 3487 suppetias
1436 3402 1554 3481 laturi,

268 3509 329 3591 qui
353 3520 389 3572 et
412 3530 483 3572 non
507 3510 632 3591 procul
657 3509 739 3572 hinc
763 3509 800 3571 in
825 3508 909 3572 villa
934 3510 1087 3589 quadam
1111 3510 1266 3593 obsessi,
1301 3532 1379 3574 cum
1403 3530 1468 3573 nec
1495 3511 1555 3572 de-

270 3618 356 3680 dere
380 3636 460 3680 sese
484 3636 550 3679 nec
574 3617 778 3698 supplicare
802 3618 978 3697 placeret,
1003 3626 1076 3679 tum
1100 3617 1249 3699 gladiis,
1285 3626 1358 3680 tum
1389 3617 1474 3698 igne
1507 3618 1554 3678 ad

270 3743 377 3787 unum
402 3723 601 3805 consumpti
625 3723 818 3805 perierunt.
865 3724 979 3786 Porro
1004 3733 1213 3806 maturante,
1237 3728 1345 3787 rebus
1365 3724 1415 3787 ita
1431 3724 1557 3807 gestis,

268 3850 471 3911 regressum
495 3829 680 3893 Anthonio
704 3832 750 3893 ad
774 3830 867 3893 XIII
883 3831 954 3893 kal.
970 3827 1094 3909 Junias
1119 3852 1203 3895 ecce
1226 3830 1355 3914 viginti
1377 3851 1471 3913 pene
1495 3832 1556 3893 ho·

270 3938 400 4001 minum
432 3938 586 4001 millibus
625 3939 670 4000 ad
711 3949 891 4001 certamen
923 3936 1058 4019 paratis
1085 3936 1125 3999 fit
1153 3938 1289 4002 obvius.
1345 3938 1557 4019 Accingitur

272 4054 420 4126 utraque
446 4045 541 4107 acies
565 4045 610 4107 ad
630 4044 764 4107 bellum
780 4044 862 4107 hinc
878 4043 960 4105 inde
978 4054 1013 4106 et
1029 4054 1205 4107 tormenta
1220 4045 1350 4108 bellica
1373 4044 1438 4132 (illi
1462 4046 1557 4108 enirn

272 4171 342 4214 non
365 4152 534 4231 vulgares
559 4162 594 4213 et
617 4124 748 4214 abiecti
768 4153 831 4213 sed
856 4152 951 4212 bello
976 4150 1231 4233 assuetissimi);
1258 4151 1297 4214 fit
1321 4162 1460 4235 strages
1484 4173 1556 4215 non

274 4258 471 4321 mediocris.
518 4256 564 4320 Et
587 4258 752 4339 profecto
776 4276 910 4338 anceps
935 4256 994 4318 diu
1010 4256 1169 4338 victoria,
1194 4260 1284 4321 duce
1307 4258 1452 4322 tandem
1476 4260 1556 4322 Deo

275 4364 408 4446 optimo
433 4365 587 4428 maximo
605 4363 704 4427 cuius
718 4386 776 4429 res
792 4366 978 4445 agebatur,
1003 4363 1231 4448 Lotharingis
1247 4364 1345 4447 favit,
1370 4365 1556 4447 caesisque

274 4475 321 4535 ad
345 4492 473 4535 novem
497 4492 591 4555 pene
614 4472 753 4535 illorum
777 4468 1161 4553 impudentissimorum
1185 4473 1348 4554 millibus,
1368 4473 1496 4555 reliqui
1519 4474 1556 4537 in

271 4582 425 4662 abrupta
447 4578 618 4642 montium
641 4577 983 4659 angustissimosque
1007 4579 1121 4659 lucos,
1153 4580 1222 4643 loci
1245 4599 1287 4643 ac
1311 4580 1425 4645 noctis
1449 4584 1556 4645 bene-

274 4686 355 4749 ficio
380 4706 459 4749 sese
487 4694 711 4767 receperunt.
764 4684 907 4765 Quanta
937 4695 1055 4748 autem
1084 4686 1124 4750 B.
1156 4688 1196 4751 P.
1225 4688 1294 4751 Dei
1329 4688 1557 4771 providentia

271 4792 307 4854 id
329 4792 464 4875 negotii
480 4790 705 4873 processerit,
730 4790 836 4853 fuerit
852 4789 1056 4855 coniectura
1072 4791 1198 4874 facilis,
1213 4794 1268 4859 his
1284 4796 1344 4878 qui
1358 4806 1431 4859 tres
1446 4794 1556 4859 victo·

271 4900 342 4965 rias
367 4901 522 4985 quinque
547 4897 723 4962 continuis
746 4897 873 4959 diebus
896 4898 1050 4984 principi
1077 4901 1139 4963 vix
1163 4902 1286 4965 decem
1317 4914 1557 4989 pugnatorum
