3425 5700
699 560 846 617 *aaut
888 558 946 615 &⁰

182 706 291 789 igitur
313 717 353 769 ut
376 708 406 770 si
430 707 617 799 aUSancta
647 707 706 770 illa
738 706 833 771 Sede
866 708 1078 790 Apostolica
1108 709 1320 789 emanarint,
1352 709 1391 771 P.
1420 707 1462 771 T.

183 834 250 877 nos
274 814 531 896 quamprimum
555 814 726 877 certiores
750 814 889 880 reddat.
935 815 1086 879 Meroris
1107 826 1223 880 autem
1247 816 1359 879 nostri
1383 834 1461 879 cau·

183 941 259 984 sam
299 921 452 1004 longiori
497 921 588 984 serie
628 922 915 1003 pertractandam
949 942 1059 1004 opere
1092 923 1244 1005 pretium
1287 923 1462 987 duximus.

183 1028 341 1091 Primum
365 1028 460 1110 quod
484 1027 521 1093 S.
535 1027 577 1093 D.
592 1026 651 1109 N„
675 1036 748 1091 tum
772 1048 874 1091 sacer
898 1027 1138 1094 Cardinalium
1162 1041 1271 1112 cetus,
1297 1041 1370 1093 tum
1393 1048 1462 1093 orn·

183 1155 249 1198 nes
274 1134 334 1216 qui
359 1134 598 1215 Cancellarie,
632 1134 803 1199 Camerae
835 1145 872 1199 et
899 1132 1127 1218 Segretariae
1151 1138 1339 1200 Romanae
1363 1154 1462 1220 prae-

184 1250 297 1325 sunt„
320 1239 425 1328 (sicut
458 1247 552 1305 nunc
584 1243 680 1325 apud
715 1244 846 1305 bonam
882 1241 1097 1307 Germaniae
1130 1265 1231 1308 meae
1264 1244 1463 1327 partemin

184 1369 426 1431 quoscumque
449 1349 593 1431 impune
612 1351 827 1439 debacchari
850 1349 985 1415 licitum
1005 1353 1073 1432 est)
1096 1351 1279 1433 tyrannidi
1303 1361 1339 1415 et
1361 1351 1462 1414 insci·

185 1456 258 1519 tiae
282 1467 489 1539 arguuntur.
536 1457 678 1521 Deinde
702 1459 798 1539 quod
817 1458 936 1521 Breve
960 1457 1053 1521 istud
1070 1456 1270 1521 Germanos
1293 1478 1335 1521 ac
1358 1476 1464 1521 veros
1531 1516 1534 1520 ,

185 1560 361 1643 Saxones,
386 1563 446 1645 qui
469 1572 587 1627 tamen
611 1564 678 1627 hoc
704 1565 892 1628 lutherano
908 1564 1028 1628 toxico
1053 1584 1177 1627 omnes
1197 1564 1273 1628 fere
1292 1565 1465 1628 immunes

186 1679 294 1751 atque
325 1671 433 1735 alieni
468 1681 566 1755 sunt,
595 1672 819 1736 condemnat.
865 1672 973 1735 Absit
1004 1682 1124 1735 tamen
1156 1675 1280 1754 procul
1310 1694 1332 1736 a
1360 1672 1466 1735 nobis

186 1776 282 1858 pium
307 1798 349 1840 ac
372 1777 597 1841 innocentem
619 1778 828 1842 Pontificem
854 1790 960 1860 atque
975 1778 1105 1842 Christi
1117 1778 1286 1843 vicarium
1311 1778 1466 1842 iustitiae

185 1886 358 1965 polluere.
407 1884 591 1949 Credimus
616 1887 780 1967 equidem
804 1884 834 1948 si
857 1887 926 1949 hae
950 1886 1090 1950 litterae
1106 1906 1215 1949 verae
1232 1885 1466 1967 integraeque

187 1990 322 2054 fuerint
345 2002 381 2055 et
405 1992 544 2056 titulum
568 2002 604 2055 et
626 2013 755 2056 nomen
780 1992 881 2055 ducis
897 1993 993 2075 quod
1017 1994 1176 2056 insontes
1191 1994 1342 2077 culparit
1357 1991 1464 2056 Sanc-

187 2097 377 2161 titatisuae
394 2098 621 2179 imposuisse;
647 2100 936 2182 quandoquidem
958 2109 1080 2163 nostra
1103 2101 1171 2163 hac
1194 2109 1407 2182 tempestate
1428 2098 1467 2163 id

189 2204 525 2287 periculosissimum
558 2215 594 2269 et
626 2204 813 2269 Sanctitati
856 2216 942 2271 suae
978 2206 1260 2289 indignissimum
1292 2217 1468 2289 putamus,

192 2312 301 2375 nolim
325 2330 544 2376 communem
568 2312 664 2375 illam
688 2314 882 2377 communis
907 2323 1050 2378 nostrae
1081 2314 1196 2396 patrie
1231 2314 1467 2377 calamitatem

188 2418 229 2481 Pr
254 2419 294 2481 T.
319 2420 430 2482 latere
459 2421 554 2501 quod
578 2420 740 2483 miseriae
764 2420 845 2483 buic
870 2424 929 2485 vel
957 2421 1069 2485 errori
1091 2422 1210 2503 potius
1232 2422 1365 2504 poterit
1388 2438 1467 2483 con·

190 2526 317 2589 sulere.
365 2524 705 2591 Periculosissimum
730 2527 816 2607 dixi,
841 2530 1006 2609 quoniam
1027 2529 1141 2592 omnis
1163 2548 1257 2611 pene
1276 2526 1469 2591 Germania

190 2633 236 2694 ad
260 2632 380 2697 fontes
406 2654 517 2716 usque
541 2634 662 2698 Rheni
686 2645 722 2698 et
744 2634 857 2697 Histri
881 2636 989 2698 etiam
1013 2637 1200 2699 lutherana
1223 2636 1289 2698 hac
1313 2633 1469 2698 factione

190 2748 359 2821 corrupta
383 2750 446 2805 est.
494 2737 582 2804 Sola
594 2738 753 2804 Saxonia
769 2740 934 2816 fluctuat;
958 2742 1071 2805 maior
1087 2751 1204 2806 tamen
1218 2762 1303 2825 pars
1316 2752 1353 2805 et
1375 2741 1467 2822 prin·

190 2846 308 2928 cipum
332 2855 368 2910 et
390 2847 507 2929 plebis
531 2859 664 2913 sectam
688 2850 785 2913 illam
807 2859 993 2913 aversatur
1017 2860 1052 2912 et
1076 2850 1223 2932 spernit,
1247 2850 1336 2931 imo,
1372 2848 1468 2931 quod

189 2953 367 3018 rarissime
392 2955 487 3037 apud
510 2955 599 3019 alios
620 2955 818 3020 Germanos
842 2956 999 3020 auditum
1023 2965 1088 3037 est,
1111 2960 1241 3029 multos
1264 2959 1469 3020 lutheranos

190 3063 238 3125 ob
263 3062 366 3125 istam
390 3062 572 3126 vesaniam
597 3063 758 3128 omnibus
777 3064 942 3128 fortunae
959 3064 1061 3128 bonis
1077 3063 1254 3146 spoliavit,
1279 3065 1470 3145 plerosque

191 3168 302 3232 exilio
327 3178 363 3233 et
386 3189 529 3233 carcere
554 3171 747 3234 mulctavit.
805 3172 999 3254 Postquam
1023 3180 1140 3234 autem
1164 3170 1318 3234 viderint
1347 3191 1386 3233 se
1420 3171 1469 3233 in·

189 3285 310 3339 sontes
335 3285 441 3358 atque
465 3279 601 3359 absque
625 3279 731 3360 culpa
754 3277 925 3358 damnari,
938 3289 1086 3361 possent
1100 3278 1207 3340 etiam
1222 3286 1347 3340 contra
1362 3275 1470 3341 animi

189 3383 402 3447 sententiam
431 3384 550 3447 obruti
581 3383 781 3448 adfectibus
814 3405 836 3447 a
867 3395 966 3448 recto
997 3384 1138 3448 tramite
1168 3383 1279 3446 dilabi
1309 3394 1345 3446 et
1376 3383 1471 3446 iusta

190 3489 245 3552 ira
267 3490 456 3572 complecti
485 3490 523 3552 id
554 3493 650 3572 quod
685 3502 883 3575 temporum
910 3490 1078 3574 iniquitas
1109 3501 1146 3554 et
1173 3490 1365 3554 licenciosa
1393 3511 1468 3553 sua·

190 3599 293 3661 deret
315 3597 472 3662 libertas.
519 3599 594 3662 Nec
619 3619 705 3682 egre
729 3598 823 3663 ferat
846 3602 1008 3663 obsecro.
1033 3600 1073 3662 P.
1089 3599 1130 3661 T.
1155 3597 1295 3679 ineptas
1319 3606 1469 3674 nostras,

190 3726 272 3768 nam
296 3702 333 3770 S.
349 3705 392 3767 D.
409 3704 453 3771 N.
470 3714 506 3768 et
524 3705 650 3770 Curiae
667 3707 856 3770 Romanae
880 3706 1071 3788 precipuus
1094 3725 1192 3768 amor
1204 3704 1471 3786 periculumque

189 3811 307 3894 patrie
330 3822 507 3874 mereret
536 3812 734 3894 indignatio
767 3832 822 3876 me
855 3813 962 3875 silere
990 3831 1061 3874 non
1094 3811 1233 3880 sinunt,
1266 3820 1469 3892 coguntque

191 3939 246 3982 me
271 3939 346 3982 rem
370 3915 585 3982 Saxonicam
609 3919 714 3982 altius
748 3929 923 4001 repetere.
981 3919 1181 3982 Damnetur
1209 3918 1294 3982 licet
1323 3919 1469 4000 regulus

192 4027 253 4088 ille
278 4023 435 4089 Saxonie
460 4035 496 4088 et
520 4045 642 4088 omnes
666 4027 726 4107 qui
750 4025 897 4088 factioni
920 4024 1001 4087 huic
1018 4025 1290 4107 adstipulantur,
1314 4033 1470 4088 attamen

191 4131 377 4196 Saxonum
400 4134 570 4214 populum
595 4133 655 4214 qui
680 4153 746 4196 neo
770 4131 952 4214 quippiam
976 4151 1056 4194 cum
1074 4133 1135 4213 illo
1152 4131 1373 4213 subditisque
1397 4131 1470 4195 suis

191 4239 387 4302 commertii
411 4240 520 4302 habet
544 4240 648 4303 detur
671 4239 776 4302 venia
801 4247 981 4320 oporteat3
1015 4239 1075 4320 qui
1106 4239 1265 4302 insontes
1295 4248 1378 4301 sunt
1400 4259 1469 4302 ma·

191 4357 302 4411 neant
324 4345 438 4409 illaesi
462 4354 498 4409 et
521 4348 567 4408 ab
591 4345 737 4408 infamia
759 4345 821 4408 illa
844 4345 1025 4408 immunes.
1074 4345 1268 4408 Praeterea
1290 4345 1470 4427 principes

191 4454 243 4517 illi
255 4453 394 4516 Misnae
408 4461 444 4515 et
453 4452 671 4535 'l'hyringiae
684 4451 772 4514 alias
785 4451 1010 4514 illustrissimi
1018 4451 1104 4515 nihil
1114 4452 1301 4532 possident
1309 4451 1345 4514 in
1358 4448 1469 4514 Saxo·

192 4561 251 4624 nia
265 4569 408 4643 praeter
423 4580 524 4622 arces
541 4561 711 4641 quasdam
736 4567 771 4622 et
786 4559 920 4642 oppida
934 4560 1005 4621 duo
1019 4557 1322 4640 Wittembergum
1336 4557 1471 4621 scilicet

192 4677 229 4732 et
252 4665 506 4747 Oeckbergum
530 4685 621 4747 quae
646 4673 767 4728 tantae
790 4686 904 4748 prope
930 4675 1012 4729 sunt
1036 4664 1180 4728 ditionis
1197 4673 1351 4748 quantae
1375 4665 1471 4746 apud

191 4774 302 4836 Italos
336 4769 503 4836 Sutrinae
537 4781 573 4834 et
607 4771 795 4855 Nepentis,
834 4792 927 4854 quae
956 4792 1024 4835 avo
1057 4792 1178 4835 eorum
1211 4771 1286 4834 eius
1321 4771 1470 4835 nominis

191 4881 221 4944 F
222 4879 374 4944 riderico
388 4879 434 4943 fe.
448 4901 496 4942 re.
525 4876 774 4962 Sigismundus
786 4879 986 4960 Imperator
1000 4899 1079 4942 eum
1095 4878 1197 4941 titulo
1212 4878 1273 4941 illo
1291 4878 1470 4942 Saxonico
