3425 5700
812 536 870 592 053
911 536 1058 595 reto*

295 683 486 768 improbati
521 685 606 747 sint:
641 683 796 766 ideoque
828 684 1021 747 Beatitudo
1056 682 1239 749 Pontificis
1275 706 1320 748 ex
1356 682 1475 749 officio
1510 705 1569 748 suo

295 794 416 876 papali
448 793 514 855 hos
547 812 669 855 onmes
701 792 813 855 libros
841 790 1052 873 gravissime
1082 792 1279 869 damnavit,
1314 803 1349 856 et
1381 794 1570 875 interdixit,

296 904 396 964 iuxta
426 910 585 963 tenorem
617 900 736 960 bullae
768 900 924 979 desuper
948 908 1150 960 emanatae:
1185 898 1239 961 Ex
1263 920 1332 980 quo
1357 911 1474 963 autem
1499 920 1570 977 nos,

295 1018 331 1069 et
354 1017 429 1069 tota
445 1005 680 1087 congregatio
696 1005 787 1067 sacri
804 1004 961 1066 Romani
980 1004 1133 1086 Imperii,
1157 1015 1320 1086 statuum,
1344 1008 1446 1071 huius
1463 1006 1571 1071 nostri

294 1124 491 1177 conventus
514 1111 570 1176 hic
590 1114 662 1193 jam
686 1112 916 1175 convenimus
941 1124 976 1174 et
1000 1113 1235 1175 conclusimus
1260 1116 1373 1177 nullas
1398 1136 1511 1178 novas
1526 1115 1571 1176 in-

294 1223 495 1302 ventiones,
524 1230 560 1283 et
583 1220 733 1299 alienas,
762 1238 824 1283 seu
848 1240 989 1283 errores
1012 1224 1048 1283 in
1073 1231 1194 1283 nostra
1218 1231 1341 1284 sancta
1364 1221 1448 1303 fide,
1479 1222 1571 1285 Chri-

293 1331 408 1393 stiana
432 1329 605 1409 doctrina,
631 1339 667 1391 et
693 1329 769 1391 eius
789 1327 926 1407 ritibus,
951 1337 986 1390 et
1008 1328 1149 1408 legibus
1164 1329 1342 1391 introduci
1358 1329 1572 1411 permittere,

294 1440 356 1501 sed
392 1437 461 1499 illis
495 1445 533 1497 ut
566 1434 677 1498 nostri
709 1444 876 1515 parentes
908 1445 945 1497 et
975 1435 1223 1517 progenitores
1255 1436 1371 1499 multis
1402 1456 1571 1499 annorum

293 1544 453 1607 centenis
477 1542 715 1621 crediderunt,
740 1553 776 1604 et
800 1544 1045 1621 observarunt,
1071 1556 1106 1605 et
1130 1542 1198 1625 ipsi
1223 1546 1372 1606 credunt
1395 1553 1432 1607 et
1455 1546 1572 1606 obser·

293 1661 378 1715 vant
400 1650 435 1712 in
461 1650 554 1711 hunc
570 1670 682 1729 usque
706 1659 909 1730 presentem
933 1649 1038 1731 diem,
1062 1651 1235 1713 adherere
1261 1660 1296 1713 et
1311 1670 1522 1732 permanere
1538 1649 1571 1711 in

293 1758 344 1821 eis
366 1759 481 1829 velle;
517 1755 621 1818 nobis
644 1765 762 1817 autem
785 1764 955 1837 tanquam
979 1757 1166 1835 advocatu,
1196 1758 1401 1838 protectori,
1433 1766 1469 1819 et
1493 1776 1571 1819 con-

293 1866 466 1927 servatori
497 1871 642 1925 sanctae
675 1862 897 1925 Christianae
922 1862 1123 1941 Ecclesiae,
1154 1874 1190 1925 et
1215 1863 1445 1945 Apostolicae
1479 1862 1572 1925 sedis

293 1968 519 2051 singulariter
543 1968 578 2030 in
602 1968 658 2030 his
681 1969 873 2049 providere
897 1970 1094 2033 incumbat:
1132 1970 1205 2033 Nos
1229 1969 1428 2051 praefatum
1454 1968 1558 2032 Marti

293 2099 375 2141 num
399 2076 592 2138 Lutherum
623 2076 787 2137 adhunc
810 2075 927 2137 locum
951 2076 1171 2157 vocavimuS,
1204 2077 1388 2159 eidemque
1412 2076 1571 2155 liberum,

293 2198 329 2249 et
360 2205 520 2248 securum
545 2185 681 2244 salvum
705 2183 919 2244 conductum
944 2182 1117 2245 adversus
1142 2204 1381 2265 quoscumque
1405 2182 1570 2245 veniendi

293 2295 361 2355 huc
386 2302 421 2355 et
444 2289 636 2354 recedendi
660 2288 741 2351 hinc
767 2288 942 2368 dedimus,
967 2298 1002 2351 et
1027 2290 1195 2371 misimuS,
1224 2290 1342 2353 animo
1365 2311 1444 2353 eum
1469 2290 1570 2353 inter·

292 2400 455 2481 rogandi,
479 2409 516 2461 et
540 2397 718 2476 audiendi,
742 2416 787 2458 an
808 2397 886 2477 ipse
903 2395 1102 2459 huiusmodi
1117 2400 1238 2479 verba,
1264 2398 1373 2461 libros
1389 2408 1424 2460 et
1441 2396 1571 2479 scripta

293 2505 512 2589 profiteatur,
537 2514 572 2566 et
596 2524 640 2566 an
664 2504 726 2566 illa
748 2524 932 2584 revocare,
957 2513 1017 2567 aut
1041 2504 1174 2567 eisdem
1198 2505 1361 2567 inherere
1385 2504 1482 2584 velit,
1507 2521 1570 2565 nec

293 2636 354 2678 ne:
379 2623 418 2676 ut
441 2612 571 2674 deinde
595 2610 699 2673 latius
723 2609 809 2672 fiant
833 2632 887 2689 ea,
912 2630 1002 2691 quae
1026 2612 1275 2674 convenientia
1290 2620 1393 2674 erunt
1409 2632 1475 2693 pro
1492 2630 1569 2672 con-

293 2720 485 2785 servandis·
501 2727 625 2780 sancta
647 2715 718 2779 fide
742 2727 875 2797 nostra,
900 2716 1045 2799 eiusque
1070 2718 1241 2799 doctrina,
1269 2718 1404 2799 ritibus,
1429 2729 1465 2781 et
1489 2718 1571 2799 legi·

292 2833 359 2894 bus
383 2827 580 2892 catholicae
601 2825 794 2904 Ecclesiae,
820 2834 855 2888 et
874 2826 1103 2907 Apostolicae
1128 2827 1232 2890 sedis.
1263 2825 1340 2908 Quo
1364 2846 1451 2890 vero
1468 2825 1570 2888 maio-

294 2939 391 3001 ribus
423 2936 620 3014 erroribus,
650 2953 692 2995 ac
724 2933 830 2996 variis
859 2933 1107 3014 incommodis,
1142 2955 1232 3016 quae
1265 2955 1309 2998 ex
1334 2937 1402 2998 hoc
1426 2933 1572 3016 negotio

293 3043 424 3109 exoriri
448 3041 675 3105 formidanda
699 3052 798 3119 sunt,
829 3043 1011 3122 obvietur,
1043 3044 1250 3105 mandamus
1275 3043 1376 3105 vobis
1400 3041 1572 3106 omnibus

294 3163 329 3214 et
361 3149 507 3214 cuilibet
539 3159 694 3210 vestrum
730 3148 917 3210 insolidum
952 3152 1018 3212 sub
1051 3148 1239 3230 fidelitate,
1281 3171 1322 3212 ac
1355 3148 1572 3228 iuramentis,

293 3259 421 3342 quibus
454 3254 574 3334 nobis,
607 3265 642 3317 et
676 3275 777 3317 sacro
801 3255 950 3337 imperio
975 3257 1059 3320 estis
1083 3257 1246 3338 obnoxii,
1281 3269 1316 3318 et
1340 3255 1491 3337 astricti,
1526 3277 1572 3318 ex

293 3366 459 3429 Romana
492 3362 669 3425 Caesarea
699 3372 878 3445 potestate
910 3362 1070 3426 districte
1104 3365 1365 3446 praecipientes
1397 3385 1462 3446 per
1494 3382 1572 3443 pre-

294 3480 423 3552 sentes,
449 3479 485 3532 et
508 3471 670 3532 volentes
694 3491 816 3534 omnes
841 3481 877 3532 et
900 3471 1059 3551 singulos
1075 3471 1186 3534 libros
1201 3483 1237 3534 et
1253 3471 1456 3552 scripturas,
1480 3490 1575 3551 quae

293 3600 405 3661 usque
435 3578 470 3640 in
498 3580 592 3640 hunc
616 3577 724 3660 diem,
753 3599 774 3640 a
804 3579 959 3641 Martino
985 3579 1159 3658 Luthero,
1195 3589 1231 3641 et
1254 3581 1319 3642 sub
1344 3599 1407 3641 suo
1431 3579 1576 3640 nomine

293 3698 365 3749 tarn
381 3685 506 3747 Latine
531 3705 636 3766 quam
651 3684 864 3748 Germanice
887 3686 1081 3767 praemisso
1101 3689 1204 3750 modo
1221 3687 1317 3767 editi,
1342 3685 1463 3766 scripti
1481 3695 1578 3765 sunt,

293 3803 400 3875 atque
429 3791 609 3872 impressi;
645 3786 811 3874 quoniam
836 3793 1005 3874 ejusmodi
1030 3814 1153 3857 omnes
1182 3793 1217 3856 in
1241 3792 1452 3874 Apostolica
1475 3794 1579 3854 bulla

294 3899 449 3963 damnati
478 3908 513 3961 et
542 3899 713 3980 prohibiti
738 3910 838 3979 sunt,
875 3910 911 3963 et
935 3902 1044 3963 multa
1067 3910 1191 3964 contra
1215 3909 1372 3963 nostram
1400 3903 1579 3963 hactenus

294 4005 474 4087 creditam,
504 4016 539 4068 et
563 4009 788 4069 observatam
813 4006 930 4084 fidem,
959 4010 1068 4089 legeS,
1094 4017 1129 4070 et
1152 4007 1240 4070 ritus
1264 4006 1455 4086 continent,
1480 4007 1580 4090 (Non

294 4115 475 4193 obstante,
511 4113 540 4176 si
571 4134 662 4196 quae
693 4113 727 4176 in
759 4113 936 4196 aliquibus
970 4115 1142 4178 eiusmodi
1174 4113 1273 4177 libris
1281 4163 1290 4196 ,
1326 4121 1360 4176 et
1391 4114 1583 4195 scripturis

294 4224 411 4283 bonae
434 4220 618 4283 doctrinae
643 4230 679 4283 et
701 4220 940 4286 institutiones
964 4222 1131 4285 inductae
1156 4231 1286 4302 essent,
1317 4230 1452 4284 attento
1477 4225 1581 4302 quod

295 4325 376 4388 illae
401 4325 470 4388 sint
493 4345 571 4388 cum
595 4327 714 4389 multis
736 4327 837 4389 malis
862 4327 1060 4410 permixtae
1085 4328 1285 4408 sententiiS,
1320 4337 1355 4391 et
1379 4327 1586 4414 erroribus)

294 4442 381 4514 quot
410 4443 497 4514 quot
520 4452 641 4495 eorum
671 4434 828 4514 habetis,
865 4434 1068 4497 nominatim
1092 4455 1173 4516 vos,
1206 4434 1264 4516 qui
1289 4433 1587 4518 superioritatem

295 4538 450 4617 habetis,
484 4537 518 4601 in
551 4538 680 4602 vestris
712 4540 873 4604 manibus
903 4541 1057 4622 propriis
1088 4541 1238 4604 servetis
1245 4589 1254 4623 ,
1289 4551 1324 4604 et
1353 4561 1417 4606 vos
1449 4541 1509 4604 alii
1543 4543 1587 4608 in

295 4645 457 4707 omnibus
481 4645 639 4726 arcibus,
663 4646 882 4728 civitatibus,
907 4647 1065 4730 oppidis,
1091 4657 1127 4711 et
1150 4647 1244 4711 villis
1268 4649 1467 4711 huiusmodi
1491 4652 1587 4714 scri-

295 4760 432 4832 pturas,
466 4762 501 4815 et
531 4753 641 4816 libros
673 4753 819 4817 cuilibet
846 4765 989 4818 nostrae
1013 4755 1269 4837 superioritati,
1300 4757 1335 4818 in
1360 4756 1593 4824 continentis

295 4859 349 4925 his
373 4858 499 4924 litteris
523 4859 607 4925 visis
629 4860 854 4948 presentetis,
887 4871 922 4926 et
946 4861 1120 4928 offeratis:
1161 4863 1206 4927 Et
1229 4863 1359 4929 deinde
1384 4884 1450 4927 vos
1474 4885 1590 4956 supe-

1688 232 1692 247 1

1690 341 1694 454 l
