3425 5700
783 571 1012 628 &hosp-⁰

256 721 293 782 id
317 720 412 802 quod
438 719 599 801 superius
623 720 669 782 de
694 717 836 781 Martini
861 717 961 780 libris
986 715 1125 794 audisti,
1150 716 1282 778 factum
1307 727 1371 793 est,
1396 735 1467 777 non
1490 713 1536 776 fa-

258 828 324 891 cile
349 828 490 908 quidem
515 815 643 889 alieubi
667 835 816 908 propter
835 825 1074 906 importunam
1088 825 1354 886 lutheranorum
1368 823 1450 902 vim,
1475 823 1537 884 sed

258 930 1539 1017 mmmwmoemfflmmmmwmfflfflfflmmwm

259 1035 1539 1123 mmmmmmfflfflmmmfflfflmfflfflmmm

257 1147 400 1229 pietatis
425 1147 679 1226 defensionem,
705 1147 866 1229 quamvis
890 1146 1067 1209 lutherani
1089 1146 1183 1208 hanc
1208 1154 1360 1207 mentem
1383 1152 1539 1207 nostram

257 1257 347 1317 male
372 1255 648 1336 interpretantes
674 1256 796 1318 dolore
820 1255 975 1336 quodam
999 1253 1102 1315 huius
1119 1251 1170 1316 rei
1186 1252 1451 1332 disrumpantur
1467 1249 1538 1331 (qui

257 1363 390 1425 utinam
422 1364 566 1426 tandem
595 1362 806 1444 resipiscant
838 1372 873 1424 et
897 1361 931 1423 in
957 1359 1138 1442 antiquam
1162 1369 1366 1440 rectamque
1391 1360 1541 1420 redeant

258 1469 372 1551 viam).
411 1469 512 1532 Nunc
537 1479 575 1531 ut
600 1490 730 1532 novum
755 1470 959 1532 mandatum
974 1466 1137 1531 Caesaris
1161 1466 1309 1530 consilio
1333 1475 1370 1528 et
1394 1485 1540 1528 assensu

258 1577 456 1658 principum
476 1578 638 1659 prodeat,
662 1588 883 1658 procuratur.
925 1575 1030 1656 Quod
1050 1595 1137 1638 vero
1156 1594 1240 1637 mox
1260 1560 1416 1636 futurum
1438 1573 1483 1634 sit
1505 1584 1542 1634 et

258 1703 361 1764 quem
378 1683 423 1746 sit
438 1704 495 1746 res
519 1683 597 1766 ipsa
622 1683 755 1746 exitum
778 1683 954 1762 habitura,
979 1702 1181 1744 successum
1197 1692 1387 1762 praeterea
1403 1679 1543 1742 consilii
1579 1667 1583 1677 ’

258 1802 293 1853 et
310 1812 441 1873 operae
458 1811 557 1854 meae
583 1791 667 1853 nulli
692 1811 807 1872 neque
832 1791 955 1872 obligo
980 1811 1095 1871 neque
1119 1789 1306 1871 polliceor;
1332 1795 1456 1868 utpote
1479 1787 1542 1868 qui

258 1898 361 1961 nobis
378 1897 520 1980 quidem
538 1907 681 1960 strenue
696 1898 940 1977 laborandum,
960 1900 1092 1960 bonum
1108 1907 1227 1961 autem
1242 1906 1409 1960 eventum
1424 1915 1445 1957 a
1459 1895 1541 1957 Deo

258 2026 422 2068 censeam
454 2005 707 2088 expetendum
742 2006 802 2086 qui
835 2005 865 2067 si
897 2025 966 2066 non
999 2023 1257 2086 usquequaque
1287 2011 1443 2065 autnon
1467 2013 1542 2064 tam

259 2113 329 2175 cito
353 2112 505 2175 fortasse
530 2122 568 2175 ut
592 2131 776 2193 speramus
800 2121 835 2174 et
860 2122 1023 2193 optamus
1047 2110 1199 2190 eveniat,
1223 2109 1310 2172 illud
1334 2129 1390 2171 me
1414 2111 1543 2171 saltem

258 2220 430 2282 solabitur
463 2220 558 2300 quod
590 2237 769 2299 cognosco
803 2239 857 2282 me
890 2219 1030 2281 sincero
1062 2218 1179 2280 animo
1212 2226 1247 2279 et
1278 2219 1356 2280 solo
1380 2215 1481 2297 pacis
1506 2225 1543 2277 et

259 2326 521 2408 tranquillitatis
554 2326 732 2388 desiderio
762 2328 853 2388 hane
879 2324 931 2410 (ut
954 2325 1031 2407 ipse
1057 2326 1190 2407 optime
1214 2324 1319 2405 nosti)
1344 2344 1415 2387 non
1438 2344 1461 2386 a
1483 2343 1544 2385 me

258 2433 440 2515 quesitam,
465 2436 528 2498 sed
553 2434 635 2498 mihi
660 2455 681 2496 a
704 2454 791 2496 vero
816 2433 914 2496 Petri
938 2453 1144 2496 successore
1169 2443 1204 2495 et
1223 2431 1353 2495 Christi
1376 2431 1411 2494 in
1435 2430 1544 2492 terris

258 2541 402 2622 vicario,
427 2544 582 2604 oblatam
607 2552 642 2603 et
665 2541 856 2602 iniunctam
879 2540 1110 2622 provinciam,
1136 2550 1173 2602 ut
1190 2541 1294 2602 decet
1309 2538 1542 2601 christianum

256 2649 435 2712 hominem
466 2659 502 2710 et
528 2647 670 2712 fidelem
695 2669 834 2712 servum
861 2668 930 2710 non
956 2647 1104 2710 invitum
1129 2648 1328 2729 suscepisse
1352 2655 1388 2710 et
1411 2645 1543 2708 fidelis·

258 2757 344 2819 sime
369 2755 709 2837 diligentissimeque
733 2765 919 2834 tractasse,
944 2757 1040 2837 quod
1064 2755 1227 2837 profecto
1251 2765 1289 2817 ut
1313 2753 1419 2817 etiam
1444 2753 1489 2814 de
1506 2762 1543 2814 te

259 2865 384 2927 sentio
420 2864 474 2927 lta
498 2884 603 2945 spero
628 2873 664 2926 et
687 2884 753 2945 pro
778 2874 961 2946 comperto
983 2865 1101 2925 habeo
1118 2864 1216 2926 Petri
1231 2862 1429 2925 naviculam
1448 2880 1544 2941 quae

259 2970 491 3034 Photinianas
516 2982 642 3053 syrteS,
667 2991 758 3051 quae
783 2971 962 3052 carybdes
986 2969 1218 3048 nestorianas,
1243 2989 1334 3050 quae
1355 2966 1543 3029 arrhianas

259 3080 527 3161 symplegadas,
564 3099 655 3160 quae
691 3078 844 3160 denique
880 3078 1033 3140 omnium
1069 3076 1328 3140 haereticorum
1361 3076 1544 3155 procellas

258 3188 431 3249 hactenus
461 3186 562 3266 vicit,
595 3186 700 3249 facile
732 3194 767 3248 et
797 3184 884 3249 istos
914 3186 1121 3247 lutheranos
1143 3182 1270 3245 fluctus
1294 3191 1544 3264 superaturam

260 3305 294 3355 et
321 3294 511 3355 lutherum
543 3293 657 3373 ipsum
690 3302 726 3355 et
757 3301 931 3374 quotquot
956 3292 1112 3354 Luthero
1136 3290 1260 3353 favent
1285 3300 1320 3353 et
1344 3290 1545 3351 adhaerent

259 3402 353 3463 haud
378 3400 427 3463 ita
451 3401 560 3463 multo
584 3407 667 3480 post
691 3398 834 3462 meritas
857 3400 1003 3461 daturos
1027 3417 1173 3479 poenas,

368 3508 475 3585 Vale,
510 3506 555 3571 mi
579 3506 679 3586 Ecci,
706 3516 740 3569 et
764 3526 829 3587 per
852 3506 1042 3569 amicitiam
1067 3516 1224 3568 nostram
1247 3506 1312 3566 has
1335 3502 1472 3565 litteras
1498 3524 1545 3566 ne

261 3617 424 3696 divulges
448 3615 511 3677 sed
535 3613 598 3677 tibi
623 3614 683 3675 uni
708 3623 744 3677 et
767 3614 890 3694 paucis
915 3612 1002 3691 aliis,
1027 3632 1116 3693 quos
1141 3614 1254 3674 bonos
1270 3610 1423 3689 noveris,
1448 3630 1544 3673 com-

260 3744 383 3786 munes
406 3722 518 3784 facias
542 3732 659 3803 atque,
685 3721 713 3783 si
739 3720 820 3783 mihi
846 3740 920 3782 rem
945 3719 1182 3801 gratissimam
1206 3718 1326 3781 facere
1341 3716 1453 3798 cupis,
1479 3738 1545 3780 eas

260 3849 405 3913 prorsus
447 3829 657 3910 supprimas.
722 3826 767 3889 Ni
802 3825 913 3889 facias
949 3847 1019 3889 non
1057 3836 1092 3888 te
1127 3830 1258 3888 bonum
1295 3823 1444 3887 amicum
1479 3844 1544 3904 pu-

259 3949 339 4002 tem.
379 3937 507 3999 lterum
532 3938 611 3999 vale
628 3934 712 3998 Ecci
738 3934 872 4017 (velint,
896 3934 1009 3996 nolint
1032 3933 1228 3996 adversarii
1250 3929 1315 4015 tui)
1335 3930 1545 4012 ingeniosis-

260 4046 345 4107 sime
370 4055 405 4107 et
430 4043 642 4108 doctissime.
693 4041 947 4123 Berbetomagi
972 4039 1200 4123 Vangionum
1224 4038 1316 4101 XIII
1341 4040 1424 4100 Kal.
1449 4036 1544 4101 Mar·

260 4152 327 4216 tias
350 4150 532 4216 MDXXI.
