3425 5700
641 597 888 658 wimiis

132 747 219 811 ionia
242 746 294 831 gli
318 747 370 811 sia
394 757 581 829 occupato,
605 766 642 812 et
674 748 704 812 si
735 747 752 811 ὲ
785 751 908 812 doluto
944 751 1010 813 che
1034 748 1201 814 instando
1226 749 1250 814 il
1274 749 1322 814 fin
1347 752 1405 814 del

133 875 388 937 compromesso
413 866 540 937 questa
564 856 661 918 dieta
685 856 721 917 di
753 856 927 920 Possonio
958 858 1053 920 vada
1087 857 1122 920 in
1154 857 1251 920 fumo
1275 858 1405 921 diman-

133 962 245 1026 dando
269 984 291 1025 a
314 963 386 1026 casi
411 963 487 1025 suoi
512 944 688 1044 oporiuno
712 963 876 1031 rimedio.
911 974 946 1028 et
979 965 1044 1027 che
1076 964 1100 1027 li
1125 964 1258 1046 arbitri,
1283 985 1304 1028 o
1329 967 1406 1029 loro

133 1069 305 1133 substituti
330 1070 564 1133 determinino
589 1080 716 1152 questa
744 1073 820 1133 lora
848 1069 1062 1134 defferentia
1078 1069 1294 1134 offerendosi
1311 1083 1405 1136 stare

134 1197 154 1237 a
174 1177 257 1258 ogni
281 1177 359 1240 loro
384 1177 677 1240 determinatione
685 1201 693 1252 ;
718 1177 755 1240 fu
780 1178 945 1259 rispost0‚
970 1179 1035 1240 che
1060 1179 1205 1241 dessero
1229 1177 1264 1241 in
1283 1181 1405 1242 scritto

134 1283 164 1345 le
186 1284 363 1364 dimande,
386 1303 451 1365 per
475 1283 605 1366 poterli
629 1287 947 1348 consultatamente
971 1285 1192 1366 rispondere.

217 1389 257 1452 In
282 1402 409 1472 questa
432 1411 540 1453 causa
563 1411 634 1454 non
658 1393 850 1454 manchard
875 1393 934 1454 dai
959 1391 1080 1454 debito
1105 1393 1175 1456 mio
1200 1394 1360 1456 mirando
1385 1411 1407 1456 a

137 1496 261 1560 servire
286 1499 385 1561 detto
409 1517 497 1579 gran
512 1497 681 1578 Maestro,
706 1517 762 1560 ma
786 1497 821 1560 di
845 1499 1005 1562 maniera
1030 1500 1096 1562 che
1120 1502 1202 1582 quel
1227 1500 1285 1563 Re
1311 1499 1405 1563 Chri-

138 1581 340 1668 stianidsimo
365 1617 400 1668 et
424 1607 555 1669 devoto
579 1607 624 1668 de
652 1607 689 1669 ia
723 1604 818 1670 Sede
848 1607 1060 1688 Apostolica
1095 1627 1164 1670 non
1199 1607 1251 1670 sia
1283 1608 1406 1689 offesO,

139 1712 166 1772 el
189 1714 290 1792 quale
314 1733 380 1794 per
403 1713 532 1775 essersi
556 1711 665 1776 molto
689 1709 897 1776 alontanato
922 1713 957 1775 di
982 1731 1052 1795 qua
1077 1724 1112 1776 et
1135 1733 1200 1796 per
1218 1735 1314 1776 esser
1334 1714 1406 1778 cosi

138 1816 266 1880 innanzi
289 1819 314 1881 il
332 1818 404 1881 fine
426 1821 469 1882 de
488 1822 523 1882 le
547 1831 674 1900 tregue
689 1817 812 1882 dubito
838 1820 950 1882 chesi
972 1819 1071 1902 possi
1084 1819 1162 1882 fare
1179 1839 1263 1883 cosa
1278 1823 1406 1902 bunna,

139 1935 171 1986 et
191 1925 300 2006 parmi
324 1929 468 2007 vedere,
492 1929 558 1991 che
583 1928 673 1990 ditto
687 1928 746 1991 Re
771 1927 922 1990 essendo
948 1936 1040 1990 stato
1064 1929 1173 1991 molta
1189 1929 1287 1990 volte
1307 1947 1407 1991 come

140 2031 242 2096 diluso
267 2034 313 2096 da
336 2035 438 2098 detto
462 2053 552 2116 gran
572 2035 731 2098 Maestro
755 2046 792 2098 et
816 2033 1044 2114 dannificato‚
1068 2035 1201 2097 habbia
1225 2034 1341 2097 animo
1371 2034 1407 2097 di

140 2140 301 2203 cacciarlo
325 2140 360 2203 in
384 2151 476 2203 tutto
502 2153 538 2203 et
561 2143 722 2221 segondo
748 2143 814 2204 che
844 2141 891 2204 mi
916 2141 996 2204 dica
1020 2141 1044 2203 il
1060 2141 1203 2204 Barone
1220 2141 1266 2202 ha
1290 2141 1407 2204 animo

140 2246 181 2308 de
201 2245 363 2311 riformar
387 2247 448 2330 poi
472 2259 563 2311 tutto
587 2251 709 2331 quello
733 2248 857 2312 ordine
887 2259 923 2311 et
952 2247 1135 2310 restituirli
1170 2247 1194 2309 il
1229 2258 1336 2325 tutt0‚
1373 2257 1410 2311 et

139 2349 216 2414 forsi
239 2375 309 2417 non
335 2357 415 2418 sara
439 2353 550 2437 male,
579 2355 710 2437 perche
744 2357 790 2417 da
821 2366 947 2438 questo
978 2355 1136 2417 Maestro
1166 2373 1234 2417 non
1261 2357 1354 2418 vedo
1379 2355 1408 2418 si

138 2479 236 2540 possa
258 2480 404 2543 sperare
430 2483 513 2526 cosa
537 2467 657 2526 buona
680 2474 874 2545 propterea
897 2464 962 2525 che
988 2463 1005 2525 ὁ
1031 2463 1244 2526 Lutherano.

218 2569 327 2632 Detto
352 2589 442 2651 gran
467 2571 625 2633 Maestro
649 2572 697 2634 ha
719 2572 890 2634 condutto
916 2569 975 2652 qui
999 2577 1034 2632 et
1057 2569 1153 2632 tiene
1176 2569 1211 2631 in
1237 2587 1300 2632 suo
1325 2589 1406 2632 con·

137 2672 233 2755 siglio
256 2697 329 2739 uno
353 2678 419 2739 che
443 2677 480 2739 fu
506 2677 677 2741 canonico
694 2678 947 2759 herbipolense
971 2676 1006 2739 in
1032 2677 1152 2756 sacris,
1178 2676 1237 2758 qui
1268 2686 1406 2758 aposta-

135 2781 219 2843 tavit
239 2793 275 2846 et
299 2783 401 2846 duxit
417 2804 576 2864 uxorem,
602 2785 635 2847 el
659 2785 763 2867 quale
780 2805 842 2848 era
863 2786 978 2848 ancho
995 2783 1030 2846 in
1042 2783 1291 2865 Nuremberga
1314 2803 1407 2865 seco,

134 2891 281 2967 promise
305 2892 384 2955 sino
408 2892 532 2956 aihora
555 2894 739 2955 mandarlo
764 2892 832 2972 via,
856 2902 893 2955 et
917 2892 954 2955 fu
977 2892 1135 2955 cacciato
1160 2890 1218 2952 del
1234 2890 1407 2971 consiglio

133 2995 310 3077 imperiale
331 2998 367 3061 di
380 2999 628 3081 Nuremberga
652 3002 744 3062 dove
760 3020 831 3061 non
852 3000 994 3062 volsero
1018 3000 1084 3060 che
1102 3016 1325 3078 comparesse
1343 3017 1408 3078 per

133 3103 195 3166 lui:
218 3104 261 3167 Di
284 3107 443 3170 maniera
467 3108 532 3169 che
555 3108 652 3170 forse
672 3106 742 3169 Dio
765 3106 800 3168 in
826 3115 952 3187 questo
978 3105 1082 3167 modo
1108 3105 1189 3167 vuol
1214 3103 1407 3185 castigarli‚

133 3222 167 3271 et
190 3212 333 3275 intendo
358 3214 436 3275 chel
453 3212 512 3275 Re
537 3213 573 3275 di
589 3214 740 3276 Polonia
763 3230 834 3294 puo
857 3213 950 3276 farlo
967 3210 1002 3275 in
1018 3232 1065 3273 un
1082 3220 1259 3273 momento
1285 3220 1320 3273 et
1335 3229 1407 3273 non

131 3316 260 3382 havere
282 3320 431 3382 timedio
456 3322 594 3383 alcuno.
619 3318 667 3383 Se
684 3319 730 3382 mi
745 3319 875 3402 parera
899 3328 1075 3400 oportuno
1100 3337 1200 3379 come
1224 3319 1337 3379 anche
1360 3318 1407 3381 ho

130 3423 248 3487 scritto
276 3428 448 3489 mandari>
471 3447 518 3489 un
542 3427 613 3489 mio
636 3427 714 3489 sino
737 3448 760 3489 a
783 3428 902 3508 quella
920 3424 1056 3487 Maesta
1072 3443 1136 3505 per
1151 3442 1264 3504 ponar
1279 3432 1408 3505 tregua

129 3548 148 3591 o
170 3550 261 3613 pace
284 3544 340 3595 tra
356 3535 444 3614 loro,
469 3543 504 3595 et
527 3533 623 3596 forse
648 3536 714 3597 che
729 3531 804 3596 Sua
817 3533 955 3595 Maesta
976 3533 1174 3595 essendone
1193 3530 1328 3592 chiesta
1343 3550 1408 3611 per

128 3649 230 3717 parte
253 3641 288 3703 di
311 3640 444 3703 Nostro
461 3639 615 3723 Signore
639 3642 674 3703 lo
697 3639 785 3706 fara.
826 3638 928 3702 Circa
952 3640 986 3701 lo
1001 3638 1181 3719 Episcopo
1198 3634 1407 3699 Sambiense

127 3766 197 3809 non
221 3748 268 3809 mi
283 3749 331 3810 ha
355 3750 468 3810 ancho
485 3748 653 3829 risposto;
679 3766 717 3810 se
734 3744 855 3809 avanti
870 3747 905 3808 lo
922 3744 1093 3826 expedire
1110 3742 1145 3805 di
1163 3752 1287 3823 questa
1304 3751 1408 3825 posta

127 3872 169 3914 ne
192 3853 380 3918 intendero
404 3856 495 3917 altro
519 3855 555 3917 lo
578 3856 718 3917 avisaro
743 3872 810 3915 con
834 3862 969 3933 queste,
995 3872 1033 3913 se
1058 3870 1126 3913 non
1153 3850 1188 3913 di
1211 3850 1282 3931 poi.

212 3962 274 4024 Ho
296 3962 420 4025 scritto
444 3963 478 4025 ai
501 3960 689 4023 Marchese
712 3959 873 4040 Joachim
898 3958 1081 4039 seguendo
1115 3965 1248 4038 quanto
1273 3955 1406 4019 Vostra

126 4066 294 4150 Signoria
316 4069 364 4131 mi
388 4068 544 4147 ricorde,
574 4078 609 4131 et
639 4069 687 4130 ho
717 4068 831 4130 anche
865 4065 950 4128 dato
973 4064 1105 4127 faculth
1130 4064 1200 4126 allo
1224 4062 1406 4145 Episcopo

125 4172 349 4258 cananense,
373 4194 529 4258 persona
543 4176 654 4237 molto
671 4176 717 4236 da
733 4176 826 4237 bene
850 4182 887 4235 et
910 4174 977 4235 che
993 4172 1039 4234 mi
1064 4172 1194 4251 enom,
1220 4170 1256 4232 di
1280 4180 1406 4251 potere

123 4284 321 4362 procedere
347 4292 472 4345 contra
495 4290 680 4364 apostatas
704 4291 739 4342 et
763 4279 950 4343 hereticos

207 4390 272 4453 Ho
305 4392 464 4452 anchora
497 4410 518 4451 a
546 4409 610 4451 soa
647 4388 878 4469 requisitione
913 4386 1004 4448 fatto
1038 4406 1108 4447 una
1139 4383 1405 4465 dispensatione

123 4497 381 4561 matrimoniale
406 4496 499 4559 inter
521 4494 633 4577 ipsius
655 4494 763 4557 filiam
792 4502 828 4557 et
851 4512 958 4555 unum
984 4514 1029 4557 ex
1053 4491 1212 4557 Ducibus
1237 4490 1404 4553 Brunsvi-

122 4605 292 4668 censibus
315 4604 375 4687 qui
400 4613 482 4666 sunt
506 4602 683 4665 coniuncti
706 4600 742 4665 in
767 4612 811 4680 3⁰.
838 4610 874 4663 et
899 4612 962 4679 4⁰.,
988 4609 1024 4661 et
1047 4598 1159 4680 gratis
1183 4617 1249 4680 per
1273 4607 1403 4659 mante-

121 4714 217 4777 nerlo
252 4713 293 4775 in
327 4713 363 4774 le
398 4713 517 4773 buone
550 4730 660 4793 opere
695 4710 775 4772 chel
804 4708 930 4789 saper
954 4708 988 4769 la
1017 4705 1100 4769 sede
1128 4712 1252 4767 contra
1276 4704 1404 4766 Luthe-

121 4820 193 4883 rani
216 4822 295 4884 alla
318 4820 402 4901 qual
425 4837 510 4881 cosa
533 4816 555 4879 l'
579 4819 626 4880 ho
650 4818 760 4879 molto
785 4814 1052 4877 efficacemente
1077 4813 1292 4875 exhortato.
1340 4858 1347 4874 .
1395 4856 1403 4873 .
