3425 5700
811 580 871 644 <ea
911 571 962 643 isi
1001 586 1059 644 es>

297 750 402 818 quum
429 731 661 799 Atrianorum
687 744 722 797 et
745 736 1008 817 Montanorum,
1034 736 1327 801 Photinianorum
1351 739 1434 803 item
1451 740 1569 803 Nesto-

295 826 474 907 riano‘rum
510 854 546 904 et
569 842 902 923 Euthichianorum,
941 854 976 905 et
1009 843 1157 907 aliorum
1192 846 1430 910 hereticorum
1454 848 1572 928 libros,

295 952 355 1034 pia
380 963 416 1013 et
439 950 615 1013 catholica
640 952 748 1013 multa
779 948 1003 1012 continentes
1034 950 1203 1032 religiosa
1227 954 1405 1016 exusserit
1427 954 1570 1036 antiqui·

295 1068 361 1121 tas.
409 1058 513 1120 Nulla
538 1058 630 1121 enim
648 1066 702 1119 est
725 1058 771 1119 ad
795 1057 990 1119 fallendum
1007 1056 1187 1120 efficacior
1201 1059 1364 1123 doctrina
1379 1081 1485 1142 quam
1509 1082 1573 1142 que

296 1166 413 1229 multis
436 1165 542 1239 veris,
567 1184 683 1247 pauca
706 1164 797 1226 falsa
820 1164 978 1227 misceat.
1026 1163 1094 1245 Qui
1118 1176 1235 1228 autem
1267 1178 1448 1250 postremo
1472 1180 1510 1232 te
1533 1190 1573 1231 eo

295 1273 425 1355 recipis
449 1284 485 1335 et
508 1272 672 1353 confugis
694 1271 857 1350 Martine,
883 1292 953 1353 quo
977 1292 1100 1335 omnes
1122 1272 1270 1336 heretici
1295 1294 1333 1337 se
1357 1275 1518 1357 recipere
1542 1286 1573 1338 et

295 1381 492 1461 confugere
520 1386 798 1451 consueverunt;
834 1386 997 1459 paratum
1021 1378 1157 1441 scilicet
1181 1400 1260 1443 esse
1284 1392 1337 1463 te,
1369 1404 1446 1445 cum
1471 1385 1573 1447 homo

296 1488 355 1567 sis,
379 1486 439 1569 qui
452 1486 525 1548 labi
550 1495 585 1549 et
611 1485 685 1549 falli
709 1485 835 1566 possiS,
860 1506 881 1548 a
905 1505 1128 1567 quocumque
1153 1494 1287 1551 summo
1311 1490 1368 1552 vel
1385 1488 1508 1553 infimo
1532 1512 1573 1552 ex

296 1594 406 1657 sacris
429 1594 556 1656 litteris
578 1592 865 1656 informationem
882 1592 1054 1674 recipere,
1078 1593 1253 1657 neminem
1271 1604 1389 1658 tamen
1406 1598 1576 1660 hactenus

296 1700 423 1779 fuisse,
452 1702 512 1781 qui
535 1701 571 1762 id
595 1699 715 1763 facere
739 1709 968 1781 temptasset,
1006 1720 1134 1779 equum
1159 1710 1332 1782 putarem,
1358 1704 1452 1784 quod
1478 1704 1574 1784 dicis

295 1811 324 1872 si
349 1830 421 1872 non
446 1828 568 1871 omnes
592 1806 740 1870 heretici
763 1806 857 1869 idem
883 1827 1024 1888 semper
1047 1806 1268 1870 fastitassent
1303 1819 1339 1872 et
1361 1810 1389 1871 si
1406 1830 1477 1873 non
1496 1831 1575 1893 que-

295 1918 520 1979 madmodum
546 1924 581 1976 et
604 1914 685 1995 ipsi,
709 1923 746 1976 tu
771 1934 836 1995 pro
862 1914 1009 1977 arbitrio
1035 1924 1070 1977 et
1093 1912 1144 1977 tui
1168 1915 1295 1997 capitis
1318 1926 1432 1998 motu,
1456 1939 1576 1981 sacras

295 2025 433 2086 litteras
456 2022 657 2084 intellectas
682 2042 761 2083 esse
784 2021 891 2099 velis,
922 2020 1022 2102 sique
1046 2042 1218 2085 novarum
1241 2033 1377 2087 tantum
1401 2028 1577 2105 heresum,

296 2141 331 2192 et
355 2152 425 2193 non
442 2130 511 2192 iam
526 2130 658 2190 dudum
672 2129 989 2190 condemnatorum
1004 2139 1161 2191 assertor
1173 2130 1384 2193 accessisses
1394 2120 1408 2204 ;Ι
1426 2133 1578 2213 plurima

295 2238 390 2301 enim
413 2257 536 2299 eorum
560 2256 628 2316 que
654 2234 802 2297 adducis
825 2235 1071 2317 Pegardorum
1094 2246 1185 2315 sunt,
1210 2236 1456 2301 Waldensium
1485 2250 1576 2318 sunt,

296 2345 497 2424 Pauperum
522 2343 567 2403 de
584 2342 760 2423 Lugduno
785 2352 877 2417 sunt,
904 2340 1053 2403 Wicleff
1069 2352 1105 2404 et
1121 2342 1254 2424 Huysz,
1279 2352 1315 2407 et
1336 2344 1486 2412 aliorum
1508 2346 1575 2409 iam

295 2453 427 2512 dudum
452 2448 658 2512 sinodaliter
683 2450 833 2528 explose
858 2450 1013 2511 hereses
1061 2449 1144 2529 ista,
1169 2470 1213 2513 ne
1229 2450 1399 2514 refricare
1422 2452 1458 2516 in
1474 2473 1577 2535 ques-

295 2560 426 2621 tionem
452 2565 488 2617 et
512 2555 787 2637 disputationem
812 2555 954 2617 trahere
988 2558 1153 2637 oportet?
1178 2577 1246 2637 que
1272 2557 1433 2621 Ecclesia
1448 2559 1576 2623 Catho-

295 2667 364 2728 lica
384 2662 597 2746 judicialiter
622 2661 882 2736 determinavit,
908 2682 976 2742 que
1000 2661 1035 2723 in
1053 2682 1147 2742 usus,
1172 2662 1259 2726 ritus
1275 2675 1310 2726 et
1328 2667 1578 2729 observantias

295 2772 521 2849 transierunt,
546 2790 615 2850 que
639 2779 760 2852 patres
783 2768 893 2831 nostri
918 2779 1016 2831 certa
1038 2767 1108 2831 fide
1134 2780 1332 2853 tenuerunt,
1357 2793 1423 2855 pro
1448 2774 1578 2856 quibus

295 2883 392 2944 nulla
425 2900 495 2941 non
529 2898 723 2959 poenarum
749 2895 893 2956 genera,
918 2879 1015 2939 nulla
1039 2897 1108 2940 non
1135 2887 1311 2941 tormenta
1335 2882 1578 2962 pertulissent,

277 2989 400 3064 ‚immo
436 2987 530 3048 mille
566 2994 698 3047 mortes
732 2984 833 3046 ritius
874 2984 1083 3066 subiissent,
1129 3005 1233 3067 quam
1267 3007 1410 3068 quaqua
1451 3009 1579 3051 versus

295 3095 435 3158 abillis
466 3093 721 3164 declinassent;
756 3101 792 3153 et
823 3104 858 3153 tu
894 3112 958 3154 nos
983 3113 1004 3154 a
1028 3093 1172 3173 semita,
1206 3113 1276 3174 qua
1307 3102 1429 3175 patres
1453 3096 1577 3174 nostri,

295 3178 447 3263 fideliter
471 3201 693 3261 incesserunt
716 3198 770 3260 vis
794 3198 1024 3261 deorbitare?

385 3307 478 3387 Quid
503 3307 592 3367 haec
616 3305 804 3367 audientes
829 3305 949 3367 dicent
972 3306 1086 3385 Judei,
1111 3307 1196 3387 quid
1220 3308 1346 3387 'l'urce,
1372 3310 1455 3391 quid
1472 3307 1578 3373 Sara·

295 3413 374 3475 ceni
398 3421 434 3474 et
456 3412 526 3474 alie
550 3422 649 3474 secte
672 3409 754 3474 fidei
776 3423 897 3474 nostre
913 3415 1167 3476 adversantes?
1215 3414 1328 3496 Quam
1352 3419 1580 3480 solverentur

295 3521 330 3583 in
366 3521 551 3582 cachinosl
590 3538 695 3601 quam
729 3522 1007 3581 subsannarent!
1042 3541 1134 3583 nunc
1168 3522 1317 3602 primum
1356 3523 1580 3587 Christianos

295 3628 477 3709 disputare
511 3647 594 3704 nos,
630 3647 673 3688 an
710 3628 882 3688 hactenus
917 3637 1015 3689 recte
1049 3628 1311 3691 crediderimus.
1359 3629 1439 3691 Noli
1465 3652 1579 3712 queso

294 3733 465 3812 Martine,
501 3733 573 3795 noli
598 3732 662 3794 tibi
687 3752 875 3815 arrogare,
914 3735 1008 3814 quod
1034 3744 1071 3796 tu
1096 3735 1163 3814 sis,
1197 3747 1233 3797 tu
1258 3735 1402 3817 inquam
1426 3757 1518 3800 unus
1543 3750 1580 3800 et

293 3842 389 3903 solus
413 3841 472 3919 sis,
497 3840 556 3922 qui
580 3840 763 3902 scientiam
787 3839 1042 3921 scripturarum
1066 3842 1219 3921 habeas,
1245 3842 1304 3924 qui
1328 3863 1450 3904 verum
1475 3863 1580 3907 sacre

293 3949 469 4029 scripture
486 3967 626 4010 sensum
645 3949 784 4009 teneas!
810 3967 913 4028 quem
933 3948 1159 4011 sacratissimi
1174 3949 1339 4012 doctores
1356 3949 1391 4011 in
1408 3951 1580 4032 explana-

294 4056 390 4118 tione
415 4055 678 4135 scripturarum,
704 4054 829 4115 diebus
850 4057 1020 4116 sudantes
1045 4065 1079 4117 et
1104 4044 1278 4136 noctibuS,
1304 4077 1435 4139 magno
1453 4059 1579 4120 labore

294 4173 330 4225 et
353 4163 470 4224 studio
494 4163 675 4224 consecuti
699 4171 789 4224 sunt.

383 4269 437 4332 Ne
458 4268 742 4350 juditiumtuum
766 4277 819 4330 tot
842 4267 1047 4331 clarissimis
1071 4269 1155 4332 viris
1179 4269 1416 4351 preposueriS,
1446 4292 1490 4333 ne
1510 4271 1578 4333 tibi

294 4379 374 4459 plus
409 4376 572 4439 omnibus
607 4395 735 4456 sapere
769 4375 941 4452 videariS,
976 4397 1020 4437 ne
1046 4377 1302 4439 sanctissimam
1327 4376 1433 4439 fidem
1459 4381 1564 4440 ortho

294 4485 424 4546 doxam
460 4483 494 4545 in
529 4483 672 4545 dubium
704 4481 947 4562 revocaveris,
983 4503 1086 4562 quam
1112 4483 1272 4547 Christus
1296 4483 1579 4567 perfectissimus

293 4591 479 4673 legislator
503 4589 663 4669 instituit,
689 4589 855 4671 Apostoli
878 4610 943 4671 per
959 4591 1082 4653 orbem
1099 4600 1271 4655 terrarum
1288 4592 1578 4673 divulgaverunt,

294 4699 462 4760 miracula
480 4698 758 4775 elucidaverunt,
782 4697 949 4759 Martires
964 4698 1105 4759 rubenti
1121 4699 1293 4781 sanguine
1310 4697 1578 4776 confirmarunt,

294 4825 399 4886 quam
429 4804 558 4866 deinde
588 4804 677 4866 sacri
704 4806 869 4866 doctores
893 4804 1149 4885 prophetarum
1173 4808 1325 4867 obscura
1348 4803 1577 4882 disserentes,

293 4922 330 4974 et
352 4924 424 4975 tam
449 4912 531 4974 novi
556 4933 661 4993 quam
685 4911 816 4974 veteris
832 4910 1055 4973 instrumenti
1070 4913 1272 4974 revelantes
1288 4912 1442 4976 maxima
1460 4931 1575 4975 sacra·
