<?xml version="1.0" encoding="UTF-8"?>
<!DOCTYPE html PUBLIC "-//W3C//DTD XHTML 1.0 Transitional//EN"
    "http://www.w3.org/TR/xhtml1/DTD/xhtml1-transitional.dtd">
<html xmlns="http://www.w3.org/1999/xhtml" xml:lang="en" lang="en">
 <head>
  <title>
</title>
<meta http-equiv="Content-Type" content="text/html;charset=utf-8" />
  <meta name='ocr-system' content='tesseract 3.04.00' />
  <meta name='ocr-capabilities' content='ocr_page ocr_carea ocr_par ocr_line ocrx_word'/>
</head>
<body>
  <div class='ocr_page' id='page_1' title='image "./monumentareform00unkngoog_0400.png"; bbox 0 0 3425 5700; ppageno 0'>
   <div class='ocr_carea' id='block_1_1' title="bbox 810 580 1058 645">
    <p class='ocr_par' dir='ltr' id='par_1_1' title="bbox 810 580 1058 645">
     <span class='ocr_line' id='line_1_1' title="bbox 810 580 1058 645; baseline 0.004 -3"><span class='ocrx_word' id='word_1_1' title='bbox 810 580 1058 645; x_wconf 46' lang='lat' dir='ltr'>setoso*</span> 
     </span>
    </p>
   </div>
   <div class='ocr_carea' id='block_1_2' title="bbox 294 730 1580 2849">
    <p class='ocr_par' dir='ltr' id='par_1_2' title="bbox 294 730 1580 2849">
     <span class='ocr_line' id='line_1_2' title="bbox 294 730 1570 818; baseline -0.005 -19"><span class='ocrx_word' id='word_1_2' title='bbox 294 757 365 800; x_wconf 92' lang='lat' dir='ltr'>non</span> <span class='ocrx_word' id='word_1_3' title='bbox 389 756 513 818; x_wconf 91' lang='lat' dir='ltr'>parum</span> <span class='ocrx_word' id='word_1_4' title='bbox 529 734 646 798; x_wconf 85' lang='lat' dir='ltr'>obfuit</span> <span class='ocrx_word' id='word_1_5' title='bbox 660 734 841 798; x_wconf 86' lang='lat' dir='ltr'>institutae</span> <span class='ocrx_word' id='word_1_6' title='bbox 855 756 955 799; x_wconf 89' lang='lat' dir='ltr'>meae</span> <span class='ocrx_word' id='word_1_7' title='bbox 970 743 1095 798; x_wconf 89' lang='lat' dir='ltr'>contra</span> <span class='ocrx_word' id='word_1_8' title='bbox 1118 732 1263 816; x_wconf 89' lang='lat' dir='ltr'>impium</span> <span class='ocrx_word' id='word_1_9' title='bbox 1278 734 1431 795; x_wconf 88' lang='lat' dir='ltr'>Turcam</span> <span class='ocrx_word' id='word_1_10' title='bbox 1455 730 1570 794; x_wconf 83' lang='lat' dir='ltr'>defen·</span> 
     </span>
     <span class='ocr_line' id='line_1_3' title="bbox 294 838 1572 925; baseline -0.005 -19"><span class='ocrx_word' id='word_1_11' title='bbox 294 842 396 923; x_wconf 93' lang='lat' dir='ltr'>sioni,</span> <span class='ocrx_word' id='word_1_12' title='bbox 422 842 480 925; x_wconf 92' lang='lat' dir='ltr'>qui</span> <span class='ocrx_word' id='word_1_13' title='bbox 504 843 631 905; x_wconf 91' lang='lat' dir='ltr'>crebro</span> <span class='ocrx_word' id='word_1_14' title='bbox 654 843 807 924; x_wconf 92' lang='lat' dir='ltr'>populos</span> <span class='ocrx_word' id='word_1_15' title='bbox 829 862 929 905; x_wconf 90' lang='lat' dir='ltr'>meos</span> <span class='ocrx_word' id='word_1_16' title='bbox 952 850 1063 905; x_wconf 84' lang='lat' dir='ltr'>vexat</span> <span class='ocrx_word' id='word_1_17' title='bbox 1085 841 1199 920; x_wconf 90' lang='lat' dir='ltr'>clade,</span> <span class='ocrx_word' id='word_1_18' title='bbox 1223 838 1404 920; x_wconf 78' lang='lat' dir='ltr'>incendio.</span> <span class='ocrx_word' id='word_1_19' title='bbox 1428 838 1572 921; x_wconf 88' lang='lat' dir='ltr'>praeda,</span> 
     </span>
     <span class='ocr_line' id='line_1_4' title="bbox 295 944 1572 1032; baseline -0.004 -20"><span class='ocrx_word' id='word_1_20' title='bbox 295 948 592 1032; x_wconf 84' lang='lat' dir='ltr'>depopulatione,</span> <span class='ocrx_word' id='word_1_21' title='bbox 622 948 720 1011; x_wconf 92' lang='lat' dir='ltr'>cuius</span> <span class='ocrx_word' id='word_1_22' title='bbox 744 958 844 1011; x_wconf 88' lang='lat' dir='ltr'>tanta</span> <span class='ocrx_word' id='word_1_23' title='bbox 868 957 923 1012; x_wconf 87' lang='lat' dir='ltr'>est</span> <span class='ocrx_word' id='word_1_24' title='bbox 945 948 1122 1031; x_wconf 90' lang='lat' dir='ltr'>potentia,</span> <span class='ocrx_word' id='word_1_25' title='bbox 1151 957 1191 1011; x_wconf 91' lang='lat' dir='ltr'>ut</span> <span class='ocrx_word' id='word_1_26' title='bbox 1213 946 1263 1009; x_wconf 93' lang='lat' dir='ltr'>illi</span> <span class='ocrx_word' id='word_1_27' title='bbox 1288 965 1376 1027; x_wconf 84' lang='lat' dir='ltr'>ego,</span> <span class='ocrx_word' id='word_1_28' title='bbox 1407 946 1436 1009; x_wconf 91' lang='lat' dir='ltr'>si</span> <span class='ocrx_word' id='word_1_29' title='bbox 1470 944 1572 1008; x_wconf 90' lang='lat' dir='ltr'>etiam</span> 
     </span>
     <span class='ocr_line' id='line_1_5' title="bbox 294 1052 1573 1137; baseline -0.002 -18"><span class='ocrx_word' id='word_1_30' title='bbox 294 1077 352 1120; x_wconf 91' lang='lat' dir='ltr'>res</span> <span class='ocrx_word' id='word_1_31' title='bbox 375 1076 476 1119; x_wconf 88' lang='lat' dir='ltr'>meae</span> <span class='ocrx_word' id='word_1_32' title='bbox 500 1063 619 1118; x_wconf 86' lang='lat' dir='ltr'>essent</span> <span class='ocrx_word' id='word_1_33' title='bbox 642 1057 750 1137; x_wconf 87' lang='lat' dir='ltr'>longe</span> <span class='ocrx_word' id='word_1_34' title='bbox 772 1053 1032 1136; x_wconf 88' lang='lat' dir='ltr'>florentissime,</span> <span class='ocrx_word' id='word_1_35' title='bbox 1056 1074 1122 1136; x_wconf 91' lang='lat' dir='ltr'>par</span> <span class='ocrx_word' id='word_1_36' title='bbox 1146 1073 1226 1118; x_wconf 91' lang='lat' dir='ltr'>esse</span> <span class='ocrx_word' id='word_1_37' title='bbox 1242 1072 1427 1136; x_wconf 84' lang='lat' dir='ltr'>nequeam.</span> <span class='ocrx_word' id='word_1_38' title='bbox 1475 1052 1573 1116; x_wconf 90' lang='lat' dir='ltr'>Cum·</span> 
     </span>
     <span class='ocr_line' id='line_1_6' title="bbox 296 1159 1573 1245; baseline -0.004 -19"><span class='ocrx_word' id='word_1_39' title='bbox 296 1184 364 1245; x_wconf 89' lang='lat' dir='ltr'>que</span> <span class='ocrx_word' id='word_1_40' title='bbox 382 1182 495 1245; x_wconf 88' lang='lat' dir='ltr'>nuper</span> <span class='ocrx_word' id='word_1_41' title='bbox 515 1162 700 1225; x_wconf 88' lang='lat' dir='ltr'>recensitis</span> <span class='ocrx_word' id='word_1_42' title='bbox 724 1161 857 1225; x_wconf 89' lang='lat' dir='ltr'>viribus</span> <span class='ocrx_word' id='word_1_43' title='bbox 880 1162 978 1242; x_wconf 87' lang='lat' dir='ltr'>meis,</span> <span class='ocrx_word' id='word_1_44' title='bbox 1003 1162 1138 1225; x_wconf 89' lang='lat' dir='ltr'>cunctis</span> <span class='ocrx_word' id='word_1_45' title='bbox 1153 1160 1311 1224; x_wconf 87' lang='lat' dir='ltr'>viderem</span> <span class='ocrx_word' id='word_1_46' title='bbox 1328 1180 1389 1223; x_wconf 86' lang='lat' dir='ltr'>eas</span> <span class='ocrx_word' id='word_1_47' title='bbox 1413 1159 1573 1222; x_wconf 89' lang='lat' dir='ltr'>omnibus</span> 
     </span>
     <span class='ocr_line' id='line_1_7' title="bbox 295 1265 1573 1351; baseline -0.003 -18"><span class='ocrx_word' id='word_1_48' title='bbox 295 1270 398 1334; x_wconf 90' lang='lat' dir='ltr'>simul</span> <span class='ocrx_word' id='word_1_49' title='bbox 414 1268 569 1333; x_wconf 90' lang='lat' dir='ltr'>numeris</span> <span class='ocrx_word' id='word_1_50' title='bbox 582 1289 803 1351; x_wconf 89' lang='lat' dir='ltr'>nequaquam</span> <span class='ocrx_word' id='word_1_51' title='bbox 819 1268 984 1332; x_wconf 86' lang='lat' dir='ltr'>sufficere</span> <span class='ocrx_word' id='word_1_52' title='bbox 999 1289 1077 1332; x_wconf 91' lang='lat' dir='ltr'>cum</span> <span class='ocrx_word' id='word_1_53' title='bbox 1093 1290 1160 1351; x_wconf 93' lang='lat' dir='ltr'>pro</span> <span class='ocrx_word' id='word_1_54' title='bbox 1173 1265 1348 1349; x_wconf 91' lang='lat' dir='ltr'>ponendis</span> <span class='ocrx_word' id='word_1_55' title='bbox 1365 1265 1573 1349; x_wconf 86' lang='lat' dir='ltr'>opportunis</span> 
     </span>
     <span class='ocr_line' id='line_1_8' title="bbox 294 1372 1572 1460; baseline -0.005 -19"><span class='ocrx_word' id='word_1_56' title='bbox 294 1377 481 1460; x_wconf 83' lang='lat' dir='ltr'>praesidiis</span> <span class='ocrx_word' id='word_1_57' title='bbox 505 1376 600 1440; x_wconf 88' lang='lat' dir='ltr'>circa</span> <span class='ocrx_word' id='word_1_58' title='bbox 628 1378 708 1439; x_wconf 91' lang='lat' dir='ltr'>loca</span> <span class='ocrx_word' id='word_1_59' title='bbox 738 1375 929 1439; x_wconf 89' lang='lat' dir='ltr'>discrimini</span> <span class='ocrx_word' id='word_1_60' title='bbox 963 1376 1147 1458; x_wconf 86' lang='lat' dir='ltr'>exposita,</span> <span class='ocrx_word' id='word_1_61' title='bbox 1174 1383 1248 1437; x_wconf 92' lang='lat' dir='ltr'>tum</span> <span class='ocrx_word' id='word_1_62' title='bbox 1278 1393 1344 1455; x_wconf 92' lang='lat' dir='ltr'>pro</span> <span class='ocrx_word' id='word_1_63' title='bbox 1375 1372 1572 1436; x_wconf 91' lang='lat' dir='ltr'>cohibendo</span> 
     </span>
     <span class='ocr_line' id='line_1_9' title="bbox 295 1480 1574 1567; baseline -0.005 -18"><span class='ocrx_word' id='word_1_64' title='bbox 295 1484 455 1549; x_wconf 91' lang='lat' dir='ltr'>ulteriori</span> <span class='ocrx_word' id='word_1_65' title='bbox 486 1484 620 1567; x_wconf 91' lang='lat' dir='ltr'>impetu</span> <span class='ocrx_word' id='word_1_66' title='bbox 652 1492 688 1546; x_wconf 87' lang='lat' dir='ltr'>et</span> <span class='ocrx_word' id='word_1_67' title='bbox 711 1484 830 1546; x_wconf 89' lang='lat' dir='ltr'>hostili</span> <span class='ocrx_word' id='word_1_68' title='bbox 859 1483 1062 1547; x_wconf 88' lang='lat' dir='ltr'>incursione</span> <span class='ocrx_word' id='word_1_69' title='bbox 1085 1483 1131 1545; x_wconf 94' lang='lat' dir='ltr'>ad</span> <span class='ocrx_word' id='word_1_70' title='bbox 1163 1480 1351 1545; x_wconf 90' lang='lat' dir='ltr'>interiores</span> <span class='ocrx_word' id='word_1_71' title='bbox 1374 1480 1574 1562; x_wconf 87' lang='lat' dir='ltr'>provincias</span> 
     </span>
     <span class='ocr_line' id='line_1_10' title="bbox 296 1586 1573 1673; baseline -0.005 -18"><span class='ocrx_word' id='word_1_72' title='bbox 296 1612 410 1673; x_wconf 90' lang='lat' dir='ltr'>meas,</span> <span class='ocrx_word' id='word_1_73' title='bbox 441 1610 590 1673; x_wconf 89' lang='lat' dir='ltr'>quarum</span> <span class='ocrx_word' id='word_1_74' title='bbox 613 1588 773 1671; x_wconf 88' lang='lat' dir='ltr'>pomeria</span> <span class='ocrx_word' id='word_1_75' title='bbox 797 1590 865 1652; x_wconf 88' lang='lat' dir='ltr'>iam</span> <span class='ocrx_word' id='word_1_76' title='bbox 890 1590 1008 1652; x_wconf 85' lang='lat' dir='ltr'>rabies</span> <span class='ocrx_word' id='word_1_77' title='bbox 1031 1590 1093 1653; x_wconf 91' lang='lat' dir='ltr'>illa</span> <span class='ocrx_word' id='word_1_78' title='bbox 1116 1588 1337 1652; x_wconf 87' lang='lat' dir='ltr'>ferocissima</span> <span class='ocrx_word' id='word_1_79' title='bbox 1360 1586 1498 1669; x_wconf 83' lang='lat' dir='ltr'>attigit,</span> <span class='ocrx_word' id='word_1_80' title='bbox 1531 1589 1573 1650; x_wconf 88' lang='lat' dir='ltr'>ad</span> 
     </span>
     <span class='ocr_line' id='line_1_11' title="bbox 296 1694 1574 1779; baseline -0.004 -18"><span class='ocrx_word' id='word_1_81' title='bbox 296 1698 501 1779; x_wconf 84' lang='lat' dir='ltr'>expetenda</span> <span class='ocrx_word' id='word_1_82' title='bbox 529 1705 680 1759; x_wconf 83' lang='lat' dir='ltr'>externa</span> <span class='ocrx_word' id='word_1_83' title='bbox 711 1696 845 1759; x_wconf 82' lang='lat' dir='ltr'>auxilia</span> <span class='ocrx_word' id='word_1_84' title='bbox 869 1696 1026 1779; x_wconf 86' lang='lat' dir='ltr'>confugi,</span> <span class='ocrx_word' id='word_1_85' title='bbox 1050 1696 1130 1778; x_wconf 88' lang='lat' dir='ltr'>ipsa</span> <span class='ocrx_word' id='word_1_86' title='bbox 1152 1694 1376 1775; x_wconf 84' lang='lat' dir='ltr'>necessitate,</span> <span class='ocrx_word' id='word_1_87' title='bbox 1400 1696 1499 1757; x_wconf 89' lang='lat' dir='ltr'>nulla</span> <span class='ocrx_word' id='word_1_88' title='bbox 1517 1714 1574 1757; x_wconf 92' lang='lat' dir='ltr'>vo·</span> 
     </span>
     <span class='ocr_line' id='line_1_12' title="bbox 296 1801 1573 1885; baseline -0.004 -17"><span class='ocrx_word' id='word_1_89' title='bbox 296 1807 431 1868; x_wconf 90' lang='lat' dir='ltr'>luntate</span> <span class='ocrx_word' id='word_1_90' title='bbox 455 1803 612 1884; x_wconf 88' lang='lat' dir='ltr'>adactus,</span> <span class='ocrx_word' id='word_1_91' title='bbox 638 1801 667 1865; x_wconf 89' lang='lat' dir='ltr'>si</span> <span class='ocrx_word' id='word_1_92' title='bbox 691 1803 797 1865; x_wconf 89' lang='lat' dir='ltr'>modo</span> <span class='ocrx_word' id='word_1_93' title='bbox 822 1812 974 1867; x_wconf 86' lang='lat' dir='ltr'>externa</span> <span class='ocrx_word' id='word_1_94' title='bbox 997 1802 1172 1885; x_wconf 90' lang='lat' dir='ltr'>appellari</span> <span class='ocrx_word' id='word_1_95' title='bbox 1197 1804 1331 1865; x_wconf 88' lang='lat' dir='ltr'>debent</span> <span class='ocrx_word' id='word_1_96' title='bbox 1354 1820 1446 1883; x_wconf 90' lang='lat' dir='ltr'>quae</span> <span class='ocrx_word' id='word_1_97' title='bbox 1474 1822 1497 1863; x_wconf 90' lang='lat' dir='ltr'>a</span> <span class='ocrx_word' id='word_1_98' title='bbox 1520 1822 1573 1863; x_wconf 89' lang='lat' dir='ltr'>me</span> 
     </span>
     <span class='ocr_line' id='line_1_13' title="bbox 297 1908 1574 1991; baseline -0.002 -17"><span class='ocrx_word' id='word_1_99' title='bbox 297 1920 423 1975; x_wconf 90' lang='lat' dir='ltr'>contra</span> <span class='ocrx_word' id='word_1_100' title='bbox 447 1930 667 1973; x_wconf 90' lang='lat' dir='ltr'>communem</span> <span class='ocrx_word' id='word_1_101' title='bbox 689 1909 828 1973; x_wconf 89' lang='lat' dir='ltr'>hostem</span> <span class='ocrx_word' id='word_1_102' title='bbox 852 1918 1032 1991; x_wconf 87' lang='lat' dir='ltr'>petuntur.</span> <span class='ocrx_word' id='word_1_103' title='bbox 1079 1910 1201 1972; x_wconf 87' lang='lat' dir='ltr'>Fallor</span> <span class='ocrx_word' id='word_1_104' title='bbox 1233 1908 1263 1972; x_wconf 90' lang='lat' dir='ltr'>si</span> <span class='ocrx_word' id='word_1_105' title='bbox 1292 1910 1360 1971; x_wconf 92' lang='lat' dir='ltr'>hoc</span> <span class='ocrx_word' id='word_1_106' title='bbox 1391 1929 1475 1971; x_wconf 89' lang='lat' dir='ltr'>casu</span> <span class='ocrx_word' id='word_1_107' title='bbox 1508 1919 1574 1971; x_wconf 91' lang='lat' dir='ltr'>stu-</span> 
     </span>
     <span class='ocr_line' id='line_1_14' title="bbox 297 2013 1575 2098; baseline -0.003 -17"><span class='ocrx_word' id='word_1_108' title='bbox 297 2019 392 2081; x_wconf 89' lang='lat' dir='ltr'>dium</span> <span class='ocrx_word' id='word_1_109' title='bbox 417 2017 571 2080; x_wconf 89' lang='lat' dir='ltr'>omnium</span> <span class='ocrx_word' id='word_1_110' title='bbox 595 2035 780 2080; x_wconf 91' lang='lat' dir='ltr'>commune</span> <span class='ocrx_word' id='word_1_111' title='bbox 803 2037 884 2080; x_wconf 91' lang='lat' dir='ltr'>esse</span> <span class='ocrx_word' id='word_1_112' title='bbox 908 2037 979 2083; x_wconf 90' lang='lat' dir='ltr'>non</span> <span class='ocrx_word' id='word_1_113' title='bbox 1004 2018 1121 2081; x_wconf 92' lang='lat' dir='ltr'>debet.</span> <span class='ocrx_word' id='word_1_114' title='bbox 1169 2015 1347 2096; x_wconf 83' lang='lat' dir='ltr'>Quantum</span> <span class='ocrx_word' id='word_1_115' title='bbox 1364 2025 1481 2078; x_wconf 91' lang='lat' dir='ltr'>autem</span> <span class='ocrx_word' id='word_1_116' title='bbox 1498 2013 1575 2098; x_wconf 90' lang='lat' dir='ltr'>opis</span> 
     </span>
     <span class='ocr_line' id='line_1_15' title="bbox 297 2122 1573 2205; baseline -0.002 -16"><span class='ocrx_word' id='word_1_117' title='bbox 297 2136 333 2189; x_wconf 91' lang='lat' dir='ltr'>et</span> <span class='ocrx_word' id='word_1_118' title='bbox 360 2125 508 2189; x_wconf 89' lang='lat' dir='ltr'>subsidii</span> <span class='ocrx_word' id='word_1_119' title='bbox 538 2123 729 2188; x_wconf 89' lang='lat' dir='ltr'>Beatitudo</span> <span class='ocrx_word' id='word_1_120' title='bbox 755 2123 887 2186; x_wconf 88' lang='lat' dir='ltr'>Vestra</span> <span class='ocrx_word' id='word_1_121' title='bbox 915 2123 944 2186; x_wconf 91' lang='lat' dir='ltr'>si</span> <span class='ocrx_word' id='word_1_122' title='bbox 968 2123 1159 2205; x_wconf 85' lang='lat' dir='ltr'>potuisset,</span> <span class='ocrx_word' id='word_1_123' title='bbox 1190 2131 1391 2205; x_wconf 88' lang='lat' dir='ltr'>prestatura</span> <span class='ocrx_word' id='word_1_124' title='bbox 1415 2133 1503 2201; x_wconf 88' lang='lat' dir='ltr'>erat,</span> <span class='ocrx_word' id='word_1_125' title='bbox 1527 2122 1573 2186; x_wconf 85' lang='lat' dir='ltr'>fa·</span> 
     </span>
     <span class='ocr_line' id='line_1_16' title="bbox 298 2229 1575 2313; baseline -0.005 -16"><span class='ocrx_word' id='word_1_126' title='bbox 298 2233 364 2297; x_wconf 92' lang='lat' dir='ltr'>cile</span> <span class='ocrx_word' id='word_1_127' title='bbox 388 2254 435 2296; x_wconf 83' lang='lat' dir='ltr'>ex</span> <span class='ocrx_word' id='word_1_128' title='bbox 459 2231 570 2295; x_wconf 91' lang='lat' dir='ltr'>literis</span> <span class='ocrx_word' id='word_1_129' title='bbox 594 2231 666 2295; x_wconf 88' lang='lat' dir='ltr'>suis</span> <span class='ocrx_word' id='word_1_130' title='bbox 691 2230 856 2313; x_wconf 83' lang='lat' dir='ltr'>cognovi,</span> <span class='ocrx_word' id='word_1_131' title='bbox 882 2230 1008 2311; x_wconf 91' lang='lat' dir='ltr'>quibus</span> <span class='ocrx_word' id='word_1_132' title='bbox 1031 2230 1116 2295; x_wconf 90' lang='lat' dir='ltr'>mihi</span> <span class='ocrx_word' id='word_1_133' title='bbox 1140 2250 1279 2292; x_wconf 91' lang='lat' dir='ltr'>ornnem</span> <span class='ocrx_word' id='word_1_134' title='bbox 1299 2229 1443 2311; x_wconf 90' lang='lat' dir='ltr'>inopiae</span> <span class='ocrx_word' id='word_1_135' title='bbox 1467 2237 1505 2292; x_wconf 93' lang='lat' dir='ltr'>et</span> <span class='ocrx_word' id='word_1_136' title='bbox 1519 2230 1575 2291; x_wconf 91' lang='lat' dir='ltr'>de·</span> 
     </span>
     <span class='ocr_line' id='line_1_17' title="bbox 297 2334 1577 2419; baseline -0.004 -16"><span class='ocrx_word' id='word_1_137' title='bbox 297 2338 444 2403; x_wconf 91' lang='lat' dir='ltr'>bilitatis</span> <span class='ocrx_word' id='word_1_138' title='bbox 468 2359 553 2402; x_wconf 86' lang='lat' dir='ltr'>suae</span> <span class='ocrx_word' id='word_1_139' title='bbox 576 2338 749 2402; x_wconf 85' lang='lat' dir='ltr'>rationem</span> <span class='ocrx_word' id='word_1_140' title='bbox 772 2336 922 2419; x_wconf 88' lang='lat' dir='ltr'>aperuit,</span> <span class='ocrx_word' id='word_1_141' title='bbox 952 2334 1192 2418; x_wconf 88' lang='lat' dir='ltr'>Sanctumque</span> <span class='ocrx_word' id='word_1_142' title='bbox 1224 2338 1352 2399; x_wconf 91' lang='lat' dir='ltr'>lubens</span> <span class='ocrx_word' id='word_1_143' title='bbox 1380 2338 1577 2417; x_wconf 90' lang='lat' dir='ltr'>amplector</span> 
     </span>
     <span class='ocr_line' id='line_1_18' title="bbox 297 2442 1577 2526; baseline -0.004 -16"><span class='ocrx_word' id='word_1_144' title='bbox 297 2446 461 2511; x_wconf 89' lang='lat' dir='ltr'>suumin</span> <span class='ocrx_word' id='word_1_145' title='bbox 485 2466 541 2509; x_wconf 88' lang='lat' dir='ltr'>me</span> <span class='ocrx_word' id='word_1_146' title='bbox 559 2445 721 2524; x_wconf 88' lang='lat' dir='ltr'>animum,</span> <span class='ocrx_word' id='word_1_147' title='bbox 746 2464 825 2507; x_wconf 92' lang='lat' dir='ltr'>cum</span> <span class='ocrx_word' id='word_1_148' title='bbox 849 2444 895 2507; x_wconf 93' lang='lat' dir='ltr'>ob</span> <span class='ocrx_word' id='word_1_149' title='bbox 920 2445 988 2507; x_wconf 92' lang='lat' dir='ltr'>hoc</span> <span class='ocrx_word' id='word_1_150' title='bbox 1012 2443 1127 2526; x_wconf 90' lang='lat' dir='ltr'>ipsum</span> <span class='ocrx_word' id='word_1_151' title='bbox 1152 2442 1211 2524; x_wconf 91' lang='lat' dir='ltr'>qui</span> <span class='ocrx_word' id='word_1_152' title='bbox 1224 2451 1298 2506; x_wconf 90' lang='lat' dir='ltr'>tam</span> <span class='ocrx_word' id='word_1_153' title='bbox 1321 2453 1470 2524; x_wconf 89' lang='lat' dir='ltr'>paterne</span> <span class='ocrx_word' id='word_1_154' title='bbox 1495 2443 1577 2506; x_wconf 90' lang='lat' dir='ltr'>mihi</span> 
     </span>
     <span class='ocr_line' id='line_1_19' title="bbox 297 2549 1578 2634; baseline -0.002 -18"><span class='ocrx_word' id='word_1_155' title='bbox 297 2561 452 2617; x_wconf 90' lang='lat' dir='ltr'>mentem</span> <span class='ocrx_word' id='word_1_156' title='bbox 487 2572 586 2614; x_wconf 90' lang='lat' dir='ltr'>suam</span> <span class='ocrx_word' id='word_1_157' title='bbox 621 2549 894 2633; x_wconf 85' lang='lat' dir='ltr'>significaverit,</span> <span class='ocrx_word' id='word_1_158' title='bbox 931 2559 1004 2612; x_wconf 92' lang='lat' dir='ltr'>tum</span> <span class='ocrx_word' id='word_1_159' title='bbox 1040 2550 1135 2631; x_wconf 91' lang='lat' dir='ltr'>quod</span> <span class='ocrx_word' id='word_1_160' title='bbox 1174 2549 1363 2631; x_wconf 89' lang='lat' dir='ltr'>pollicetur</span> <span class='ocrx_word' id='word_1_161' title='bbox 1395 2550 1424 2613; x_wconf 94' lang='lat' dir='ltr'>si</span> <span class='ocrx_word' id='word_1_162' title='bbox 1460 2551 1578 2634; x_wconf 90' lang='lat' dir='ltr'>aliqua</span> 
     </span>
     <span class='ocr_line' id='line_1_20' title="bbox 299 2656 1578 2741; baseline -0.002 -18"><span class='ocrx_word' id='word_1_163' title='bbox 299 2660 441 2723; x_wconf 87' lang='lat' dir='ltr'>interim</span> <span class='ocrx_word' id='word_1_164' title='bbox 465 2680 504 2721; x_wconf 89' lang='lat' dir='ltr'>se</span> <span class='ocrx_word' id='word_1_165' title='bbox 529 2658 709 2741; x_wconf 89' lang='lat' dir='ltr'>aperuerit</span> <span class='ocrx_word' id='word_1_166' title='bbox 732 2658 873 2721; x_wconf 85' lang='lat' dir='ltr'>occasio</span> <span class='ocrx_word' id='word_1_167' title='bbox 898 2657 1145 2732; x_wconf 87' lang='lat' dir='ltr'>subveniendi</span> <span class='ocrx_word' id='word_1_168' title='bbox 1160 2656 1255 2733; x_wconf 91' lang='lat' dir='ltr'>mihi,</span> <span class='ocrx_word' id='word_1_169' title='bbox 1279 2659 1376 2739; x_wconf 93' lang='lat' dir='ltr'>quod</span> <span class='ocrx_word' id='word_1_170' title='bbox 1399 2678 1479 2720; x_wconf 89' lang='lat' dir='ltr'>eam</span> <span class='ocrx_word' id='word_1_171' title='bbox 1508 2678 1578 2721; x_wconf 93' lang='lat' dir='ltr'>non</span> 
     </span>
     <span class='ocr_line' id='line_1_21' title="bbox 300 2763 1580 2849; baseline -0.002 -19"><span class='ocrx_word' id='word_1_172' title='bbox 300 2768 347 2831; x_wconf 90' lang='lat' dir='ltr'>sit</span> <span class='ocrx_word' id='word_1_173' title='bbox 370 2764 650 2849; x_wconf 89' lang='lat' dir='ltr'>pretermissura.</span> <span class='ocrx_word' id='word_1_174' title='bbox 697 2765 816 2846; x_wconf 85' lang='lat' dir='ltr'>Atque</span> <span class='ocrx_word' id='word_1_175' title='bbox 849 2764 985 2827; x_wconf 85' lang='lat' dir='ltr'>utinam</span> <span class='ocrx_word' id='word_1_176' title='bbox 1014 2764 1051 2825; x_wconf 91' lang='lat' dir='ltr'>id</span> <span class='ocrx_word' id='word_1_177' title='bbox 1080 2772 1154 2827; x_wconf 88' lang='lat' dir='ltr'>tam</span> <span class='ocrx_word' id='word_1_178' title='bbox 1183 2784 1269 2827; x_wconf 87' lang='lat' dir='ltr'>vere</span> <span class='ocrx_word' id='word_1_179' title='bbox 1300 2763 1444 2827; x_wconf 85' lang='lat' dir='ltr'>eveniat</span> <span class='ocrx_word' id='word_1_180' title='bbox 1474 2785 1580 2847; x_wconf 90' lang='lat' dir='ltr'>quam</span> 
     </span>
    </p>
   </div>
   <div class='ocr_carea' id='block_1_3' title="bbox 194 2871 1581 2956">
    <p class='ocr_par' dir='ltr' id='par_1_3' title="bbox 194 2871 1581 2956">
     <span class='ocr_line' id='line_1_22' title="bbox 194 2871 1581 2956; baseline -0.002 -18"><span class='ocrx_word' id='word_1_181' title='bbox 194 2943 200 2954; x_wconf 61' lang='grc'><strong>,</strong></span> <span class='ocrx_word' id='word_1_182' title='bbox 298 2874 510 2938; x_wconf 88' lang='lat' dir='ltr'>fiducialiter</span> <span class='ocrx_word' id='word_1_183' title='bbox 533 2881 644 2956; x_wconf 89' lang='lat' dir='ltr'>optat,</span> <span class='ocrx_word' id='word_1_184' title='bbox 668 2871 804 2936; x_wconf 90' lang='lat' dir='ltr'>scilicet</span> <span class='ocrx_word' id='word_1_185' title='bbox 826 2873 942 2935; x_wconf 88' lang='lat' dir='ltr'>Deum</span> <span class='ocrx_word' id='word_1_186' title='bbox 965 2891 1107 2934; x_wconf 89' lang='lat' dir='ltr'>manum</span> <span class='ocrx_word' id='word_1_187' title='bbox 1124 2871 1221 2935; x_wconf 89' lang='lat' dir='ltr'>illam</span> <span class='ocrx_word' id='word_1_188' title='bbox 1236 2872 1389 2935; x_wconf 93' lang='lat' dir='ltr'>hostium</span> <span class='ocrx_word' id='word_1_189' title='bbox 1412 2872 1450 2935; x_wconf 89' lang='lat' dir='ltr'>in</span> <span class='ocrx_word' id='word_1_190' title='bbox 1474 2873 1581 2936; x_wconf 89' lang='lat' dir='ltr'>aliam</span> 
     </span>
    </p>
   </div>
   <div class='ocr_carea' id='block_1_4' title="bbox 299 2976 1599 4975">
    <p class='ocr_par' dir='ltr' id='par_1_4' title="bbox 299 2976 1599 4975">
     <span class='ocr_line' id='line_1_23' title="bbox 300 2976 1583 3064; baseline -0.001 -21"><span class='ocrx_word' id='word_1_191' title='bbox 300 2989 438 3064; x_wconf 89' lang='lat' dir='ltr'>partem</span> <span class='ocrx_word' id='word_1_192' title='bbox 458 3000 664 3043; x_wconf 89' lang='lat' dir='ltr'>aversurum</span> <span class='ocrx_word' id='word_1_193' title='bbox 689 2999 781 3052; x_wconf 88' lang='lat' dir='ltr'>esse;</span> <span class='ocrx_word' id='word_1_194' title='bbox 807 2980 871 3041; x_wconf 91' lang='lat' dir='ltr'>sed</span> <span class='ocrx_word' id='word_1_195' title='bbox 893 2978 985 3041; x_wconf 89' lang='lat' dir='ltr'>hanc</span> <span class='ocrx_word' id='word_1_196' title='bbox 1011 2976 1236 3041; x_wconf 88' lang='lat' dir='ltr'>securitatem</span> <span class='ocrx_word' id='word_1_197' title='bbox 1260 2979 1344 3042; x_wconf 91' lang='lat' dir='ltr'>mihi</span> <span class='ocrx_word' id='word_1_198' title='bbox 1368 2990 1583 3061; x_wconf 88' lang='lat' dir='ltr'>perpetuam</span> 
     </span>
     <span class='ocr_line' id='line_1_24' title="bbox 299 3085 1583 3168; baseline -0.003 -16"><span class='ocrx_word' id='word_1_199' title='bbox 299 3088 377 3152; x_wconf 87' lang='lat' dir='ltr'>fore</span> <span class='ocrx_word' id='word_1_200' title='bbox 400 3107 472 3151; x_wconf 90' lang='lat' dir='ltr'>non</span> <span class='ocrx_word' id='word_1_201' title='bbox 496 3087 579 3150; x_wconf 91' lang='lat' dir='ltr'>sinit</span> <span class='ocrx_word' id='word_1_202' title='bbox 601 3089 769 3168; x_wconf 91' lang='lat' dir='ltr'>frequens</span> <span class='ocrx_word' id='word_1_203' title='bbox 793 3085 937 3148; x_wconf 90' lang='lat' dir='ltr'>nuntius</span> <span class='ocrx_word' id='word_1_204' title='bbox 968 3085 1028 3167; x_wconf 90' lang='lat' dir='ltr'>qui</span> <span class='ocrx_word' id='word_1_205' title='bbox 1051 3085 1219 3148; x_wconf 88' lang='lat' dir='ltr'>admonet</span> <span class='ocrx_word' id='word_1_206' title='bbox 1247 3085 1454 3167; x_wconf 84' lang='lat' dir='ltr'>Tyrannum</span> <span class='ocrx_word' id='word_1_207' title='bbox 1482 3086 1583 3150; x_wconf 90' lang='lat' dir='ltr'>illum</span> 
     </span>
     <span class='ocr_line' id='line_1_25' title="bbox 300 3191 1584 3275; baseline -0.002 -16"><span class='ocrx_word' id='word_1_208' title='bbox 300 3195 330 3259; x_wconf 91' lang='lat' dir='ltr'>si</span> <span class='ocrx_word' id='word_1_209' title='bbox 362 3193 450 3259; x_wconf 87' lang='lat' dir='ltr'>alias</span> <span class='ocrx_word' id='word_1_210' title='bbox 485 3213 639 3275; x_wconf 90' lang='lat' dir='ltr'>unquam</span> <span class='ocrx_word' id='word_1_211' title='bbox 675 3192 892 3275; x_wconf 90' lang='lat' dir='ltr'>pertinacius</span> <span class='ocrx_word' id='word_1_212' title='bbox 927 3192 1063 3274; x_wconf 88' lang='lat' dir='ltr'>spirare</span> <span class='ocrx_word' id='word_1_213' title='bbox 1106 3192 1254 3256; x_wconf 85' lang='lat' dir='ltr'>exitium</span> <span class='ocrx_word' id='word_1_214' title='bbox 1289 3191 1584 3275; x_wconf 90' lang='lat' dir='ltr'>Christianorum,</span> 
     </span>
     <span class='ocr_line' id='line_1_26' title="bbox 300 3298 1585 3384; baseline -0.001 -19"><span class='ocrx_word' id='word_1_215' title='bbox 300 3303 436 3384; x_wconf 89' lang='lat' dir='ltr'>hasque</span> <span class='ocrx_word' id='word_1_216' title='bbox 479 3299 700 3364; x_wconf 89' lang='lat' dir='ltr'>incursiones</span> <span class='ocrx_word' id='word_1_217' title='bbox 736 3309 948 3381; x_wconf 86' lang='lat' dir='ltr'>sequuturas</span> <span class='ocrx_word' id='word_1_218' title='bbox 981 3298 1218 3362; x_wconf 87' lang='lat' dir='ltr'>validissimas</span> <span class='ocrx_word' id='word_1_219' title='bbox 1262 3299 1394 3382; x_wconf 89' lang='lat' dir='ltr'>copias.</span> <span class='ocrx_word' id='word_1_220' title='bbox 1455 3301 1585 3384; x_wconf 86' lang='lat' dir='ltr'>Itaque</span> 
     </span>
     <span class='ocr_line' id='line_1_27' title="bbox 300 3404 1586 3490; baseline -0.001 -19"><span class='ocrx_word' id='word_1_221' title='bbox 300 3410 408 3471; x_wconf 87' lang='lat' dir='ltr'>velim</span> <span class='ocrx_word' id='word_1_222' title='bbox 431 3407 540 3471; x_wconf 91' lang='lat' dir='ltr'>nolim</span> <span class='ocrx_word' id='word_1_223' title='bbox 564 3426 676 3489; x_wconf 85' lang='lat' dir='ltr'>cogor</span> <span class='ocrx_word' id='word_1_224' title='bbox 691 3406 905 3489; x_wconf 89' lang='lat' dir='ltr'>etimpellor</span> <span class='ocrx_word' id='word_1_225' title='bbox 916 3406 1073 3487; x_wconf 92' lang='lat' dir='ltr'>undique</span> <span class='ocrx_word' id='word_1_226' title='bbox 1089 3404 1253 3488; x_wconf 83' lang='lat' dir='ltr'>flagitare</span> <span class='ocrx_word' id='word_1_227' title='bbox 1268 3405 1436 3487; x_wconf 89' lang='lat' dir='ltr'>subsidia,</span> <span class='ocrx_word' id='word_1_228' title='bbox 1453 3408 1586 3490; x_wconf 87' lang='lat' dir='ltr'>quibus</span> 
     </span>
     <span class='ocr_line' id='line_1_28' title="bbox 301 3513 1587 3579; baseline -0.001 0"><span class='ocrx_word' id='word_1_229' title='bbox 301 3517 427 3579; x_wconf 90' lang='lat' dir='ltr'>saltem</span> <span class='ocrx_word' id='word_1_230' title='bbox 441 3514 533 3577; x_wconf 90' lang='lat' dir='ltr'>inter</span> <span class='ocrx_word' id='word_1_231' title='bbox 549 3513 816 3577; x_wconf 89' lang='lat' dir='ltr'>Provinciarum</span> <span class='ocrx_word' id='word_1_232' title='bbox 831 3533 989 3578; x_wconf 90' lang='lat' dir='ltr'>mearum</span> <span class='ocrx_word' id='word_1_233' title='bbox 1006 3513 1134 3576; x_wconf 90' lang='lat' dir='ltr'>limites</span> <span class='ocrx_word' id='word_1_234' title='bbox 1149 3513 1302 3576; x_wconf 84' lang='lat' dir='ltr'>muniam</span> <span class='ocrx_word' id='word_1_235' title='bbox 1324 3522 1360 3577; x_wconf 92' lang='lat' dir='ltr'>et</span> <span class='ocrx_word' id='word_1_236' title='bbox 1384 3515 1587 3578; x_wconf 89' lang='lat' dir='ltr'>custodiam</span> 
     </span>
     <span class='ocr_line' id='line_1_29' title="bbox 301 3619 1588 3704; baseline 0.001 -20"><span class='ocrx_word' id='word_1_237' title='bbox 301 3641 346 3684; x_wconf 91' lang='lat' dir='ltr'>ne</span> <span class='ocrx_word' id='word_1_238' title='bbox 357 3620 538 3704; x_wconf 90' lang='lat' dir='ltr'>quidpiam</span> <span class='ocrx_word' id='word_1_239' title='bbox 548 3620 791 3704; x_wconf 89' lang='lat' dir='ltr'>irreparabilis</span> <span class='ocrx_word' id='word_1_240' title='bbox 801 3619 957 3683; x_wconf 89' lang='lat' dir='ltr'>iacturae</span> <span class='ocrx_word' id='word_1_241' title='bbox 969 3629 1005 3683; x_wconf 92' lang='lat' dir='ltr'>et</span> <span class='ocrx_word' id='word_1_242' title='bbox 1014 3619 1227 3683; x_wconf 90' lang='lat' dir='ltr'>incommodi</span> <span class='ocrx_word' id='word_1_243' title='bbox 1235 3624 1281 3684; x_wconf 90' lang='lat' dir='ltr'>ab</span> <span class='ocrx_word' id='word_1_244' title='bbox 1289 3621 1392 3684; x_wconf 91' lang='lat' dir='ltr'>hoste</span> <span class='ocrx_word' id='word_1_245' title='bbox 1400 3621 1588 3702; x_wconf 83' lang='lat' dir='ltr'>inseratur,</span> 
     </span>
     <span class='ocr_line' id='line_1_30' title="bbox 302 3726 1590 3808; baseline 0 -16"><span class='ocrx_word' id='word_1_246' title='bbox 302 3730 417 3792; x_wconf 90' lang='lat' dir='ltr'>donec</span> <span class='ocrx_word' id='word_1_247' title='bbox 441 3727 576 3791; x_wconf 89' lang='lat' dir='ltr'>coeteri</span> <span class='ocrx_word' id='word_1_248' title='bbox 601 3726 790 3791; x_wconf 87' lang='lat' dir='ltr'>Christiani</span> <span class='ocrx_word' id='word_1_249' title='bbox 814 3735 1019 3808; x_wconf 90' lang='lat' dir='ltr'>potentatus</span> <span class='ocrx_word' id='word_1_250' title='bbox 1043 3727 1168 3808; x_wconf 90' lang='lat' dir='ltr'>positis</span> <span class='ocrx_word' id='word_1_251' title='bbox 1192 3726 1347 3790; x_wconf 91' lang='lat' dir='ltr'>dissidiis</span> <span class='ocrx_word' id='word_1_252' title='bbox 1370 3735 1408 3791; x_wconf 90' lang='lat' dir='ltr'>et</span> <span class='ocrx_word' id='word_1_253' title='bbox 1430 3728 1590 3792; x_wconf 87' lang='lat' dir='ltr'>simulta-</span> 
     </span>
     <span class='ocr_line' id='line_1_31' title="bbox 301 3832 1590 3919; baseline 0.002 -22"><span class='ocrx_word' id='word_1_254' title='bbox 301 3835 413 3916; x_wconf 87' lang='lat' dir='ltr'>tibus,</span> <span class='ocrx_word' id='word_1_255' title='bbox 443 3834 498 3897; x_wconf 91' lang='lat' dir='ltr'>cui</span> <span class='ocrx_word' id='word_1_256' title='bbox 522 3833 573 3897; x_wconf 92' lang='lat' dir='ltr'>rei</span> <span class='ocrx_word' id='word_1_257' title='bbox 597 3853 737 3896; x_wconf 89' lang='lat' dir='ltr'>omnem</span> <span class='ocrx_word' id='word_1_258' title='bbox 760 3832 951 3897; x_wconf 89' lang='lat' dir='ltr'>Beatitudo</span> <span class='ocrx_word' id='word_1_259' title='bbox 975 3833 1107 3896; x_wconf 87' lang='lat' dir='ltr'>Vestra</span> <span class='ocrx_word' id='word_1_260' title='bbox 1129 3833 1302 3915; x_wconf 89' lang='lat' dir='ltr'>impendit</span> <span class='ocrx_word' id='word_1_261' title='bbox 1325 3833 1396 3896; x_wconf 91' lang='lat' dir='ltr'>iam</span> <span class='ocrx_word' id='word_1_262' title='bbox 1425 3855 1590 3919; x_wconf 89' lang='lat' dir='ltr'>operam,</span> 
     </span>
     <span class='ocr_line' id='line_1_32' title="bbox 303 3939 1591 4023; baseline 0.002 -18"><span class='ocrx_word' id='word_1_263' title='bbox 303 3952 338 4006; x_wconf 91' lang='lat' dir='ltr'>et</span> <span class='ocrx_word' id='word_1_264' title='bbox 362 3941 489 4004; x_wconf 89' lang='lat' dir='ltr'>iustam</span> <span class='ocrx_word' id='word_1_265' title='bbox 514 3950 549 4004; x_wconf 90' lang='lat' dir='ltr'>et</span> <span class='ocrx_word' id='word_1_266' title='bbox 584 3941 821 4004; x_wconf 86' lang='lat' dir='ltr'>necessariam</span> <span class='ocrx_word' id='word_1_267' title='bbox 850 3941 947 4003; x_wconf 89' lang='lat' dir='ltr'>illam</span> <span class='ocrx_word' id='word_1_268' title='bbox 978 3942 1183 4023; x_wconf 86' lang='lat' dir='ltr'>generalem</span> <span class='ocrx_word' id='word_1_269' title='bbox 1215 3939 1482 4022; x_wconf 83' lang='lat' dir='ltr'>expeditionem</span> <span class='ocrx_word' id='word_1_270' title='bbox 1516 3965 1591 4007; x_wconf 73' lang='lat' dir='ltr'>sus</span> 
     </span>
     <span class='ocr_line' id='line_1_33' title="bbox 303 4047 1592 4132; baseline 0.002 -20"><span class='ocrx_word' id='word_1_271' title='bbox 303 4049 444 4132; x_wconf 89' lang='lat' dir='ltr'>cipiant.</span> <span class='ocrx_word' id='word_1_272' title='bbox 492 4048 579 4111; x_wconf 90' lang='lat' dir='ltr'>Erat</span> <span class='ocrx_word' id='word_1_273' title='bbox 614 4055 731 4111; x_wconf 90' lang='lat' dir='ltr'>autem</span> <span class='ocrx_word' id='word_1_274' title='bbox 766 4047 903 4111; x_wconf 89' lang='lat' dir='ltr'>animus</span> <span class='ocrx_word' id='word_1_275' title='bbox 939 4068 1037 4110; x_wconf 90' lang='lat' dir='ltr'>meus</span> <span class='ocrx_word' id='word_1_276' title='bbox 1066 4049 1134 4110; x_wconf 92' lang='lat' dir='ltr'>hac</span> <span class='ocrx_word' id='word_1_277' title='bbox 1166 4056 1304 4111; x_wconf 86' lang='lat' dir='ltr'>aestate</span> <span class='ocrx_word' id='word_1_278' title='bbox 1339 4048 1369 4110; x_wconf 93' lang='lat' dir='ltr'>si</span> <span class='ocrx_word' id='word_1_279' title='bbox 1404 4049 1451 4111; x_wconf 89' lang='lat' dir='ltr'>ad</span> <span class='ocrx_word' id='word_1_280' title='bbox 1485 4071 1592 4114; x_wconf 89' lang='lat' dir='ltr'>meas</span> 
     </span>
     <span class='ocr_line' id='line_1_34' title="bbox 304 4152 1593 4237; baseline 0.003 -19"><span class='ocrx_word' id='word_1_281' title='bbox 304 4155 496 4219; x_wconf 83' lang='lat' dir='ltr'>auxiliares</span> <span class='ocrx_word' id='word_1_282' title='bbox 521 4155 605 4218; x_wconf 90' lang='lat' dir='ltr'>illae</span> <span class='ocrx_word' id='word_1_283' title='bbox 627 4153 722 4218; x_wconf 89' lang='lat' dir='ltr'>vires</span> <span class='ocrx_word' id='word_1_284' title='bbox 751 4175 838 4235; x_wconf 85' lang='lat' dir='ltr'>quas</span> <span class='ocrx_word' id='word_1_285' title='bbox 862 4163 961 4217; x_wconf 89' lang='lat' dir='ltr'>certa</span> <span class='ocrx_word' id='word_1_286' title='bbox 983 4152 1114 4217; x_wconf 87' lang='lat' dir='ltr'>fiducia</span> <span class='ocrx_word' id='word_1_287' title='bbox 1141 4153 1390 4237; x_wconf 90' lang='lat' dir='ltr'>promittebam</span> <span class='ocrx_word' id='word_1_288' title='bbox 1418 4159 1593 4222; x_wconf 89' lang='lat' dir='ltr'>accessis·</span> 
     </span>
     <span class='ocr_line' id='line_1_35' title="bbox 304 4260 1593 4347; baseline 0.002 -22"><span class='ocrx_word' id='word_1_289' title='bbox 304 4271 405 4345; x_wconf 88' lang='lat' dir='ltr'>sent,</span> <span class='ocrx_word' id='word_1_290' title='bbox 439 4282 510 4325; x_wconf 94' lang='lat' dir='ltr'>non</span> <span class='ocrx_word' id='word_1_291' title='bbox 549 4263 662 4324; x_wconf 89' lang='lat' dir='ltr'>solum</span> <span class='ocrx_word' id='word_1_292' title='bbox 695 4261 796 4324; x_wconf 88' lang='lat' dir='ltr'>firma</span> <span class='ocrx_word' id='word_1_293' title='bbox 824 4260 1004 4344; x_wconf 87' lang='lat' dir='ltr'>praesidia</span> <span class='ocrx_word' id='word_1_294' title='bbox 1037 4263 1214 4325; x_wconf 89' lang='lat' dir='ltr'>collocare</span> <span class='ocrx_word' id='word_1_295' title='bbox 1254 4262 1317 4325; x_wconf 89' lang='lat' dir='ltr'>sed</span> <span class='ocrx_word' id='word_1_296' title='bbox 1355 4262 1462 4326; x_wconf 89' lang='lat' dir='ltr'>etiam</span> <span class='ocrx_word' id='word_1_297' title='bbox 1495 4285 1593 4347; x_wconf 88' lang='lat' dir='ltr'>quae</span> 
     </span>
     <span class='ocr_line' id='line_1_36' title="bbox 303 4367 1594 4450; baseline 0.002 -18"><span class='ocrx_word' id='word_1_298' title='bbox 303 4389 429 4433; x_wconf 88' lang='lat' dir='ltr'>recens</span> <span class='ocrx_word' id='word_1_299' title='bbox 459 4371 539 4432; x_wconf 91' lang='lat' dir='ltr'>loca</span> <span class='ocrx_word' id='word_1_300' title='bbox 568 4367 681 4432; x_wconf 90' lang='lat' dir='ltr'>hostis</span> <span class='ocrx_word' id='word_1_301' title='bbox 714 4368 860 4431; x_wconf 90' lang='lat' dir='ltr'>abstulit</span> <span class='ocrx_word' id='word_1_302' title='bbox 894 4388 1117 4450; x_wconf 89' lang='lat' dir='ltr'>recuperare.</span> <span class='ocrx_word' id='word_1_303' title='bbox 1166 4367 1256 4432; x_wconf 93' lang='lat' dir='ltr'>Mihi</span> <span class='ocrx_word' id='word_1_304' title='bbox 1287 4378 1384 4432; x_wconf 91' lang='lat' dir='ltr'>certe</span> <span class='ocrx_word' id='word_1_305' title='bbox 1413 4369 1485 4433; x_wconf 90' lang='lat' dir='ltr'>dici</span> <span class='ocrx_word' id='word_1_306' title='bbox 1518 4392 1594 4435; x_wconf 90' lang='lat' dir='ltr'>non</span> 
     </span>
     <span class='ocr_line' id='line_1_37' title="bbox 303 4473 1593 4558; baseline 0.003 -19"><span class='ocrx_word' id='word_1_307' title='bbox 303 4484 424 4558; x_wconf 89' lang='lat' dir='ltr'>potest</span> <span class='ocrx_word' id='word_1_308' title='bbox 447 4484 580 4556; x_wconf 89' lang='lat' dir='ltr'>quanta</span> <span class='ocrx_word' id='word_1_309' title='bbox 603 4473 837 4537; x_wconf 88' lang='lat' dir='ltr'>amaritudine</span> <span class='ocrx_word' id='word_1_310' title='bbox 861 4475 1000 4538; x_wconf 89' lang='lat' dir='ltr'>animae</span> <span class='ocrx_word' id='word_1_311' title='bbox 1023 4494 1125 4538; x_wconf 87' lang='lat' dir='ltr'>meae</span> <span class='ocrx_word' id='word_1_312' title='bbox 1148 4474 1322 4557; x_wconf 89' lang='lat' dir='ltr'>accipiam</span> <span class='ocrx_word' id='word_1_313' title='bbox 1342 4497 1506 4540; x_wconf 89' lang='lat' dir='ltr'>meorum</span> <span class='ocrx_word' id='word_1_314' title='bbox 1531 4499 1593 4543; x_wconf 87' lang='lat' dir='ltr'>ex·</span> 
     </span>
     <span class='ocr_line' id='line_1_38' title="bbox 305 4581 1596 4665; baseline 0.003 -19"><span class='ocrx_word' id='word_1_315' title='bbox 305 4581 445 4664; x_wconf 90' lang='lat' dir='ltr'>cidium,</span> <span class='ocrx_word' id='word_1_316' title='bbox 468 4581 577 4664; x_wconf 91' lang='lat' dir='ltr'>idque</span> <span class='ocrx_word' id='word_1_317' title='bbox 601 4602 644 4644; x_wconf 89' lang='lat' dir='ltr'>eo</span> <span class='ocrx_word' id='word_1_318' title='bbox 668 4602 724 4644; x_wconf 92' lang='lat' dir='ltr'>me</span> <span class='ocrx_word' id='word_1_319' title='bbox 743 4581 877 4645; x_wconf 88' lang='lat' dir='ltr'>cruciat</span> <span class='ocrx_word' id='word_1_320' title='bbox 900 4581 1014 4664; x_wconf 86' lang='lat' dir='ltr'>magis</span> <span class='ocrx_word' id='word_1_321' title='bbox 1039 4582 1134 4663; x_wconf 92' lang='lat' dir='ltr'>quod</span> <span class='ocrx_word' id='word_1_322' title='bbox 1159 4602 1228 4665; x_wconf 83' lang='lat' dir='ltr'>ego</span> <span class='ocrx_word' id='word_1_323' title='bbox 1250 4582 1409 4664; x_wconf 87' lang='lat' dir='ltr'>miseros,</span> <span class='ocrx_word' id='word_1_324' title='bbox 1433 4585 1507 4649; x_wconf 92' lang='lat' dir='ltr'>nisi</span> <span class='ocrx_word' id='word_1_325' title='bbox 1533 4589 1596 4650; x_wconf 89' lang='lat' dir='ltr'>ad-</span> 
     </span>
     <span class='ocr_line' id='line_1_39' title="bbox 304 4689 1596 4773; baseline 0.006 -20"><span class='ocrx_word' id='word_1_326' title='bbox 304 4689 416 4770; x_wconf 89' lang='lat' dir='ltr'>iuvar,</span> <span class='ocrx_word' id='word_1_327' title='bbox 438 4689 632 4752; x_wconf 89' lang='lat' dir='ltr'>incolumes</span> <span class='ocrx_word' id='word_1_328' title='bbox 656 4708 800 4752; x_wconf 88' lang='lat' dir='ltr'>servare</span> <span class='ocrx_word' id='word_1_329' title='bbox 825 4709 964 4770; x_wconf 89' lang='lat' dir='ltr'>nequeo</span> <span class='ocrx_word' id='word_1_330' title='bbox 988 4711 1010 4752; x_wconf 94' lang='lat' dir='ltr'>a</span> <span class='ocrx_word' id='word_1_331' title='bbox 1025 4689 1214 4771; x_wconf 90' lang='lat' dir='ltr'>tyrannide</span> <span class='ocrx_word' id='word_1_332' title='bbox 1237 4689 1432 4773; x_wconf 90' lang='lat' dir='ltr'>impiissimi</span> <span class='ocrx_word' id='word_1_333' title='bbox 1459 4695 1596 4762; x_wconf 90' lang='lat' dir='ltr'>hostis.</span> 
     </span>
     <span class='ocr_line' id='line_1_40' title="bbox 305 4795 1599 4884; baseline 0.006 -26"><span class='ocrx_word' id='word_1_334' title='bbox 305 4795 351 4858; x_wconf 87' lang='lat' dir='ltr'>Et</span> <span class='ocrx_word' id='word_1_335' title='bbox 373 4805 492 4858; x_wconf 88' lang='lat' dir='ltr'>tamen</span> <span class='ocrx_word' id='word_1_336' title='bbox 517 4814 622 4877; x_wconf 88' lang='lat' dir='ltr'>quam</span> <span class='ocrx_word' id='word_1_337' title='bbox 646 4796 712 4857; x_wconf 91' lang='lat' dir='ltr'>sub</span> <span class='ocrx_word' id='word_1_338' title='bbox 736 4796 804 4857; x_wconf 91' lang='lat' dir='ltr'>hac</span> <span class='ocrx_word' id='word_1_339' title='bbox 829 4805 966 4858; x_wconf 88' lang='lat' dir='ltr'>aestate</span> <span class='ocrx_word' id='word_1_340' title='bbox 997 4795 1259 4859; x_wconf 87' lang='lat' dir='ltr'>destinaveram</span> <span class='ocrx_word' id='word_1_341' title='bbox 1288 4797 1409 4862; x_wconf 88' lang='lat' dir='ltr'>facere</span> <span class='ocrx_word' id='word_1_342' title='bbox 1439 4802 1599 4884; x_wconf 85' lang='lat' dir='ltr'>expedi·</span> 
     </span>
     <span class='ocr_line' id='line_1_41' title="bbox 305 4899 1599 4975; baseline 0.007 -10"><span class='ocrx_word' id='word_1_343' title='bbox 305 4901 438 4966; x_wconf 88' lang='lat' dir='ltr'>tionem</span> <span class='ocrx_word' id='word_1_344' title='bbox 467 4904 513 4964; x_wconf 90' lang='lat' dir='ltr'>ob</span> <span class='ocrx_word' id='word_1_345' title='bbox 551 4899 728 4964; x_wconf 90' lang='lat' dir='ltr'>defectum</span> <span class='ocrx_word' id='word_1_346' title='bbox 762 4900 1052 4965; x_wconf 88' lang='lat' dir='ltr'>subsidiariarum</span> <span class='ocrx_word' id='word_1_347' title='bbox 1082 4901 1209 4967; x_wconf 86' lang='lat' dir='ltr'>virium</span> <span class='ocrx_word' id='word_1_348' title='bbox 1236 4902 1474 4970; x_wconf 88' lang='lat' dir='ltr'>intermissam</span> <span class='ocrx_word' id='word_1_349' title='bbox 1512 4929 1599 4975; x_wconf 88' lang='lat' dir='ltr'>cum</span> 
     </span>
    </p>
   </div>
   <div class='ocr_carea' id='block_1_5' title="bbox 0 0 1740 5700">
    <p class='ocr_par' dir='ltr' id='par_1_5' title="bbox 0 0 1740 5700">
     <span class='ocr_line' id='line_1_42' title="bbox 0 0 1740 5700; baseline 0 0"><span class='ocrx_word' id='word_1_350' title='bbox 0 0 1740 5700; x_wconf 95' lang='lat' dir='ltr'> </span> 
     </span>
    </p>
   </div>
  </div>
 </body>
</html>
