3425 5700
289 683 425 748 desima
450 683 608 749 tradotta
635 682 670 747 in
694 683 866 766 Alman0,
905 696 941 748 et
977 686 1013 749 lu
1038 690 1125 749 letta
1157 680 1193 749 in
1218 704 1282 750 sua
1306 672 1488 769 presentia
1510 683 1573 751 alli

288 792 438 856 Elettori
471 802 508 855 et
531 790 702 874 Principi,
726 801 894 876 presente
918 792 942 856 il
967 791 1124 875 Saxone,
1149 794 1242 858 dove
1266 795 1366 858 molti
1390 816 1573 859 remasero

289 901 347 981 piu
372 900 497 981 pallidi
523 901 589 962 che
613 920 651 962 se
675 898 813 962 iussero
838 900 921 962 stati
955 901 1069 967 morti.
1117 900 1168 963 La
1181 922 1289 964 causa
1301 905 1370 965 ben
1388 904 1423 965 la
1438 902 1574 965 vederit

291 1010 421 1071 Vostra
445 1007 614 1088 Signoria
637 1007 956 1069 Reverendissima
980 1009 1075 1071 dalla
1100 1007 1287 1071 Sententia
1317 1010 1510 1075 medesima
1536 1010 1574 1071 di

290 1116 409 1196 Cesar,
433 1116 468 1177 la
493 1116 575 1195 qual
599 1114 647 1176 lui
673 1115 803 1176 manda
827 1117 861 1177 al
886 1135 949 1176 suo
975 1114 1115 1195 Orator,
1140 1137 1240 1179 come
1265 1117 1284 1179 e
1309 1117 1332 1179 il
1357 1118 1480 1180 debito
1505 1120 1575 1179 che

289 1223 339 1285 lui
374 1221 541 1284 annuncii
576 1232 701 1302 questa
736 1224 856 1284 buona
892 1242 985 1285 nova
1021 1224 1054 1284 al
1079 1220 1310 1286 Sanctissimo
1339 1232 1375 1286 et
1399 1226 1433 1286 al
1459 1222 1575 1287 Sacro

290 1330 471 1411 Collegi0,
497 1338 532 1391 et
555 1328 665 1391 farasi
688 1327 870 1410 imprimet
893 1330 928 1391 in
954 1329 1092 1410 Latino,
1117 1330 1280 1409 Italian0,
1303 1330 1467 1411 Alman0,
1493 1331 1575 1393 His·

289 1458 395 1519 pane,
419 1437 606 1514 Franzese,
631 1437 846 1519 Fiameng0,
876 1457 941 1518 per
970 1439 1119 1500 mandor
1143 1459 1208 1520 per
1232 1432 1323 1499 tutta
1346 1438 1380 1499 la
1405 1438 1576 1501 Christia-

290 1546 373 1627 nita,
398 1546 497 1607 accio
522 1547 588 1608 che
612 1545 641 1607 si
665 1547 758 1608 veda
783 1548 816 1608 el
839 1566 1018 1628 generoso
1043 1556 1079 1609 et
1103 1546 1368 1628 religiosissimo
1394 1546 1512 1609 animo
1539 1546 1575 1607 di

289 1650 363 1715 Sua
385 1652 535 1732 Maesta,
561 1652 596 1714 in
621 1662 748 1733 questa
772 1673 856 1715 cosa
880 1662 980 1716 tanto
1003 1653 1215 1735 periculosa,
1241 1668 1276 1715 et
1300 1653 1488 1735 presertim
1513 1654 1573 1715 ha·

288 1761 407 1823 vendo
432 1761 649 1822 demostrato
675 1769 801 1840 questo
826 1780 890 1823 suo
915 1763 1016 1824 voler
1040 1761 1086 1823 ad
1110 1781 1156 1823 un
1181 1771 1318 1842 tempe,
1353 1771 1389 1823 et
1417 1769 1511 1823 stato
1539 1760 1576 1822 di

229 1940 233 1950 ι
291 1888 384 1947 cose,
409 1868 467 1930 nel
492 1868 575 1948 qual
598 1866 755 1948 ogniuno
780 1867 839 1948 qui
864 1866 1029 1930 indicava
1060 1869 1127 1930 clte
1152 1866 1224 1931 Sua
1247 1866 1387 1930 Maesta
1421 1869 1578 1930 devesse

289 1975 426 2037 andare
449 1974 509 2055 piu
534 1975 786 2036 blandamente
811 1995 832 2036 a
856 1975 970 2056 questi
992 1974 1148 2057 Principi
1172 1994 1239 2055 per
1260 1975 1397 2037 haverli
1421 1996 1442 2036 a
1465 1976 1579 2036 modo

289 2102 352 2144 suo
377 2083 470 2143 nelle
494 2101 556 2143 sue
580 2081 751 2162 imprese:
777 2082 838 2144 Ma
862 2081 994 2144 Nostro
1019 2078 1153 2163 Signor
1183 2081 1252 2143 Dio
1285 2082 1333 2142 ha
1365 2092 1578 2143 mantenuto

289 2208 429 2269 sempre
454 2197 640 2250 constante
664 2188 698 2249 la
722 2188 842 2249 buona
865 2198 982 2251 mente
1008 2188 1043 2250 di
1069 2197 1194 2270 questo
1212 2186 1514 2250 Christianissimo
1541 2197 1580 2249 et

288 2316 374 2358 vere
400 2294 575 2357 catholico
600 2294 778 2375 Principe,
804 2298 837 2358 el
861 2297 954 2376 qual,
980 2316 1080 2358 come
1096 2316 1237 2377 sempre
1262 2296 1293 2357 ci
1318 2297 1364 2358 ha
1386 2315 1579 2376 promesso

289 2404 355 2464 che
381 2402 532 2464 larebbe
557 2422 641 2464 cosa
665 2403 784 2483 degna
808 2401 853 2464 de
871 2424 920 2483 se,
945 2412 1048 2484 grata
1065 2426 1086 2465 a
1101 2401 1180 2481 Dio,
1206 2410 1241 2463 et
1256 2402 1388 2465 Nostro
1406 2398 1579 2481 Signore‚

290 2510 364 2571 cosi
389 2529 521 2571 ancora
544 2510 627 2571 halo
644 2508 745 2589 fatto,
771 2518 807 2571 et
823 2509 868 2571 de
884 2519 979 2571 sorte
995 2511 1061 2572 che
1078 2508 1137 2571 noi
1154 2508 1337 2571 medesimi
1362 2529 1400 2571 se
1415 2507 1580 2573 fussemo

290 2616 486 2678 contentati
511 2617 556 2678 de
580 2618 749 2697 alquanto
774 2636 889 2678 men0.
928 2616 973 2678 Et
998 2618 1031 2677 di
1057 2617 1176 2696 quello
1201 2616 1267 2677 che
1290 2618 1338 2677 ha
1361 2614 1451 2678 fatto
1477 2618 1580 2696 qual·

289 2725 356 2786 che
380 2722 561 2803 dilatione,
587 2732 622 2785 et
637 2723 735 2785 della
751 2733 884 2785 venuta
900 2722 936 2785 di
950 2722 1093 2801 Luther,
1119 2720 1193 2784 Sua
1204 2721 1344 2785 Maesta
1360 2722 1393 2786 ci
1411 2724 1457 2785 ha
1473 2725 1581 2785 detto

290 2831 439 2893 haverlo
470 2829 560 2893 fatto
584 2849 649 2911 per
672 2829 696 2892 il
722 2828 868 2910 meglio,
893 2830 1011 2912 accio,
1038 2831 1104 2893 che
1128 2841 1255 2911 questo
1278 2832 1412 2913 populo
1437 2849 1511 2894 non
1539 2853 1582 2894 se

291 2940 503 3000 lamentasse
528 2939 593 3000 che
618 2937 773 2999 Martino
798 2958 869 3000 non
894 2937 991 3000 fusse
1015 2948 1108 3000 stato
1133 2937 1250 3018 udito,
1279 2940 1482 3017 causand0,
1507 2939 1582 3002 che

289 3065 328 3107 se
361 3045 384 3107 li
413 3045 516 3107 facea
545 3043 672 3107 iniuria
704 3046 750 3106 ad
783 3065 853 3106 non
878 3045 1043 3108 intender
1064 3045 1180 3126 primo
1205 3046 1258 3106 sel
1281 3045 1387 3107 volea
1410 3063 1582 3111 revocar.

256 3158 263 3170 '
288 3151 334 3214 Et
356 3150 391 3213 in
416 3171 513 3233 ver0,
537 3160 652 3214 stante
678 3154 711 3213 le
735 3173 817 3215 cose
842 3173 864 3215 a
888 3162 1014 3233 questo
1030 3153 1148 3232 m0d0,
1173 3153 1281 3214 molto
1296 3150 1401 3214 melio
1426 3151 1443 3213 ἐ
1466 3162 1582 3232 stat0,

290 3261 356 3321 che
392 3259 432 3321 sii
471 3256 545 3322 cosi
580 3261 772 3340 accaduto,
808 3261 876 3322 cha
911 3262 976 3322 che
1002 3259 1282 3341 simplicemente
1305 3257 1330 3321 li
1355 3257 1514 3322 mandati
1544 3261 1583 3323 di

289 3365 419 3429 Cesare
443 3365 582 3429 fussero
619 3367 810 3448 publicati:
848 3376 884 3429 et
908 3388 1017 3430 ancor
1052 3367 1118 3429 che
1141 3366 1177 3428 in
1203 3376 1328 3448 questa
1351 3365 1489 3429 dimora
1515 3368 1582 3432 noi

290 3472 480 3535 habbiamo
504 3476 637 3536 havuto
662 3473 811 3536 terribili
837 3475 976 3553 assalti,
1002 3473 1133 3537 affanni
1162 3483 1199 3536 et
1229 3473 1389 3555 pericoli,
1418 3473 1479 3554 pin
1507 3477 1583 3538 che

289 3579 406 3642 alcuni
431 3600 502 3642 non
526 3600 703 3662 pensano,
728 3584 919 3643 tuttavolta
944 3580 1210 3643 comminciamo
1234 3581 1331 3662 aprir
1355 3583 1388 3642 el
1412 3589 1515 3662 petto
1545 3595 1585 3645 et

288 3687 506 3750 contentarsi
540 3688 585 3750 de
610 3688 691 3751 tutti
714 3689 739 3750 li
764 3690 846 3751 mali
878 3688 978 3770 patiti
1013 3690 1210 3769 repetendo
1235 3707 1378 3768 spesSO,
1414 3696 1448 3748 et
1483 3690 1584 3752 haec

289 3795 371 3857 olim
397 3794 596 3858 meminisse
616 3796 764 3877 juvabit.

908 4179 943 4242 71

522 4293 717 4376 consilium
747 4315 770 4376 a
796 4293 1022 4396 principibus
1051 4295 1172 4376 Garolo
1201 4295 1336 4376 datum.

737 4426 821 4495 (Acta
838 4425 975 4484 Wormao.
992 4423 1038 4504 ἰοὶ
1056 4425 1123 4495 itt.)

786 4529 839 4589 (20.
860 4527 963 4591 Aprilis
986 4524 1074 4593 1521.)

380 4649 627 4714 Sacratissime
650 4671 691 4712 ac
715 4650 945 4713 invictissime
961 4650 1102 4714 Caesar.
1143 4651 1213 4714 Les
1234 4629 1407 4715 electeurs
1429 4653 1586 4734 princes

291 4768 327 4820 et
358 4769 453 4821 estas
477 4759 523 4820 du
548 4756 672 4822 Sainct
704 4758 837 4840 empire
862 4777 927 4820 vos
951 4759 1113 4820 humbles
1137 4757 1293 4821 subiectz
1324 4769 1386 4821 ont
1417 4765 1587 4827 entendu

291 4869 326 4930 le
357 4877 509 4948 concept
542 4870 586 4930 de
619 4876 740 4929 vostre
769 4866 920 4928 Maieste
952 4866 1069 4946 lequel
1101 4867 1177 4928 leur
1207 4885 1292 4927 aves
1325 4869 1587 4952 communique
