3425 5700
806 513 1054 576 0-5'3'27053*

289 675 365 730 trae
389 668 484 749 quod
508 666 588 730 lieri
613 667 699 730 velit
723 687 802 731 curn
827 667 955 732 misero
979 667 1122 730 homine
1145 665 1182 730 in
1198 688 1262 730 sua
1276 668 1475 750 pertinacia
1490 689 1555 750 per·

289 786 488 840 severante.

379 882 565 946 Caeterum
603 883 685 964 quia
720 885 844 946 eadem
879 891 1044 946 creatura
1076 891 1197 945 vestra
1229 892 1364 946 certum
1388 883 1498 944 habet
1519 882 1558 943 ad

288 989 442 1052 schisma
466 999 501 1052 et
525 988 762 1054 defectionem
786 991 998 1053 movendam
1021 991 1226 1053 mandatum
1251 1009 1330 1052 esse
1347 1009 1559 1069 consensum,

288 1096 488 1177 partimque
521 1095 597 1160 fieri
630 1096 878 1160 conventicula
911 1096 1210 1178 conspirationes,
1243 1105 1383 1160 mutuas
1407 1098 1558 1160 cohorta-

288 1201 413 1282 tioneS,
437 1205 581 1266 adrem
605 1213 676 1267 tam
700 1205 925 1282 horrendam,
950 1202 1085 1267 diutina
1108 1203 1370 1268 consultatione
1394 1223 1473 1267 cum
1495 1203 1560 1266 suis

287 1309 420 1389 habita,
443 1310 579 1373 invenit
603 1331 735 1392 operae
758 1311 918 1392 precium
942 1330 1020 1374 esse
1045 1321 1083 1374 ut
1106 1311 1384 1374 Illustrissimum
1407 1310 1560 1390 Joachim

287 1415 531 1480 Marchionem
547 1427 583 1479 et
599 1419 790 1481 electorem
808 1418 1169 1500 Brandeburgensem
1184 1418 1356 1497 Fratrem,
1381 1419 1560 1497 electores,

289 1533 325 1586 et
347 1523 528 1606 principes
552 1525 660 1605 alios,
684 1525 858 1607 requirat,
895 1525 1070 1608 principio
1095 1525 1180 1607 quid
1204 1524 1312 1587 animi
1336 1543 1423 1605 erga
1446 1524 1560 1587 Eccle-

278 1631 376 1694 siam
415 1633 587 1714 habeant,
628 1642 732 1695 etan
756 1632 869 1696 velint
897 1653 976 1696 esse
1007 1631 1187 1716 praesidio
1211 1629 1451 1695 labefactatae
1475 1631 1560 1714 paci.

288 1737 428 1801 Deinde
452 1740 579 1821 quibus
610 1740 806 1803 rationibus
837 1740 923 1822 ipsis
954 1739 1117 1803 videatur
1142 1740 1399 1803 occurrendum
1424 1738 1561 1801 nimium

288 1848 436 1909 robusto
469 1847 551 1910 huic
583 1849 696 1928 ma10,
727 1856 763 1910 et
794 1847 829 1909 in
863 1869 906 1910 eo
930 1847 999 1910 iam
1023 1857 1117 1910 totus
1142 1860 1197 1910 est
1219 1856 1258 1908 ut
1282 1846 1362 1908 illos
1385 1845 1562 1927 sigillatim

288 1972 353 2034 per
376 1951 525 2017 idoneos
549 1964 584 2016 et
608 1954 749 2018 intimos
773 1955 980 2018 consiliares
1004 1957 1178 2036 exploret,
1204 1975 1245 2017 ac
1261 1953 1421 2016 invocet:
1446 1955 1560 2015 Prete-

288 2080 350 2123 rea
380 2080 459 2122 cum
491 2060 686 2124 Comitibus
709 2043 883 2125 N'assallis
910 2061 1003 2125 idem
1034 2059 1195 2124 tentabit.
1242 2059 1333 2122 Nam
1366 2059 1471 2123 altius
1498 2062 1563 2122 hoc

289 2168 418 2230 malum
442 2169 581 2231 radices
606 2167 749 2248 defixit,
786 2189 890 2250 quam
923 2168 1017 2250 quod
1050 2189 1073 2230 a
1102 2171 1179 2230 sola
1210 2176 1373 2229 creatura
1404 2165 1565 2248 predicta

288 2275 394 2337 avelli
417 2276 532 2357 possit
555 2276 746 2339 amicorum
770 2274 935 2358 presidiis
960 2274 1139 2338 destituta.

377 2381 563 2462 Quendam
588 2382 817 2446 abmandavit
840 2384 887 2444 ad
912 2381 1122 2444 Caesaream
1143 2381 1367 2462 Maiestatem
1391 2378 1451 2462 qui
1476 2399 1565 2442 com-

287 2509 392 2552 mune
416 2489 604 2572 negocium
621 2489 809 2552 Romanae
826 2487 1009 2552 Ecclesiae
1024 2487 1269 2570 potentissime
1285 2496 1380 2569 aget,
1405 2497 1440 2549 et
1464 2485 1566 2549 huius

289 2598 457 2658 tumultus
481 2598 638 2659 remedia
662 2598 757 2678 apud
782 2595 994 2659 Caesaream
1011 2595 1234 2657 Maiestatem
1254 2604 1411 2675 venetur,
1437 2593 1568 2676 quique

288 2703 465 2767 Caesarea
489 2705 655 2768 mandata
679 2705 851 2766 adversus
876 2723 954 2766 eam
978 2712 1111 2764 sectam
1134 2701 1350 2783 impediente
1372 2705 1469 2764 bello
1487 2700 1567 2764 Gal-

287 2809 354 2874 lico
379 2813 550 2875 hactenus
574 2810 753 2894 plerisque
785 2810 820 2875 in
852 2809 939 2873 locis
971 2830 1041 2873 non
1065 2808 1262 2893 publicata,
1286 2809 1463 2892 publicari
1489 2829 1569 2872 exe·

288 2918 490 3001 cutionique
515 2920 722 2983 demandari
746 2928 855 2982 curet.

376 3024 420 3088 Et
443 3027 574 3108 quique
597 3046 655 3090 res
672 3046 786 3109 prope
810 3025 962 3089 hominis
979 3035 1122 3108 captum
1146 3034 1182 3087 et
1198 3025 1292 3087 vires
1316 3026 1498 3087 excedere
1523 3022 1570 3085 vi·

288 3135 390 3196 detur
422 3144 460 3195 ut
491 3134 647 3215 alioquin
673 3132 831 3195 divinum
860 3133 1030 3195 auxilium
1054 3132 1089 3193 in
1114 3131 1277 3195 omnibus
1302 3142 1355 3194 est
1378 3130 1571 3212 imploran-

287 3241 381 3319 dum,
406 3239 608 3321 impetravit
632 3241 765 3303 devota
789 3249 952 3303 creatura
975 3248 1096 3302 vestra
1119 3260 1185 3321 per
1206 3259 1288 3301 suas
1305 3239 1469 3301 dioceses
1494 3236 1574 3300 fieri

286 3347 447 3428 publicas
471 3347 749 3429 supplicationes
765 3346 1025 3429 processiones,
1050 3346 1222 3409 lectiones
1238 3345 1451 3425 litaniarum,
1478 3345 1574 3427 psal-

287 3474 420 3516 morum
446 3464 481 3517 et
505 3454 541 3515 id
565 3474 679 3535 genus
703 3456 830 3536 quibus
855 3462 977 3535 sperat
999 3455 1279 3535 promovendum
1310 3451 1480 3514 affectum
1514 3472 1574 3533 po-

286 3558 460 3642 pularium
485 3562 530 3623 ad
555 3562 830 3625 misericordiam
855 3560 923 3623 Dei
948 3560 1229 3641 suscipiendam,
1254 3569 1290 3622 et
1315 3561 1362 3621 ad
1385 3557 1576 3622 iustiorem

286 3668 471 3750 magisque
497 3667 733 3732 Christianam
758 3668 962 3750 opinionem
986 3668 1211 3730 induendam.

375 3773 466 3839 Sunt
489 3776 616 3857 quibus
640 3774 858 3857 provinciale
875 3774 1071 3837 Concilium
1093 3774 1291 3856 expediens
1314 3771 1514 3855 videretur,
1542 3783 1579 3834 et

286 3885 381 3964 quod
407 3880 586 3947 Sanctitas
611 3892 730 3945 vestra
754 3883 989 3944 demandaret
1012 3880 1314 3963 Archiepiscopis,
1338 3890 1377 3942 ut
1407 3879 1580 3942 collectis

286 3988 439 4052 Prelatis
454 4010 594 4053 suarum
611 3989 873 4071 provinciarum
888 3988 924 4050 in
940 4008 1124 4050 commune
1138 3990 1380 4050 consultarent
1393 3986 1439 4048 de
1454 3985 1581 4050 causis

286 4105 322 4161 et
343 4098 509 4161 remediis
532 4096 621 4159 tanti
644 4097 726 4159 mali
750 4118 828 4158 cum
850 4094 1099 4159 testificatione
1124 4095 1217 4176 quod
1238 4090 1426 4155 Sanctitati
1449 4104 1582 4159 vestre

286 4204 371 4267 nihil
403 4205 538 4286 gratius
569 4204 757 4287 obtingere
787 4204 902 4285 possit
932 4223 1037 4285 quam
1069 4222 1155 4264 vera
1184 4221 1258 4282 pax
1288 4198 1583 4265 Christianorum

286 4314 451 4394 quodque
476 4314 623 4375 adeam
647 4311 936 4394 reintegrandam
959 4330 1025 4391 pro
1046 4318 1198 4391 paterna
1220 4307 1354 4389 pietate
1378 4328 1419 4369 ac
1437 4308 1585 4373 affectu

286 4440 352 4501 pro
377 4419 512 4482 viribus
536 4427 707 4482 conatura
731 4428 834 4482 esset.
874 4418 1009 4480 Verum
1033 4436 1080 4502 ea
1092 4436 1150 4478 res
1173 4414 1402 4497 provincialis
1419 4412 1586 4480 Concilii

287 4526 438 4589 coeundi
454 4526 583 4588 dictam
598 4524 806 4588 Sanctitatis
829 4534 949 4587 vestre
973 4519 1172 4587 creaturam
1195 4522 1384 4585 sollicitam
1408 4531 1531 4589 tenet.

376 4633 501 4714 Neque
524 4644 657 4696 temere
682 4652 803 4696 eorum
827 4632 887 4713 qui
911 4632 960 4694 ita
984 4629 1141 4694 sentiunt
1164 4630 1398 4712 amplectetur
1428 4641 1585 4695 senten-

287 4740 371 4803 tiam
396 4740 461 4802 nisi
486 4749 659 4821 quatenus
689 4740 727 4802 id
751 4737 932 4803 Sanctitas
964 4746 1085 4800 vestra
1108 4747 1247 4818 gratum
1272 4756 1352 4799 esse
1375 4756 1417 4798 ac
1443 4740 1500 4801 ab
1526 4760 1587 4802 ea-

288 4850 369 4910 dem
393 4847 538 4930 probari
563 4846 783 4929 cognoverit.
