3425 5700
811 597 870 661 ee]
909 598 962 662 eli
1000 595 1058 659 ca

295 749 362 815 bus
386 747 652 816 Provinciarum
670 752 923 832 Vicedominis,
940 751 1108 832 scultetis,
1133 750 1315 814 advocatis
1341 750 1559 833 burgimagis·

296 860 368 940 tris,
384 859 597 940 pretoribus‚
618 860 832 939 consulibus,
858 859 994 922 civibus
1010 869 1046 920 et
1062 859 1372 921 communitatibus
1388 879 1431 920 ac
1448 859 1562 922 ceteris

296 966 574 1048 quibuscumque
613 967 743 1030 nostris
779 979 815 1030 et
850 966 943 1029 sacri
975 965 1118 1046 Imperii
1153 984 1195 1026 ac
1234 965 1338 1027 etiam
1377 975 1562 1027 nostrorum

294 1071 878 1156 hereditariorum,principatuum
913 1081 948 1134 et
983 1071 1245 1154 provinciarum
1279 1073 1430 1135 subditis
1466 1072 1562 1152 cujus·

294 1200 443 1260 cumque
468 1180 663 1260 dignitatis,
688 1191 800 1242 status
825 1201 886 1242 seu
913 1178 1125 1242 conditionis
1149 1179 1220 1240 sint
1244 1188 1280 1241 et
1303 1199 1369 1260 per
1388 1189 1564 1260 presentes

294 1286 453 1367 requisiti
478 1286 609 1349 fuerint
633 1288 784 1367 gratiam
810 1298 967 1349 nostram
992 1297 1028 1349 et
1051 1307 1155 1348 omne
1179 1288 1320 1349 bonum.

384 1393 457 1456 Nos
486 1394 571 1456 moti
595 1395 805 1474 urgentibus
830 1394 1027 1456 rationibus
1060 1405 1093 1455 et
1119 1393 1341 1474 praearduiS,
1371 1396 1565 1469 accedente,

294 1500 442 1563 consilio
474 1511 509 1562 et
533 1521 706 1564 consensu
733 1509 932 1563 nostrorum
958 1510 993 1564 et
1017 1501 1108 1563 sacri
1138 1499 1275 1581 imperii
1301 1501 1496 1562 electorum
1519 1521 1565 1561 ce·

295 1617 521 1688 terorumque
545 1607 742 1689 principum
769 1619 804 1670 et
821 1618 973 1670 statuum
995 1607 1051 1668 hic
1069 1608 1164 1688 apud
1183 1626 1247 1668 nos
1264 1621 1566 1689 congregatorum,

296 1712 469 1775 edidimus
505 1723 637 1774 certum
673 1715 826 1776 edictum
863 1715 938 1778 sive
963 1716 1166 1777 mandatum
1190 1713 1381 1776 Martinum
1408 1715 1566 1776 Luterum

295 1841 336 1881 ac
362 1822 477 1900 legem
503 1819 764 1901 impressoriam
789 1842 1010 1884 concernens
1028 1832 1067 1882 ut
1081 1821 1181 1884 iuxta
1195 1831 1381 1903 presentes
1398 1821 1566 1884 videbitis.

295 1927 508 1990 Mandantes
532 1927 665 1988 idcirco
684 1928 785 1990 vobis
804 1929 965 1991 omnibus
990 1939 1025 1991 et
1040 1929 1187 1991 cuilibet
1206 1939 1361 1990 vestrum
1381 1931 1447 1990 sub
1472 1928 1568 2010 penis

295 2034 454 2097 emendis
484 2049 518 2096 et
542 2035 843 2098 satisfactionibus
868 2036 901 2098 in
928 2035 1100 2098 eiusmodi
1130 2035 1235 2097 edicti
1264 2046 1325 2096 aut
1354 2034 1509 2096 mandati
1532 2053 1569 2095 ac

294 2140 385 2221 legis
410 2139 535 2203 litteris
560 2142 734 2204 contentis
759 2142 852 2204 omni
878 2141 969 2204 serie
985 2142 1202 2223 presentium
1222 2162 1286 2222 per
1302 2151 1461 2203 tenorem
1479 2141 1568 2223 quod

294 2248 442 2330 quilibet
458 2258 612 2310 vestrum
628 2249 828 2330 hujusmodi
844 2261 1001 2311 nostrum
1018 2247 1172 2311 edictum
1188 2250 1391 2310 mandatum
1404 2267 1446 2309 ac
1457 2249 1569 2328 legem

294 2355 467 2417 universis
492 2365 527 2417 et
551 2355 701 2437 singulis
726 2366 796 2418 tarn
821 2355 951 2418 nostris
966 2376 1071 2436 quam
1088 2356 1173 2417 viris
1188 2354 1339 2416 subditis
1364 2365 1395 2417 el
1421 2349 1492 2416 illis
1515 2353 1570 2435 qui

295 2474 436 2524 vestrae
461 2465 609 2524 subsunt
637 2463 852 2544 jurisditioni
878 2473 914 2525 et
942 2462 1237 2525 administrationi
1265 2461 1408 2542 publice
1442 2462 1568 2523 denun-

294 2569 389 2631 tietis
414 2578 450 2631 et
473 2571 544 2650 legi
569 2569 726 2648 sacione,
759 2569 881 2650 eisque
906 2572 971 2632 sub
996 2569 1098 2650 penis
1122 2569 1280 2631 emendis
1305 2583 1341 2630 et
1364 2568 1570 2630 satisfactio·
1679 2638 1680 2645 ἵ

235 2724 237 2728 -
295 2676 397 2738 nibus
422 2677 599 2738 mandatis
624 2686 659 2738 et
684 2677 728 2738 ad
755 2697 797 2738 ea
822 2676 1073 2756 constringatis
1097 2688 1135 2737 ut
1159 2676 1331 2738 eiusmodi
1346 2675 1463 2737 edicto
1481 2695 1571 2736 man·
1679 2696 1680 2745 l

294 2785 377 2845 dato
405 2803 446 2845 ac
471 2782 544 2865 legi
567 2783 603 2844 in
628 2783 790 2846 omnibus
814 2783 955 2865 punctis
980 2793 1014 2844 et
1039 2781 1196 2844 articulis
1213 2782 1423 2844 obedienter
1440 2782 1572 2859 vivant,

294 2902 328 2953 et
353 2891 550 2953 inherendo
575 2901 807 2972 exequantur.
856 2889 1025 2952 Similiter
1050 2900 1085 2951 et
1109 2911 1173 2952 vos
1197 2910 1263 2970 pro
1288 2889 1390 2951 vobis
1415 2890 1501 2971 ipsis
1525 2891 1573 2951 ita

293 2998 433 3061 faciatis
458 3009 495 3059 ut
520 3008 641 3059 nostra
666 3010 718 3059 est
744 2998 945 3060 omnimoda
978 2999 1144 3059 voluntas
1169 3006 1205 3057 et
1228 2996 1362 3059 seriose
1386 2997 1571 3059 sententia.

906 3459 959 3522 82.

611 3574 1002 3654 vicecancellarius
1029 3573 1246 3654 Alcandrc.

735 3712 878 3783 (bullat.
898 3713 1024 3771 (lemen
1041 3712 1072 3770 L
1090 3712 1139 3780 ct)

611 3836 662 3893 (η.
685 3834 749 3881 Maii
773 3844 846 3895 1521.
866 3862 897 3869 —
920 3833 1085 3881 Wonnatiae
1104 3835 1144 3881 ez.
1165 3830 1250 3897 Maii.)

380 3956 617 4019 Hiermattina
646 3956 684 4018 fu
708 3958 794 4019 letta
819 3958 877 4018 nel
902 3977 1003 4019 sacro
1029 3955 1234 4017 Consistoro
1266 3955 1300 4017 in
1325 3956 1506 4035 presentia
1534 3953 1569 4015 di

291 4066 333 4129 N.
348 4065 384 4129 S.
400 4078 434 4127 et
447 4076 537 4126 tutto
555 4064 577 4125 'l
593 4064 689 4127 Rmo
707 4062 896 4145 Colleggio
910 4065 945 4125 la
956 4062 1132 4125 sententia
1149 4074 1184 4124 et
1197 4062 1464 4124 dechiaratione
1478 4063 1570 4123 della

291 4184 392 4234 santa
417 4181 534 4233 mente
565 4169 599 4232 di
625 4170 754 4233 Cesare
780 4173 812 4232 in
840 4169 1049 4232 defensione
1073 4170 1167 4232 della
1191 4168 1273 4231 fede
1298 4179 1331 4230 et
1359 4168 1454 4230 Sede
1488 4190 1570 4251 apo·

291 4279 415 4341 stoliea
440 4287 565 4340 contra
589 4278 612 4339 il
637 4279 830 4340 maladetto
855 4278 980 4359 spirito
1013 4277 1048 4339 di
1079 4276 1213 4338 Luther
1244 4285 1280 4337 et
1309 4275 1423 4337 intesa
1457 4276 1494 4338 fu
1527 4277 1571 4336 da

291 4384 326 4447 S.
353 4382 492 4447 Sancite
517 4395 552 4446 et
576 4385 656 4447 tutti
684 4385 708 4447 li
734 4386 863 4447 Revmi
898 4384 1043 4465 Signori
1074 4404 1140 4446 con
1173 4385 1370 4463 allegrezza
1404 4393 1439 4444 et
1474 4382 1569 4445 satis-

289 4490 439 4553 fattione
466 4490 674 4553 incredibile
707 4503 926 4572 approvata,
962 4491 1082 4554 lodata
1118 4500 1153 4551 et
1189 4492 1347 4552 exaltata
1383 4490 1569 4570 pregando

288 4596 482 4659 humillime
506 4597 556 4660 Su
581 4599 808 4661 Beatitudine
845 4618 912 4660 con
941 4598 1010 4661 essi
1035 4595 1082 4660 8³¹
1104 4595 1235 4659 Reumi
1271 4598 1336 4658 che
1360 4596 1493 4659 Nostro
1518 4595 1567 4659 Si·

289 4722 401 4783 gnere
418 4703 487 4766 Dio
511 4705 692 4787 augmenti
717 4716 753 4767 et
768 4705 933 4787 prosperi
956 4713 1083 4787 questo
1107 4702 1373 4786 religiosissimo
1390 4704 1509 4767 animo
1534 4703 1567 4765 di

289 4831 329 4872 su
353 4810 492 4874 Maesta
517 4822 552 4875 et
576 4810 656 4874 tutti
680 4812 691 4874 i
715 4812 768 4875 soi
793 4812 875 4875 iusti
899 4809 1066 4875 desiderii
1090 4823 1125 4873 et
1150 4813 1215 4874 che
1241 4810 1405 4874 conservi
1437 4813 1507 4875 alla
1531 4827 1569 4871 su

290 4916 418 4980 Chiesa
443 4920 514 4981 tale
538 4919 714 4983 advocato
741 4918 947 4982 fidelissimo
972 4929 1008 4981 et
1031 4917 1277 5001 potentissimo
1302 4926 1337 4978 et
1362 4916 1571 4979 constantis-
