3425 5700
638 560 886 626 &mii-³

134 718 216 781 bone
237 715 412 791 dottrine;
436 738 494 781 ma
517 718 584 781 che
608 737 678 780 non
704 737 742 779 se
765 716 868 799 pensi
894 738 956 780 sua
972 714 1112 781 Maesta
1137 716 1203 781 che
1224 716 1267 782 sii
1293 716 1404 783 editto

134 826 248 887 alcuno
271 825 319 887 de
341 824 563 907 Imperatore
596 826 661 887 che
685 823 746 907 piu
770 843 877 905 posse
901 825 968 888 che
992 825 1027 887 la
1051 824 1172 888 divina
1195 825 1320 890 verita.
1360 826 1405 889 Et

134 934 215 995 altre
226 952 311 997 cose
333 931 369 995 di
382 930 473 995 simil
484 930 610 995 farina.
650 931 720 993 Un'
733 932 824 994 altra
837 930 956 993 littera
968 931 1015 994 ha
1027 930 1149 996 scritto
1162 933 1222 1014 piu
1236 923 1407 1015 paceveie

134 1039 373 1123 aMoguntino
397 1039 592 1102 lodandolo
616 1036 653 1102 di
677 1037 789 1101 bonta
812 1048 848 1100 et
873 1039 939 1101 che
961 1038 1009 1101 lui
1025 1059 1165 1121 sempre
1187 1040 1208 1103 l’
1222 1042 1268 1103 ha
1282 1044 1405 1104 tenuto

133 1166 191 1227 per
212 1167 275 1210 suo
298 1156 468 1229 patrone;
493 1165 551 1209 ma
574 1150 644 1209 ben
669 1147 693 1209 li
718 1147 801 1209 dole
824 1147 891 1208 che
907 1146 929 1209 'l
953 1146 996 1208 sii
1015 1147 1184 1210 coniunto
1209 1150 1406 1230 conquesti

135 1255 207 1317 altri
228 1254 322 1336 preti
347 1253 476 1317 ribaldi
500 1262 625 1317 contra
648 1253 782 1316 Luther
806 1262 841 1315 et
865 1252 973 1335 quelli
998 1254 1064 1316 che
1089 1257 1218 1318 voleno
1242 1255 1408 1320 difender

135 1363 164 1424 ia
191 1344 331 1425 liberta¹
349 1360 557 1435 christiana3
593 1368 629 1424 et
659 1358 694 1422 in
722 1358 771 1446 fin
803 1360 848 1423 de
879 1362 913 1422 la
938 1358 1089 1442 epistola
1121 1361 1145 1423 li
1177 1362 1255 1425 dice
1287 1366 1353 1425 che
1384 1364 1407 1427 li

133 1468 277 1551 perdoni
301 1489 356 1549 se,
387 1488 459 1531 non
481 1467 638 1531 volendo
663 1468 762 1529 detto
785 1466 998 1548 Moguntino
1023 1468 1181 1531 retirarsi
1205 1470 1252 1531 da
1276 1472 1325 1533 tal
1348 1472 1407 1533 im·

133 1596 241 1657 presa,
264 1575 315 1639 lui
338 1574 421 1639 sera
443 1583 615 1639 costretto
639 1575 696 1638 sar
718 1574 779 1657 piu
801 1574 905 1637 stima
929 1578 974 1637 de
990 1578 1025 1638 la
1039 1575 1159 1639 nation
1175 1597 1238 1641 sua
1263 1590 1298 1641 et
1315 1578 1409 1642 della

133 1682 242 1745 verita
274 1681 488 1764 evangelica
520 1684 587 1745 cire
619 1682 655 1745 di
688 1701 768 1745 esso
793 1680 994 1746 Cardinale.
1039 1682 1152 1747 Terza
1185 1686 1313 1749 lettera
1345 1686 1409 1749 da

134 1792 209 1854 tutti
232 1790 424 1872 Cardinali,
447 1788 628 1873 Episcopi,
653 1788 788 1852 Prolati
812 1799 849 1851 et
871 1788 965 1871 preti
988 1789 1024 1852 in
1049 1788 1250 1855 Wormatia
1274 1795 1308 1855 al
1332 1814 1410 1874 pre·

136 1906 228 1961 sente
258 1896 488 1980 congregati,
522 1895 548 1959 li
578 1897 675 1977 quali
705 1894 839 1959 voliino
871 1896 1069 1959 contrariar
1099 1918 1121 1960 a
1143 1898 1298 1990 Martino
1329 1911 1365 1963 et
1389 1922 1411 1964 a

138 2016 255 2086 questa
286 2007 365 2068 loro
394 2013 494 2068 tanta
525 2003 691 2085 impresa.
738 2001 875 2084 Questa
907 2004 1035 2067 lettera
1060 2004 1078 2067 ὲ
1102 2006 1213 2086 longa
1245 2008 1290 2069 de
1324 2006 1411 2071 sorsi

140 2112 185 2173 sei
205 2111 280 2175 folii
304 2112 341 2175 di
363 2131 505 2195 papyro
529 2121 565 2173 et
589 2116 647 2193 qui
672 2119 764 2174 tutte
787 2112 821 2174 le
838 2110 1012 2175 enormitai
1036 2121 1071 2173 et
1086 2111 1168 2174 vicii
1193 2115 1259 2175 che
1276 2134 1314 2177 se
1331 2134 1410 2197 pos-

141 2238 220 2282 sono
242 2219 431 2302 excogitat
454 2220 491 2282 al
514 2218 662 2297 mundo,
686 2219 721 2281 le
744 2226 915 2281 racconta
939 2238 1037 2282 esser
1059 2218 1095 2281 in
1121 2220 1209 2282 detti
1233 2220 1412 2286 Cardinali

143 2336 175 2387 et
194 2326 269 2389 altri
296 2346 407 2409 sopra
430 2324 561 2406 scritti,
592 2335 783 2388 contento
808 2328 937 2389 veleno
962 2326 1028 2388 che
1052 2328 1204 2389 sarebbe
1235 2347 1302 2409 per
1323 2330 1412 2392 into-

142 2433 232 2497 xicar
262 2436 295 2497 ei
319 2434 453 2497 mundo
487 2443 523 2495 et
554 2434 601 2495 ha
623 2432 714 2495 fatto
748 2431 837 2494 ditte
870 2433 998 2495 lettere
1031 2452 1098 2495 con
1130 2434 1267 2515 grande
1295 2435 1412 2499 studio

141 2548 225 2604 tutta
252 2549 379 2624 questa
408 2542 648 2623 hynvernata;
684 2540 728 2602 nc
760 2538 780 2600 ὲ
808 2540 886 2601 solo
917 2538 1032 2603 farina
1063 2539 1099 2602 di
1123 2540 1259 2604 Hutten
1290 2563 1347 2606 ma
1376 2543 1411 2606 di

143 2648 232 2710 molti
253 2648 278 2711 li
302 2647 400 2730 quali
423 2668 512 2711 sono
527 2666 624 2728 seco,
648 2654 683 2709 et
707 2646 895 2728 presertim
920 2646 955 2709 di
972 2666 1043 2709 uno
1067 2646 1160 2711 frate
1184 2650 1229 2711 de
1253 2650 1274 2711 l'
1289 2650 1413 2713 ordine

142 2754 176 2816 di
198 2754 304 2818 Santo
328 2754 545 2834 Domenico,
579 2756 636 2817 del
662 2754 745 2835 qual
769 2753 846 2816 diro
871 2752 1033 2817 dissott0.
1079 2755 1119 2817 1n
1143 2756 1262 2837 quella
1284 2758 1413 2820 lettera

141 2863 384 2927 verbosissime
408 2860 535 2925 diffida
557 2860 638 2924 tutti
662 2859 687 2923 li
711 2860 932 2942 soprascritti
957 2881 978 2924 a
1002 2881 1133 2944 guerra
1157 2866 1317 2928 mortale.
1376 2872 1387 2896 '

222 2971 268 3034 Di
290 2980 416 3053 queste
439 2978 495 3032 tre
518 2971 646 3032 lettere
669 2988 741 3029 non
765 2968 882 3030 scrivo
906 2968 967 3049 piu
991 2969 1252 3051 particolaritai,
1281 2973 1412 3053 perche

143 3096 210 3140 non
230 3079 258 3141 si
281 3078 303 3142 ὸ
325 3086 474 3160 possuto
497 3078 567 3139 ben
591 3075 757 3139 intender
779 3084 887 3149 tutte;
912 3095 1000 3138 sono
1026 3086 1123 3139 certo
1148 3079 1214 3141 che
1239 3079 1283 3141 de
1303 3080 1414 3141 breve

142 3205 287 3248 saranno
325 3185 498 3266 impresse
532 3192 568 3245 et
600 3183 781 3264 publicato
816 3192 852 3245 et
885 3183 1127 3257 mandaransi;
1165 3205 1221 3247 ma
1260 3184 1294 3246 in
1328 3205 1415 3248 uero

142 3302 260 3374 questa
283 3291 303 3354 ὲ
326 3294 363 3355 la
386 3290 594 3353 substantia.

224 3401 327 3464 Delia
351 3406 478 3480 quarta
501 3397 620 3459 littera
643 3396 766 3459 scritta
790 3416 810 3458 a
834 3417 908 3476 me,
932 3396 967 3460 in
991 3418 1062 3479 qua
1085 3397 1209 3461 indicit
1234 3397 1317 3463 mihi
1341 3400 1413 3461 bel-

141 3507 209 3569 lum
231 3516 266 3570 et
289 3526 424 3585 necem,
449 3504 579 3567 mando
603 3506 637 3568 la
662 3502 775 3585 copia.
824 3503 933 3567 Cesar
958 3506 1005 3566 ha
1028 3506 1149 3568 voluto
1174 3506 1240 3568 che
1264 3507 1298 3569 io
1322 3517 1413 3569 tran·

138 3614 266 3677 latasse
289 3615 390 3676 detta
412 3612 531 3675 littera
553 3611 589 3674 in
613 3612 795 3692 francese,
827 3611 923 3692 quod
948 3609 1018 3674 feci
1043 3621 1078 3674 et
1102 3613 1184 3675 hala
1209 3615 1355 3694 veduta,
1381 3624 1416 3677 et

139 3721 200 3784 noi
221 3721 309 3784 fatto
332 3723 367 3785 le
392 3721 537 3801 querele
560 3718 681 3781 debite
705 3739 726 3780 a
750 3739 814 3780 sua
837 3718 977 3781 Maesta
1001 3727 1037 3781 et
1060 3721 1093 3781 al
1118 3718 1323 3802 Conseglio,
1348 3721 1416 3804 sig·

138 3827 340 3893 nificandoli
375 3837 501 3910 questa
532 3840 630 3889 esser
662 3824 780 3908 lapid
813 3824 973 3889 inaudita
1003 3845 1088 3888 cosa
1121 3827 1187 3889 che
1219 3825 1288 3891 mai
1321 3827 1417 3891 fusse

136 3934 229 3998 satta
257 3938 290 3998 ai
314 3935 463 4014 mondo,
496 3935 564 3996 che
587 3942 712 3994 contra
738 3932 795 4012 jus
817 3933 977 4015 gentium
1010 3932 1033 3995 li
1058 3936 1309 4014 ambassatori‚
1346 3955 1417 3998 non

136 4042 219 4105 dico
240 4043 275 4105 di
299 4063 370 4105 uno
387 4039 572 4123 Pontifice,
588 4061 652 4118 ⁴ma
676 4041 735 4102 del
754 4038 897 4103 minimo
915 4039 1082 4121 Principe
1102 4041 1159 4102 del
1179 4045 1310 4105 mundo
1328 4043 1417 4106 siino

134 4149 289 4213 diffidati
322 4150 418 4211 della
449 4146 524 4211 vita
556 4146 709 4209 essendo
743 4146 778 4208 in
813 4155 911 4209 corte
949 4145 985 4208 di
1018 4147 1075 4209 un'
1090 4149 1181 4209 altro
1216 4149 1417 4230 qualunque

134 4259 309 4340 principe,
333 4255 473 4320 nonche
496 4256 542 4318 de
566 4275 637 4318 uno
661 4254 766 4317 Carlo
791 4256 863 4317 tale
878 4253 988 4316 Cesar
1012 4263 1047 4316 et
1071 4253 1140 4319 Re.
1158 4255 1250 4316 Perd
1275 4255 1412 4318 deman·

133 4366 243 4428 darno
274 4366 306 4427 ci
328 4364 510 4427 facessero
535 4361 667 4443 securi,
698 4360 831 4443 perche
855 4383 877 4424 a
901 4369 1025 4442 queste
1050 4359 1248 4423 diffidation
1276 4361 1311 4424 di
1337 4363 1418 4424 Ale-

134 4493 269 4556 magna
291 4473 310 4535 ὲ
334 4471 493 4554 pericolo
516 4471 583 4532 che
607 4488 678 4531 non
704 4467 735 4530 ci
758 4465 940 4549 uenghino
965 4486 1122 4530 amazzar
1146 4466 1206 4549 qui
1229 4467 1264 4529 in
1281 4461 1316 4532 la
1332 4469 1419 4532 cittii

132 4603 155 4642 o
181 4581 220 4642 in
244 4591 354 4643 strata
378 4599 401 4642 o
423 4577 461 4640 in
484 4596 579 4656 casa,
605 4575 735 4657 perche
760 4571 833 4636 cosi
857 4573 878 4635 ὲ
901 4574 936 4637 la
960 4576 1036 4637 loro
1061 4575 1327 4654 consuetudine,
1352 4577 1419 4639 che

131 4706 297 4768 pensano
328 4685 406 4749 iure
432 4684 540 4747 licere
565 4681 895 4764 quomodocumque
926 4679 1125 4743 interficere
1155 4682 1333 4744 hominem
1362 4683 1418 4746 cui

130 4794 390 4859 denunciatum
421 4791 528 4856 fuerit
551 4791 701 4870 beilum,
737 4796 773 4850 et
804 4795 930 4870 questo
955 4789 1107 4850 sarebbe
1131 4787 1236 4851 facile
1269 4787 1328 4870 qui
1352 4790 1419 4853 che

131 4927 208 4971 uno
236 4905 340 4969 odoi
364 4923 386 4966 o
412 4901 512 4964 diece
537 4897 720 4962 subornati
745 4897 790 4958 da
813 4895 948 4959 Hutten
974 4904 1010 4957 et
1033 4897 1067 4958 la
1091 4915 1154 4958 sua
1175 4897 1419 4960 coniuratione
