3425 5700
830 543 888 596 ΗΒ
927 545 979 597 244
1019 542 1076 595 a*

313 689 467 751 Martino
492 689 512 749 l'
529 691 634 751 homo
660 689 716 750 del
742 685 876 769 Spirito
901 686 1029 769 Sant0,
1054 688 1185 752 deinde
1209 690 1275 750 che
1299 691 1474 754 haveamo
1500 700 1580 753 rotto

314 796 338 858 il
362 796 644 858 salvocondotto
692 795 761 856 Noi
794 815 1013 876 pensavamo
1044 795 1110 857 che
1141 796 1162 858 'l
1187 796 1288 858 Duca
1320 797 1467 860 Saxone
1499 797 1581 860 fusse

314 913 407 965 stato
439 902 487 964 lui
520 903 555 964 in
587 922 694 964 causa
725 921 790 982 per
821 903 920 964 molti
954 902 1097 982 obietti‚
1132 913 1168 966 et
1198 903 1232 966 in
1268 916 1396 985 questa
1426 905 1583 987 opinione

313 1009 406 1072 intro
431 1029 498 1071 con
523 1009 582 1071 noi
608 1019 642 1070 et
667 1007 776 1070 Cesar
801 1017 836 1070 et
860 1007 957 1071 molti
981 1009 1135 1091 principi
1152 1020 1186 1072 et
1203 1011 1304 1091 quasi
1320 1021 1410 1073 tutta
1426 1013 1461 1074 la
1485 1023 1583 1090 corte,

314 1119 359 1178 ad
384 1117 435 1178 tal
452 1116 518 1179 che
537 1116 557 1176 'l
582 1117 673 1177 duca
690 1112 835 1177 Saxone
853 1115 1048 1178 vedendosi
1073 1137 1171 1179 esser
1188 1127 1348 1198 suspetto
1365 1119 1400 1180 in
1415 1117 1583 1199 frequenti

315 1224 514 1308 principum
529 1242 696 1284 consessu
713 1222 807 1284 disse
824 1223 891 1285 che
908 1223 932 1284 'l
944 1223 1135 1285 iurarebbe
1151 1224 1234 1303 ogni
1250 1224 1448 1288 iuramento
1465 1228 1531 1288 che
1545 1225 1585 1287 lui

316 1353 387 1397 non
411 1350 521 1411 sapea
545 1350 629 1393 cosa
652 1331 778 1392 alcuna
796 1338 831 1390 et
845 1350 955 1410 parea
970 1350 1015 1391 ne
1031 1329 1128 1394 fusse
1147 1334 1256 1393 molto
1271 1332 1433 1413 attonit0,
1457 1333 1584 1395 bench&

316 1441 358 1501 ne
384 1460 405 1502 a
430 1459 493 1500 sua
515 1436 635 1500 fronte
660 1436 709 1522 (la
733 1439 816 1517 qual
841 1456 981 1517 sempre
1006 1436 1077 1498 tien
1102 1435 1176 1500 lixa
1206 1437 1240 1499 in
1266 1435 1376 1523 terra)
1407 1441 1450 1502 ne
1479 1460 1500 1500 a
1531 1460 1584 1501 sue

315 1548 438 1628 parole
469 1547 578 1606 molto
608 1565 645 1606 se
677 1545 694 1606 ὲ
727 1544 771 1604 da
797 1542 905 1622 fidar,
939 1543 1124 1624 presertim
1155 1544 1189 1605 in
1216 1544 1365 1607 materia
1397 1546 1585 1608 lutherana.

317 1652 452 1733 Questo
483 1671 601 1714 rumor
633 1651 721 1712 duro
746 1653 817 1712 cosl
844 1649 904 1712 doi
928 1650 1045 1732 giorni
1070 1659 1106 1712 et
1130 1650 1158 1712 si
1184 1650 1378 1734 divulgava
1412 1654 1476 1714 che
1500 1652 1585 1715 veni·

316 1779 385 1820 ano
410 1758 514 1820 messi
538 1777 646 1839 sopra
671 1756 774 1819 messi
791 1757 856 1819 che
873 1767 1073 1838 portavano
1091 1756 1194 1822 simili
1212 1759 1354 1821 novelle
1378 1761 1444 1821 che
1462 1760 1586 1822 Luther

316 1888 337 1929 a
361 1875 501 1946 quattro
526 1865 688 1946 giornate
714 1864 748 1925 di
773 1863 832 1945 qui
857 1865 973 1926 havea
997 1865 1205 1927 remandato
1230 1867 1264 1927 lo
1288 1867 1437 1928 heraldo
1466 1877 1501 1929 et
1530 1868 1586 1930 fat·

316 1973 377 2036 toli
405 1973 440 2033 di
465 1993 528 2035 sua
552 1993 655 2033 mano
680 1971 844 2052 quitanza
870 1972 965 2033 della
989 1989 1099 2051 carga
1123 1973 1181 2034 del
1205 1975 1305 2034 salvo
1338 1975 1509 2036 condotto
1540 1973 1587 2055 (si-

317 2081 388 2143 cuti
413 2099 538 2142 revera
562 2083 645 2156 est);
676 2079 736 2159 poi
762 2079 855 2140 ando
879 2079 926 2140 ad
949 2099 1020 2140 una
1044 2088 1140 2140 terra
1164 2099 1185 2140 a
1209 2087 1283 2140 otto
1308 2101 1330 2140 o
1354 2078 1392 2140 X
1409 2079 1526 2161 giorni
1548 2082 1587 2142 de

317 2191 374 2269 qul
400 2186 580 2249 nominata
603 2186 791 2266 Eysenach
822 2186 915 2246 dove
949 2207 987 2247 se
1018 2185 1121 2248 dicea
1145 2187 1222 2247 chel
1254 2187 1400 2266 predico
1432 2188 1466 2249 el
1497 2188 1530 2249 dl
1557 2187 1589 2248 di

317 2292 430 2356 Santa
455 2292 566 2355 Croce
592 2301 627 2354 et
651 2289 723 2354 cosi
748 2293 863 2353 havea
894 2291 984 2354 fatto
1009 2301 1133 2354 contra
1161 2292 1185 2354 il
1218 2294 1514 2356 comandamento
1536 2314 1588 2356 ex·

317 2421 441 2482 presso
466 2399 501 2460 di
527 2398 652 2479 Cesar,
678 2411 713 2460 et
738 2397 848 2460 dicesi
880 2400 945 2461 che
976 2401 1096 2462 monto
1120 2401 1196 2461 solo
1229 2398 1262 2459 in
1295 2419 1396 2461 carro
1430 2419 1495 2462 con
1527 2420 1588 2461 uno

318 2527 381 2569 suo
415 2506 578 2585 fratello,
618 2505 740 2568 lassati
771 2505 795 2567 li
827 2505 908 2568 altri
940 2505 1073 2569 dottori
1104 2514 1140 2568 et
1178 2525 1247 2567 non
1281 2507 1380 2568 volse
1416 2526 1482 2568 con
1513 2527 1588 2568 seco

317 2613 468 2677 nianche
491 2633 538 2675 un
562 2613 704 2675 fratello
730 2613 763 2674 di
789 2632 852 2674 suo
878 2613 989 2692 padre
1015 2614 1047 2674 el
1072 2614 1177 2693 quale
1202 2614 1234 2674 el
1259 2614 1364 2675 volea
1387 2633 1588 2695 accompag-

318 2741 381 2784 nar
412 2729 446 2782 et
470 2722 535 2782 che
560 2720 608 2782 lui
634 2721 738 2781 volea
769 2718 893 2783 visitar
921 2719 1013 2782 fuori
1045 2719 1081 2781 di
1112 2740 1216 2782 mano
1245 2741 1292 2782 un
1325 2741 1388 2782 suo
1419 2721 1530 2783 amico
1557 2730 1589 2782 et

318 2827 391 2892 cosi
416 2827 451 2891 in
476 2826 614 2891 camino
639 2847 702 2891 era
725 2835 817 2889 stato
842 2846 948 2909 preso
973 2837 1009 2889 et
1023 2827 1156 2889 lassato
1182 2829 1213 2889 el
1241 2846 1451 2909 compagno.
1497 2828 1534 2890 Io
1557 2827 1590 2889 di

318 2946 443 3018 questo
468 2956 512 2998 ne
537 2938 618 2997 havl
643 2944 768 3015 queste
794 2954 909 2997 nuove
935 2935 1000 2996 che
1019 2934 1060 2995 V.
1076 2934 1111 2995 S.
1130 2934 1225 2996 Rma
1248 2932 1358 2996 vedri
1382 2955 1447 3015 per
1472 2937 1589 2996 lettere

318 3044 366 3105 dil
392 3042 548 3104 Cochleo
573 3042 638 3104 che
664 3040 709 3103 mi
734 3041 848 3103 scrive
874 3040 910 3101 di
934 3040 1193 3103 Franchfordia
1215 3050 1250 3102 et
1267 3041 1375 3121 quelli
1391 3043 1457 3104 che
1481 3050 1588 3122 porta·

317 3171 411 3213 vano
436 3148 498 3211 tali
515 3169 631 3212 nuove
656 3148 805 3210 diceano
831 3167 929 3209 esser
953 3147 1036 3209 stati
1055 3146 1090 3209 in
1106 3148 1205 3209 detta
1222 3157 1317 3209 terra
1341 3150 1386 3209 de
1410 3148 1589 3229 Eysenach

319 3268 354 3320 et
388 3256 479 3319 visto
515 3256 667 3337 planget
699 3256 732 3316 el
757 3254 830 3316 thio
866 3255 911 3315 de
942 3254 1088 3333 Luther,
1121 3264 1156 3316 et
1189 3253 1412 3317 conveniano
1444 3254 1522 3317 tutti
1547 3254 1590 3315 de

257 3414 262 3424 .
318 3366 408 3444 loce,
434 3364 478 3426 de
503 3363 578 3441 die,
612 3362 656 3423 de
681 3360 836 3442 quinque
862 3360 1041 3441 equitibus
1065 3383 1086 3423 a
1110 3361 1238 3442 quibus
1262 3360 1369 3423 fuerit
1393 3372 1531 3443 captus,
1556 3371 1590 3422 et

319 3472 412 3534 delle
437 3472 526 3533 altre
551 3478 640 3531 tutte
664 3469 872 3549 sopradette
897 3468 1096 3547 condition,
1131 3477 1167 3531 et
1191 3468 1286 3549 quivi
1311 3467 1427 3531 alcuni
1452 3468 1589 3550 imputa·

319 3598 413 3641 vano
437 3598 457 3639 a
483 3576 542 3637 noi
567 3578 633 3637 che
656 3574 857 3637 havessimo
883 3574 1065 3637 subornati
1090 3574 1113 3637 li
1139 3576 1218 3637 chel
1242 3574 1429 3656 pilioron0‚
1454 3574 1531 3637 altri
1557 3575 1590 3635 al

320 3686 415 3747 Rmo
449 3682 637 3746 Cardinale
679 3681 893 3763 Moguntino
931 3683 1009 3761 (che
1039 3682 1109 3744 Dio
1143 3683 1284 3745 volesse
1320 3681 1416 3745 fusse
1447 3692 1535 3745 stato
1564 3699 1589 3741 st

320 3791 463 3874 ardito);
490 3787 581 3851 assai
606 3789 754 3851 diceano
780 3790 845 3850 che
871 3786 1091 3868 Sichinghen
1115 3789 1136 3850 l'
1162 3790 1278 3852 havea
1302 3789 1391 3852 fatto
1408 3788 1510 3871 piliar
1532 3807 1590 3870 per

319 3902 430 3961 haver
446 3918 540 3975 sec0‚
557 3916 613 3957 ma
637 3905 763 3975 questo
789 3916 858 3957 non
885 3915 946 3956 era
970 3893 1178 3958 verissimile
1198 3898 1279 3959 chel
1302 3898 1453 3959 havesse
1468 3899 1590 3959 lassato

321 4006 431 4067 andar
461 4005 567 4084 longe
593 4002 626 4063 X
656 4002 833 4085 giornate;
866 4023 937 4065 non
962 4002 1069 4084 pochi
1095 4001 1244 4066 diceano
1270 4024 1367 4065 esser
1397 4015 1509 4065 trama
1538 4000 1590 4062 del

320 4113 422 4174 Duca
446 4110 481 4173 di
513 4108 672 4174 Saxonia
705 4132 770 4191 per
805 4112 945 4191 poterlo
979 4122 1224 4174 securamente
1257 4112 1455 4173 absconder
1480 4106 1589 4171 avanti

321 4221 354 4281 el
386 4218 432 4280 fin
469 4218 528 4279 del
561 4218 852 4295 salvocondott0‚
885 4227 921 4280 et
955 4218 1015 4298 poi
1047 4240 1068 4279 o
1094 4218 1286 4279 tenendolo
1317 4239 1338 4279 o
1363 4214 1591 4279 mandandolo

321 4335 465 4407 poterse
497 4344 647 4387 excusar
671 4327 736 4386 che
761 4322 808 4385 lui
834 4344 895 4386 era
919 4334 1012 4385 stato
1037 4345 1142 4404 preso
1174 4325 1221 4385 da
1252 4324 1341 4389 altri.
1388 4323 1454 4385 Poi
1484 4340 1593 4384 venne

324 4453 391 4494 uno
431 4434 495 4494 che
535 4430 629 4495 disse
669 4452 689 4492 a
729 4430 838 4493 Cesar
878 4433 930 4510 (ut
969 4432 1088 4491 retulit
1121 4429 1205 4491 mihi
1238 4427 1437 4514 confessor)
1461 4432 1525 4492 che
1549 4424 1592 4488 lui

322 4559 432 4621 sapea
468 4539 561 4600 dove
595 4538 751 4600 Martino
796 4557 857 4599 era
891 4539 1060 4600 detenuto
1097 4547 1132 4599 et
1167 4538 1233 4599 che
1270 4539 1303 4599 lo
1330 4538 1515 4599 detentore
1538 4554 1594 4596 era

321 4667 391 4709 uno
416 4646 661 4726 gentilhuomo
687 4646 721 4706 di
743 4644 942 4707 Franconia
968 4645 1147 4706 nominato
1183 4644 1319 4706 Hector
1348 4644 1499 4721 Behem,
1534 4642 1594 4701 che

322 4752 381 4834 gia
411 4752 527 4815 alcuni
559 4751 646 4815 mesi
679 4754 794 4814 havea
819 4752 981 4813 diffidato
1006 4752 1031 4813 il
1055 4752 1147 4813 duca
1171 4749 1317 4818 Saxone
1334 4762 1370 4815 et
1386 4751 1421 4813 in
1437 4750 1595 4831 despetto

322 4880 386 4929 suo
411 4860 432 4927 l'
449 4860 564 4926 havea
598 4879 704 4945 preso
729 4858 901 4942 Martino‚
931 4859 1026 4942 quod
1060 4857 1192 4923 utinam
1223 4857 1366 4940 fuisset,
1394 4853 1596 4940 praesertim
