3425 5700
658 564 905 624 0433er

232 711 404 777 Civitates
427 732 574 796 quoque,
592 713 673 777 huic
697 712 845 794 negotio
860 710 1002 776 minime
1016 713 1155 794 desunt,
1180 714 1275 794 quod
1293 734 1331 776 se
1355 713 1422 776 hac

149 821 363 902 potissimum
385 820 445 883 via
476 841 497 883 a
521 819 648 900 ceteris
672 840 814 903 quoque
838 839 964 901 regum
985 841 1026 882 ac
1053 819 1310 902 Imperatorum
1341 841 1422 884 one-

149 928 238 996 ribus
262 936 434 991 excutere
458 935 623 1009 sperant;
655 947 763 1011 super
792 928 861 990 hoc
893 947 1078 990 commune
1102 928 1137 990 in
1162 929 1423 992 ecclesiasticos

149 1035 262 1105 odium
286 1044 351 1099 est.
399 1032 490 1097 Sunt
514 1044 550 1097 et
573 1034 643 1097 alia
666 1054 758 1116 quae
789 1054 932 1098 causam
962 1035 1053 1099 hanc
1083 1044 1179 1097 certe
1213 1056 1283 1098 non
1315 1037 1422 1099 modo

149 1142 314 1206 adiuvant
329 1142 392 1205 sed
410 1151 446 1206 et
459 1142 691 1205 vehementer
706 1141 855 1223 irritant,
873 1140 999 1223 quibus
1015 1140 1177 1204 omnibus
1193 1163 1264 1205 una
1278 1142 1423 1205 tandem

151 1268 252 1330 opera
280 1247 530 1312 succrescendi
554 1248 622 1311 erit
651 1258 688 1312 et
718 1246 861 1311 minime
900 1247 1127 1329 quiescendi,
1159 1267 1283 1311 verum
1317 1270 1423 1331 quarn

154 1355 293 1436 primum
317 1365 402 1419 nato
426 1354 494 1418 iam
519 1355 652 1418 dudum
675 1355 840 1419 incendio
866 1375 907 1418 ac
936 1355 1021 1418 alito
1051 1354 1287 1436 obviandum,
1314 1356 1423 1439 idque

156 1482 217 1526 nou
232 1462 296 1526 nisi
313 1463 499 1525 commodo
514 1462 673 1527 remedio
690 1483 731 1526 ac
747 1464 891 1526 valente
908 1462 1131 1543 restinguere
1145 1482 1189 1525 ne
1207 1461 1291 1525 item
1306 1475 1421 1545 poste·

155 1568 240 1631 riora
277 1569 371 1633 illius
410 1567 538 1633 fierent
568 1570 693 1651 peiora
721 1569 914 1652 prioribus.
970 1566 1087 1649 Super
1118 1589 1188 1650 quo
1221 1569 1305 1651 quid
1338 1569 1422 1633 mihi

156 1678 344 1741 conducere
368 1676 492 1758 visum,
516 1697 588 1740 non
613 1678 678 1739 abs
701 1696 740 1738 re
764 1675 842 1739 lore
866 1674 990 1758 putavi
1014 1676 1054 1739 T.
1080 1672 1116 1739 S.
1142 1695 1378 1741 commonere.

218 1784 413 1866 ¹Principio
437 1803 516 1846 cum
540 1784 637 1846 nulla
659 1782 727 1846 nisi
751 1782 864 1846 Verbi
888 1802 996 1846 causa
1019 1791 1164 1865 agatur,
1200 1782 1286 1846 nihil
1317 1783 1424 1847 etiam

152 1890 221 1954 nisi
245 1894 388 1955 verbum
421 1891 467 1955 sit
490 1891 559 1954 Dei
590 1892 686 1975 apud
717 1910 782 1953 nos
810 1891 991 1953 audiatur:
1026 1889 1288 1971 respiciendum
1317 1910 1424 1973 super

148 1996 386 2081 spiritualibus
410 1998 516 2061 armis
541 2006 596 2060 est
618 2006 654 2061 et
676 1996 883 2079 potentibus
908 2017 952 2059 ex
977 1996 1057 2059 Deo
1087 1997 1259 2059 adversus
1284 2018 1423 2061 omnem

151 2104 391 2186 munitionem,
429 2104 558 2187 quibus
593 2123 664 2167 non
706 2105 818 2167 solum
858 2103 1045 2185 impiorum
1080 2103 1227 2166 consilia
1262 2105 1423 2168 demoliri

151 2222 303 2293 oportet,
334 2212 397 2275 sed
428 2221 464 2274 et
493 2211 606 2275 omnis
637 2210 777 2286 illorum
802 2210 974 2273 celsitudo
999 2210 1231 2291 deprimenda
1254 2221 1309 2274 est
1333 2232 1424 2294 quae

150 2339 188 2382 se
213 2320 348 2383 extollit
372 2320 546 2383 adversus
570 2317 808 2401 cognitionem
833 2317 920 2398 Dei,
956 2338 1022 2399 per
1046 2338 1136 2399 quae
1161 2317 1266 2381 etiam
1292 2320 1424 2400 cogita-

147 2426 264 2489 tiones
285 2430 471 2489 multorum
496 2425 732 2508 captivandae
757 2434 838 2488 sunt
870 2434 907 2486 ut
932 2424 1101 2488 obediant
1126 2423 1276 2488 Christo.
1323 2426 1424 2490 Haec

146 2544 265 2596 autem
287 2552 383 2596 arma
407 2532 477 2597 Dei
500 2542 582 2596 sunt
605 2533 771 2595 baltheus
795 2531 974 2611 veritatis,
1007 2533 1136 2595 thorax
1159 2531 1331 2614 iustitiae,
1356 2536 1424 2596 cal·

144 2660 231 2703 ceus
256 2640 449 2723 evangelii,
482 2649 619 2703 scutum
642 2637 742 2719 fidei,
778 2640 885 2721 galea
909 2637 1033 2701 salutis
1057 2647 1093 2700 et
1115 2638 1256 2719 gladius
1281 2639 1425 2721 spiritus

143 2747 202 2829 qui
230 2759 285 2810 est
306 2748 467 2811 Verbum
491 2746 570 2810 Dei.
618 2745 722 2827 Quod
746 2746 775 2808 si
800 2747 856 2808 vel
882 2744 999 2810 carnis
1021 2744 1186 2828 impietas
1205 2755 1266 2808 aut
1290 2747 1424 2810 diaboli

139 2855 235 2918 forte
252 2859 404 2919 assultus
428 2855 483 2918 his
507 2856 635 2917 cedere
660 2874 731 2918 non
755 2856 875 2935 vellet,
900 2863 983 2916 tunc
999 2853 1035 2916 in
1059 2863 1226 2935 promptu
1250 2836 1302 2916 sit¹
1321 2855 1425 2918 nobis

139 2963 312 3044 uindicta,
344 2962 517 3024 adversus
548 2981 687 3024 omnem
716 2959 1003 3023 inobedientiam.
1059 2944 1160 3023 Haec
1191 2959 1273 3024 ideo
1305 2960 1355 3025 Sa
1383 2962 1424 3026 T.

135 3089 370 3133 commonere
393 3068 501 3132 velim
526 3068 621 3149 quod
645 3088 714 3130 non
739 3069 907 3131 suadeam
932 3066 1114 3150 quippiam
1138 3087 1204 3148 per
1227 3068 1423 3148 potentiam

132 3176 214 3260 agi,
254 3176 319 3257 qui
350 3175 380 3238 si
405 3175 455 3237 ita
479 3176 679 3238 conducere
703 3173 845 3237 videtur
869 3173 976 3236 etiam
1000 3182 1128 3254 sponte
1152 3173 1287 3255 aliquid
1312 3175 1356 3236 de
1381 3195 1424 3238 eo

130 3285 342 3362 remittere,
381 3294 538 3345 ceterum
567 3300 708 3345 causam
736 3281 868 3343 virtute
898 3280 1010 3342 Verbi
1043 3299 1088 3342 ex
1120 3301 1206 3343 vero
1235 3283 1423 3362 agendam,

128 3391 363 3455 dissimulato
401 3388 542 3452 interim
571 3388 743 3470 quidquid
781 3388 895 3469 ipsam
934 3407 1149 3477 exasperare
1181 3389 1310 3468 possit;
1342 3410 1423 3452 nam

126 3500 175 3562 sic
216 3496 405 3580 captivari
440 3506 526 3578 puto
554 3495 727 3559 abductas
760 3493 1013 3575 conscientias,
1045 3493 1074 3557 si
1113 3493 1244 3557 Christi
1282 3516 1423 3559 causam

122 3607 182 3687 agi
208 3603 376 3669 viderint
405 3622 477 3667 non
501 3612 668 3681 nostram,
693 3612 729 3664 et
745 3600 980 3683 proculdubio
1001 3612 1158 3663 nostram
1182 3601 1284 3664 nobis
1308 3624 1422 3666 mane-

122 3715 173 3777 bit
197 3711 383 3797 gloriam,
414 3711 519 3773 modo
556 3708 686 3773 Christi
727 3707 864 3789 gloriae
896 3727 1046 3789 syncere
1081 3708 1294 3774 studeamus.
1346 3709 1424 3772 Res

119 3842 209 3904 ergo
236 3821 367 3882 verbo
392 3817 534 3899 agenda
558 3826 612 3879 est
636 3825 672 3878 et
695 3814 857 3896 veritate,
868 3813 1071 3896 ··tyrannide
1096 3815 1207 3894 nulla,
1233 3817 1330 3879 nulla
1352 3817 1423 3880 vio·
1512 3860 1516 3868 ·

117 3930 249 4010 lentia,
279 3923 360 3989 nisi
397 3924 509 3986 sicubi
534 3923 635 3985 verbi
659 3942 725 4003 per
748 3942 837 4002 quos
861 3920 993 3984 veritas
1015 3920 1123 3983 fuerit
1146 3931 1284 4002 spreta;
1315 3931 1352 3985 at
1374 3922 1424 3985 in·

114 4038 219 4102 terim
245 4034 457 4099 multorum
481 4031 714 4092 abductorum
738 4028 886 4091 fratrum
910 4029 1076 4091 habenda
1111 4039 1165 4090 est
1188 4028 1279 4092 ratio
1304 4039 1341 4091 ut
1371 4051 1423 4093 re·

113 4146 316 4211 difflantur.
385 4137 566 4199 Utendum
604 4155 692 4218 ergo
723 4136 768 4198 de
804 4132 889 4197 viris
923 4135 1160 4199 theodidactis
1199 4144 1234 4198 et
1272 4135 1422 4217 adflatis,

112 4255 243 4334 quibus
270 4245 431 4315 scilicet
462 4255 499 4307 et
524 4243 639 4306 Verbi
671 4242 837 4305 iudicium
875 4250 929 4304 est
960 4241 1172 4323 et·spiritus
1200 4243 1341 4318 uncti0;
1375 4244 1424 4307 hii

111 4364 203 4426 enim
229 4367 396 4424 tantum
420 4350 654 4434 spiritualium
679 4370 856 4413 armorum
872 4349 989 4431 periti,
1013 4349 1169 4430 gladium
1196 4349 1340 4432 spiritus
1364 4351 1423 4433 qui

110 4479 161 4533 est
191 4469 367 4534 verbum
406 4457 476 4521 Dei
511 4468 661 4539 utraque
696 4477 801 4520 manu
836 4476 981 4519 versare
1019 4467 1189 4538 possunt;
1224 4456 1261 4519 in
1296 4459 1424 4541 quibus

110 4589 205 4641 certa
229 4575 372 4660 prima
400 4574 486 4647 post
509 4566 624 4627 Deum
649 4584 732 4645 spes
757 4574 820 4630 est.
867 4563 1007 4626 Deinde
1029 4574 1226 4626 conventus
1249 4563 1308 4628 ille
1325 4565 1423 4629 Prin-

109 4685 223 4770 cipum
257 4675 559 4754 Nurembergae
586 4671 728 4734 minime
765 4670 1018 4752 negligendus,
1052 4671 1114 4733 sed
1148 4671 1339 4734 mittendus
1368 4672 1424 4736 vir

108 4797 225 4876 gravis
252 4801 294 4857 et
324 4779 526 4860 eruditus,
558 4798 690 4861 gnarus
714 4777 816 4841 verbi
840 4787 876 4840 et
899 4777 955 4842 cui
979 4797 1050 4840 non
1076 4777 1168 4840 desit
1191 4798 1332 4862 quoque
1356 4780 1420 4862 spi·

108 4904 189 4970 ritus
213 4897 427 4968 iudicium.
476 4887 564 4951 Post
588 4885 735 4950 Carolus
758 4905 801 4948 ac
825 4885 936 4949 ceteri
958 4894 1130 4967 regeset
1149 4885 1330 4968 principes
1353 4907 1423 4950 non
