3425 5700
638 548 696 607 aa
735 508 885 608 arvae

140 714 203 759 rum
223 692 370 761 interest
394 696 545 761 aderunt
569 707 604 761 et
628 698 694 762 erit
717 697 908 781 unicuique
924 696 1038 761 libere
1054 695 1130 761 dire
1147 705 1183 761 et
1198 717 1401 781 proponere

140 806 241 884 quello
265 806 332 867 che
356 824 421 887 per
446 806 515 867 ben
539 806 635 869 della
666 806 749 869 fede
774 805 966 869 christiana
990 805 1175 887 giudicara
1199 826 1318 870 essere
1342 827 1400 869 ex·

138 912 289 991 pediente
314 920 350 974 et
374 910 398 974 li
431 932 470 975 se
503 912 675 977 risolverir
707 934 774 995 pro
806 912 958 977 veritate
990 924 1025 975 et
1060 912 1234 995 dignitate
1266 913 1334 986 rei:
1367 922 1403 977 et

138 1018 253 1099 perche
278 1019 377 1081 detto
402 1018 561 1082 Concilio
585 1021 787 1084 necessario
804 1020 952 1102 requirit
974 1020 1190 1102 presentiam
1220 1018 1403 1082 Pontificis

139 1134 168 1186 et
199 1124 335 1204 Cesaris
371 1128 429 1189 vel
461 1127 587 1189 saltem
623 1127 769 1190 alterius
808 1147 930 1190 eorum
967 1135 1003 1188 et
1041 1146 1062 1188 a
1098 1124 1168 1188 fine
1207 1129 1273 1188 che
1311 1134 1403 1188 tutto

137 1248 230 1311 possa
271 1231 333 1313 piir
378 1234 654 1296 resolutamente
697 1243 732 1296 et
774 1233 836 1316 pilr
878 1241 999 1316 presto
1041 1234 1223 1296 resolvere
1262 1242 1297 1294 et
1334 1243 1402 1295 tro-

136 1357 210 1401 vare
239 1339 345 1403 modo
380 1360 401 1401 a
431 1348 558 1422 questo
590 1350 625 1402 et
656 1340 715 1403 alli
739 1340 878 1404 tumulti
914 1339 951 1401 di
981 1338 1174 1403 Germania
1197 1340 1263 1402 che
1288 1336 1324 1404 S.
1349 1337 1403 1402 Stl
1512 1343 1514 1346 ’

136 1444 286 1508 desidera
323 1447 390 1510 che
429 1446 596 1510 mendino
636 1456 703 1512 etc.
743 1456 778 1509 et
816 1447 957 1528 quando
997 1443 1033 1510 S.
1066 1446 1127 1508 ΒΜ
1159 1446 1184 1509 li
1215 1446 1349 1509 havera
1383 1468 1403 1509 a

136 1550 242 1615 Roma
273 1564 308 1615 et
335 1552 647 1635 particolarmente
683 1562 719 1617 et
748 1554 1049 1617 universalment'e
1078 1552 1205 1634 potera
1233 1555 1403 1616 talmente

136 1676 273 1738 operare
296 1668 333 1722 et
357 1669 504 1723 trattare
529 1669 655 1742 questa
680 1681 766 1725 cosa
789 1662 854 1723 che
879 1680 950 1723 non
974 1659 1054 1723 sara
1078 1659 1175 1722 forse
1198 1660 1260 1741 poi
1283 1680 1403 1723 neces-

136 1765 218 1827 sario
240 1765 364 1831 venire
388 1776 424 1830 et
448 1768 538 1831 altro
562 1767 722 1831 Concilio
746 1766 964 1841 universale;
995 1766 1020 1830 il
1050 1769 1154 1848 quale
1177 1787 1249 1829 non
1273 1767 1293 1830 e
1316 1766 1404 1830 forsi

135 1872 341 1955 espediente,
367 1894 467 1937 come
491 1874 591 1937 molti
613 1874 638 1938 il
661 1875 771 1937 fanno
796 1884 832 1938 et
856 1896 876 1937 a
901 1883 1027 1955 questo
1043 1873 1087 1936 V.
1103 1871 1128 1937 S
1144 1873 1247 1955 potra
1271 1874 1404 1937 vedere

134 1980 231 2041 molte
263 1979 404 2061 ragioni
427 1982 493 2044 che
521 1982 661 2045 adduce
691 2002 786 2063 papa
821 1980 887 2043 Pio
920 1980 954 2043 ΙΙ
984 1980 1019 2043 in
1053 2000 1124 2043 uno
1156 2000 1220 2043 suo
1250 1988 1403 2043 tractato

133 2083 300 2149 intitulato
330 2088 376 2151 de
400 2084 504 2151 Statu
529 2087 743 2151 Germaniae
774 2100 810 2151 et
841 2088 885 2150 iis
910 2108 1000 2169 quae
1024 2106 1090 2168 per
1117 2107 1194 2150 earn
1225 2086 1405 2150 nationem

134 2190 347 2257 obiiciuntur.
405 2191 440 2259 S.
473 2195 521 2258 R.
554 2192 641 2258 Sedi
670 2194 920 2277 Apostolicae‚
951 2216 997 2258 ne
1029 2196 1062 2257 le
1094 2192 1146 2257 sei
1180 2213 1289 2256 overo
1313 2201 1405 2256 sette

133 2297 235 2377 prime
269 2308 384 2379 carte,
420 2302 502 2382 qual
538 2309 690 2364 tractato
727 2304 834 2364 credo
870 2322 909 2364 se
943 2300 1068 2364 ritrovi
1102 2320 1227 2382 presso
1261 2300 1286 2362 li
1319 2299 1405 2363 Rmi

133 2404 300 2469 Anchona
324 2416 360 2469 et
383 2406 531 2471 Triultio
557 2408 615 2471 dal
639 2409 744 2489 quale
770 2410 858 2471 altre
882 2409 980 2471 volte
1003 2407 1050 2470 mi
1073 2407 1111 2470 fu
1134 2416 1304 2489 prestato.

213 2514 264 2576 La
293 2515 450 2577 seconde
483 2516 550 2578 che
587 2512 624 2579 S.
660 2516 738 2578 Bne
765 2514 905 2579 facesse
935 2523 1192 2578 maturamente
1218 2516 1351 2577 vedere
1381 2514 1406 2577 li

132 2630 228 2683 cento
252 2620 449 2703 gravamini
473 2632 509 2684 et
533 2641 599 2704 per
621 2640 692 2684 una
714 2622 818 2685 Bolla
841 2643 862 2685 o
886 2622 969 2684 tutti
992 2620 1101 2703 quelli
1124 2623 1191 2684 che
1214 2641 1282 2684 con
1310 2623 1406 2702 qual·

133 2728 191 2789 che
214 2727 364 2809 ragione
388 2747 477 2791 sono
499 2728 639 2792 fondati
663 2729 869 2812 provederli
900 2739 936 2792 et
966 2738 1091 2792 contra
1114 2728 1222 2810 quelli
1245 2729 1311 2791 che
1334 2748 1406 2791 non

131 2834 243 2899 hanno
268 2834 499 2902 fondamento
523 2830 677 2900 metterli
702 2836 771 2900 allo
797 2835 964 2918 opposito
993 2836 1112 2917 quelle
1134 2834 1194 2918 pid
1218 2845 1347 2918 pronte
1372 2844 1407 2898 et

131 2941 205 3005 vive
229 2943 368 3024 ragioni
393 2946 460 3006 che
484 2953 675 3026 potesseno
701 2943 870 3006 chiudere
894 2943 929 3006 la
952 2944 1090 3005 boceha
1113 2963 1152 3005 se
1173 2961 1243 3005 non
1268 2960 1290 3006 a
1314 2939 1407 3023 tutti,

131 3067 150 3108 a
172 3049 278 3131 quelli
302 3051 368 3112 che
392 3049 525 3131 meglio
548 3049 742 3112 intendono
768 3060 803 3111 et
827 3069 1040 3114 conoscon0.

709 3255 865 3266 *ww-wurem-

728 3484 801 3550 167.

483 3611 695 3714 Campegius
722 3610 852 3692 Jacobo
882 3609 1054 3691 Sadolalo.

541 3759 684 3832 (ΜΝ.
703 3759 830 3818 deman.
848 3758 923 3817 ΗΠ.
941 3757 991 3830 15.)

641 3869 695 3938 (23.
715 3870 788 3934 Sepl
811 3866 898 3938 1524.)

328 4011 399 4074 Per
431 4013 464 4074 le
488 4013 579 4075 altre
602 4010 671 4074 mie
703 4010 787 4074 dissi
820 4011 886 4072 che
910 4011 1019 4072 molto
1049 4031 1105 4072 me
1129 4009 1343 4073 satisfaceva
1373 4012 1408 4072 la

127 4115 336 4182 risolutione
358 4117 450 4180 satta
474 4121 520 4182 da
536 4118 579 4180 N.
598 4115 633 4181 S.
659 4138 703 4180 ne
727 4118 761 4181 le
786 4136 869 4179 cose
893 4117 1079 4180 lutherane
1104 4125 1139 4179 et
1163 4117 1257 4179 circa
1279 4117 1305 4179 il
1319 4117 1408 4180 Con-

128 4224 207 4288 cilio
233 4227 403 4306 generale
427 4246 495 4288 con
522 4225 653 4288 Cesare
665 4273 674 4305 ,
705 4233 741 4286 et
764 4243 830 4304 per
852 4224 986 4285 havere
1011 4223 1108 4286 detto
1133 4225 1350 4286 abbastanza
1374 4224 1409 4285 in

128 4333 245 4412 quelle
261 4341 397 4413 quanto
419 4331 464 4394 mi
483 4351 686 4412 occorreva‚
706 4349 771 4412 per
787 4331 877 4392 hora
892 4350 963 4392 non
980 4331 1027 4392 ho
1042 4331 1134 4392 altro
1150 4330 1196 4412 da
1209 4330 1410 4411 giugnervi.

215 4439 274 4502 De
302 4441 339 4502 la
363 4438 461 4502 dieta
485 4439 529 4502 de
554 4435 660 4519 Spira
691 4436 752 4499 noi
783 4436 842 4517 qui
866 4437 1000 4499 tenimo
1032 4438 1097 4499 che
1121 4457 1192 4498 non
1216 4442 1243 4498 si
1267 4435 1344 4498 fara
1377 4447 1413 4498 et

127 4545 185 4627 gia
200 4548 237 4610 le
250 4548 378 4610 lettere
395 4546 431 4608 di
447 4545 578 4608 Cesare
595 4563 702 4625 sopra
719 4541 784 4624 cio,
810 4543 898 4604 com'
915 4541 948 4605 io
966 4541 1095 4623 scrissi,
1120 4542 1149 4604 si
1166 4545 1336 4606 mandaro
1352 4543 1412 4606 alli

128 4652 278 4734 principi
305 4663 341 4716 et
364 4651 556 4734 regimenti
580 4648 754 4732 imperiali
779 4657 816 4711 et
839 4650 929 4712 altre
953 4660 1064 4730 terre,
1099 4659 1135 4712 et
1158 4650 1285 4712 bench'
1301 4650 1336 4712 io
1360 4651 1413 4714 sia

128 4767 221 4824 stato
246 4778 312 4822 con
338 4761 373 4822 el
396 4759 565 4841 Principe
590 4765 627 4820 et
649 4755 674 4818 li
698 4754 776 4819 suoi
801 4753 837 4818 di
860 4775 988 4836 parere
1012 4756 1079 4818 che
1103 4758 1260 4819 totaliter
1283 4777 1353 4820 non
1377 4759 1412 4820 la

130 4866 337 4948 revochino,
361 4866 429 4930 ma’
445 4865 480 4929 io
503 4884 618 4948 penso
641 4862 729 4946 perd
753 4863 819 4924 che
843 4882 865 4923 a
888 4863 971 4925 niun
995 4866 1102 4927 modo
1130 4865 1160 4928 si
1183 4866 1303 4927 dobba
1324 4865 1412 4947 fare,

154 4991 238 5042 Bam,
250 4991 396 5031 Documenta
405 4991 545 5031 Lnlherma.
1220 4989 1255 5042 24
