3425 5700
640 568 886 628 wentae-0

144 715 280 778 habeant
302 714 370 778 nisi
393 716 623 800 mortiferum,
648 716 773 782 merito
797 714 927 780 nullius
951 714 1084 778 debent
1108 734 1187 777 esse
1204 714 1403 778 considera·

143 820 242 902 tionis,
265 842 372 903 quum
398 823 483 887 satis
507 824 553 888 sit
579 846 623 887 ex
641 822 900 907 probatissimis
919 821 1102 885 autoribus
1124 822 1235 905 longe
1257 821 1406 885 meliora

144 928 275 994 haurire.
343 930 419 994 Nec
454 931 568 995 minus
601 932 749 996 innuere
782 931 949 995 videntur
980 925 1076 991 dicta
1106 930 1218 993 verba
1250 929 1405 1011 aliquam

143 1055 208 1097 esse
231 1037 324 1119 apud
350 1058 394 1100 ea
422 1036 647 1120 proferentes
672 1038 891 1103 dubietatem
914 1036 950 1098 in
974 1035 1036 1116 iis,
1068 1054 1160 1116 quae
1193 1036 1278 1099 fidei
1313 1046 1405 1118 sunt,

143 1145 223 1223 quod
245 1150 364 1207 tamen
388 1165 410 1207 a
441 1146 593 1209 veritate
627 1146 779 1209 maxime
803 1144 956 1208 alienum
981 1152 1045 1205 est.
1084 1141 1210 1225 Neque
1224 1143 1291 1206 nisi
1314 1145 1407 1207 ullus

141 1258 255 1331 potest,
278 1260 339 1313 aut
362 1252 472 1315 debet
495 1272 574 1317 esse
598 1250 810 1315 dubitationi
833 1254 933 1314 locus
956 1249 992 1311 in
1015 1249 1067 1328 iis,
1092 1269 1184 1331 quae
1208 1251 1254 1312 ab
1268 1250 1405 1314 univer-

141 1356 196 1418 sali
218 1356 377 1421 Ecclesia
401 1358 520 1422 decisa
543 1369 624 1423 sunt
647 1379 712 1442 per
735 1358 914 1422 hereticos
938 1356 1171 1437 deducuntur,
1196 1356 1302 1420 etiam
1319 1357 1407 1420 alias

140 1482 196 1543 per
218 1462 376 1527 Concilia
400 1464 616 1530 universalia
639 1466 763 1530 habita
786 1465 821 1529 in
853 1462 1046 1528 Germania
1081 1462 1203 1526 decisa
1235 1473 1335 1545 sunt,
1372 1473 1408 1527 et

139 1570 372 1634 determinata.

217 1676 338 1741 Tertio
356 1698 424 1761 quo
442 1680 487 1743 ad
511 1679 713 1744 universale
730 1678 927 1744 Concilium
946 1676 1107 1757 liberum,
1131 1698 1153 1739 a
1177 1673 1408 1741 Sanctissimo
1502 1743 1506 1748 ,

138 1782 280 1847 Domino
305 1784 437 1849 Nostro
461 1786 706 1868 indicendum,
732 1798 767 1850 et
792 1784 1106 1867 congregandum,
1139 1784 1235 1865 quod
1260 1793 1296 1847 et
1319 1786 1409 1848 alias

139 1889 262 1953 eisdem
279 1892 461 1975 deputatis
476 1894 656 1975 respondi,
682 1914 774 1957 nunc
791 1893 898 1956 etiam
914 1890 1128 1973 responde0,
1153 1899 1190 1953 et
1205 1891 1296 1971 dice,
1320 1891 1408 1954 illud

136 2016 200 2060 non
223 1999 338 2062 videri
362 2011 671 2081 praesentaneum,
695 2008 814 2063 utres
839 1999 1056 2081 expostulat,
1079 1997 1295 2079 remedium,
1327 1999 1409 2082 quia

137 2122 196 2165 nec
217 2116 385 2188 repente,
413 2128 479 2171 nec
503 2108 605 2172 brevi
630 2118 791 2191 tempore
816 2106 899 2187 cogi
922 2115 1051 2187 potest.
1098 2102 1139 2167 Si
1163 2114 1282 2169 tamen
1306 2102 1408 2168 Sacri

134 2210 286 2276 Romani
310 2214 455 2296 Imperii
478 2214 643 2295 statibus,
667 2234 734 2296 pro
758 2216 891 2295 salute,
914 2224 950 2276 et
973 2212 1230 2294 tranquillitate
1255 2212 1408 2276 omnium

134 2316 240 2381 visum
279 2319 387 2383 fuerit
424 2320 475 2384 ita
510 2321 702 2404 expedire,
738 2319 873 2402 recipio
916 2340 972 2382 me
1011 2320 1108 2401 apud
1143 2318 1410 2383 Sanctissimum

133 2422 319 2490 Dominum
343 2426 510 2492 Nostrum
534 2428 572 2492 id
599 2437 817 2511 curaturum,
842 2426 1079 2508 existimoque
1100 2424 1332 2490 Sanctitatem
1357 2446 1409 2491 su-

131 2548 183 2593 am
207 2530 303 2596 intra
326 2534 505 2615 legitimos
532 2535 720 2617 terminos,
754 2554 863 2617 quum
898 2534 942 2597 de
972 2534 1040 2596 hac
1072 2553 1112 2596 re
1145 2554 1225 2597 cum
1256 2533 1411 2599 Cesarea

131 2635 317 2719 Maiestate
340 2642 565 2724 coeterisque
588 2642 767 2725 Regibus,
791 2640 1028 2723 Principibus,
1053 2649 1089 2703 et
1105 2640 1252 2723 Populis
1267 2641 1411 2706 Christi·

129 2744 203 2807 anis
228 2747 454 2828 tractaverit,
478 2759 585 2833 atque
610 2752 655 2813 de
679 2752 769 2829 loco,
793 2758 967 2831 tempore,
990 2748 1106 2830 modo,
1131 2757 1167 2811 et
1190 2747 1342 2811 coeteris
1365 2749 1412 2811 ad

130 2848 164 2912 id
186 2855 401 2919 necessariis
425 2857 559 2939 aliquid
584 2859 814 2921 constitutum
837 2856 1018 2937 habuerit,
1042 2875 1148 2937 quam
1172 2856 1323 2938 primurn
1346 2876 1412 2938 per

128 2962 357 3024 concordiam
375 2962 590 3046 Principum,
614 2965 781 3046 adquam
797 2963 951 3026 maxime
970 2964 1125 3045 anhelat,
1149 2964 1300 3045 licuerit,
1324 2963 1411 3027 illud

129 3063 352 3133 indictorum.

216 3174 358 3256 Quarto
390 3195 460 3259 quo
496 3179 543 3240 ad
583 3197 802 3242 communem
838 3175 1154 3259 congregationem
1178 3174 1413 3241 Germanicae

127 3279 293 3347 Nationis
317 3285 353 3346 in
380 3284 439 3346 die
463 3283 546 3346 Divi
570 3283 715 3346 Martini
730 3283 895 3366 proxime
911 3283 1020 3347 futuri
1040 3283 1236 3346 incivitate
1253 3281 1414 3365 Spirensi

126 3385 302 3471 fiendam,
334 3389 421 3453 mihi
445 3392 542 3454 nullo
566 3401 672 3473 pacto
696 3391 838 3454 videtur
862 3401 1096 3473 oportunum,
1120 3401 1182 3453 aut
1205 3391 1414 3474 expediens,

126 3495 185 3575 qni
211 3497 298 3560 talis
322 3497 559 3580 congregatio
583 3497 645 3560 liat
674 3507 822 3580 propter
851 3499 979 3560 multas
1013 3496 1181 3561 rationes.
1235 3497 1316 3561 Non
1345 3497 1412 3562 nisi

125 3605 428 3681 sperandumest
454 3605 521 3667 hac
553 3603 613 3667 via
644 3603 753 3685 quieti
778 3613 814 3668 et
837 3603 1086 3686 tranquillitati
1118 3603 1221 3667 huius
1250 3604 1414 3668 Nationis

124 3719 224 3772 recte
252 3710 393 3775 consuli
417 3730 534 3792 posse.
581 3711 672 3773 Nam
700 3709 736 3774 in
765 3718 864 3774 tanto
892 3710 1072 3774 hominum
1103 3730 1270 3792 numero,
1299 3719 1335 3775 et
1366 3711 1414 3774 di-

125 3816 304 3880 versitate
328 3819 532 3901 disceptare
556 3819 601 3880 de
625 3815 689 3898 iis,
715 3838 805 3901 quae
837 3819 1018 3900 pertinent
1050 3818 1102 3880 ad·
1125 3817 1246 3900 fidem,
1278 3819 1415 3902 pericu·

123 3922 344 3988 lesissimum
370 3944 510 4008 semper
535 3923 616 4006 fuit,
648 3925 730 4007 quia
753 3944 934 3988 sacrarum
958 3925 1160 3988 licterarum
1183 3924 1353 4009 imperiti,
1379 3934 1416 3989 et

124 4027 371 4094 Decretorum
404 4040 547 4095 nostrae
578 4030 763 4113 religionis
799 4041 990 4113 expertes,
1025 4032 1112 4095 nihil
1144 4042 1294 4114 possunt
1324 4053 1412 4096 com·

123 4137 234 4201 modo
264 4137 312 4200 de
333 4137 395 4218 iis,
430 4157 522 4220 quae
553 4139 599 4200 ad
629 4136 736 4201 fidem
760 4148 842 4202 sunt
865 4147 1032 4202 statuere.
1079 4137 1125 4200 Et
1155 4139 1309 4202 maxime
1333 4139 1416 4221 quia

122 4245 388 4327 suspicandum
414 4252 469 4307 est
503 4244 585 4308 illuc
609 4246 731 4326 plures
755 4255 995 4309 conventuros
1026 4245 1143 4308 animo
1171 4244 1206 4308 in
1240 4247 1415 4310 haeresim

122 4349 322 4432 inclinato,
355 4351 487 4434 quique
523 4360 595 4414 tum
627 4353 745 4434 palam
776 4373 952 4416 venenum
984 4351 1072 4415 illud
1095 4352 1296 4435 proferent,
1320 4354 1415 4434 quod

123 4457 289 4540 egregie
313 4457 427 4520 minus
452 4478 544 4521 nunc
569 4459 801 4524 dissimulant.
848 4459 904 4524 Ac
928 4469 1122 4541 propterea
1148 4459 1227 4522 huic
1255 4458 1416 4543 periculo

121 4583 189 4626 nos
215 4565 433 4628 submittere
458 4585 529 4628 non
554 4567 734 4629 debemus.
789 4565 894 4647 Quod
918 4567 947 4629 si
971 4565 1066 4649 quid,
1091 4574 1130 4628 ut
1152 4586 1261 4648 saepe
1285 4568 1416 4650 evenit,

119 4668 325 4754 impiorum
352 4691 487 4734 summa
511 4672 720 4754 prevalente
736 4672 771 4734 in
789 4693 832 4736 eo
853 4681 1030 4736 conventu
1054 4681 1269 4736 statueretur
1292 4683 1416 4738 contra

122 4797 253 4842 veram
283 4778 514 4861 religionem,
546 4778 582 4840 id
618 4799 796 4861 nunquam
828 4788 956 4862 postea
979 4778 1056 4843 sine
1080 4780 1211 4844 sudore
1234 4781 1416 4846 obliterari

119 4895 277 4967 posset,
314 4885 485 4967 praedicti
509 4894 707 4950 conventus
729 4886 942 4950 auctoritate
964 4886 1145 4951 munitum.
1192 4888 1345 4952 Accedit
1366 4889 1417 4952 in·
