3425 5700
672 544 920 599 ι>ἐ31521ἱὶ><>

152 692 287 774 perche
312 692 357 753 de
382 692 415 753 le
440 710 522 753 cose
548 691 580 752 dl
607 692 641 752 la
666 690 711 751 mi
736 691 895 754 avisasse
926 695 953 753 sl
988 691 1119 771 perche
1153 692 1187 753 in
1221 692 1341 772 quello
1372 692 1438 751 che

151 809 288 883 poteva
311 799 467 861 aiutasse
492 808 527 860 et
551 807 752 861 sostenesse
777 799 809 859 le
834 818 917 861 cose
942 797 1183 860 ecclesiastice
1207 807 1242 860 et
1262 798 1298 859 di
1313 807 1438 879 questa

153 904 270 968 Santa
294 903 409 979 Sede;
436 906 529 967 dove
554 914 770 967 certamente
794 907 841 967 ha
866 904 956 967 fatto
981 906 1132 985 qualche
1163 904 1285 967 effetto
1319 915 1355 967 et
1377 908 1436 966 bu-

156 1034 227 1075 ona
252 1032 364 1094 opera
388 1022 424 1074 et
448 1032 515 1074 con
540 1014 574 1073 la
599 1011 754 1073 dottrina
787 1033 849 1074 soa
878 1011 1067 1073 scrivendo
1101 1022 1137 1073 et
1169 1011 1438 1093 interpretando

153 1121 254 1182 varie
280 1118 461 1195 scritture,
497 1130 532 1181 et
565 1120 679 1181 ancho
716 1139 782 1181 con
807 1122 841 1181 la
869 1118 980 1181 bonta
1005 1128 1041 1180 et
1063 1118 1214 1181 honesta
1239 1121 1283 1180 de
1307 1121 1343 1181 la
1365 1120 1439 1180 vita

153 1248 227 1293 soa.
279 1228 376 1289 Hora
402 1226 473 1309 egli
499 1227 544 1289 mi
570 1227 747 1289 domanda
773 1228 891 1309 quello
916 1228 981 1289 che
1005 1228 1124 1288 debba
1148 1226 1223 1289 fare
1248 1248 1286 1287 se
1312 1225 1347 1287 di
1371 1238 1437 1287 tor-

155 1356 242 1397 nare
268 1356 287 1397 a
312 1356 368 1395 me
393 1356 413 1395 0
438 1355 520 1412 non,
545 1337 579 1396 al
604 1336 708 1415 quale
733 1354 802 1396 non
828 1338 875 1397 ho
900 1343 1047 1415 possuto
1078 1334 1288 1415 rispondere
1319 1334 1439 1395 risolu-

153 1452 312 1503 tamente
335 1441 449 1522 prima
473 1444 539 1503 che
564 1462 608 1503 ne
632 1440 764 1503 habbia
790 1442 953 1503 avvisata
977 1441 1020 1502 V.
1051 1439 1087 1502 S.
1119 1444 1153 1503 la
1185 1441 1290 1520 quale
1314 1459 1379 1501 con
1406 1440 1439 1501 le

155 1549 269 1630 prime
294 1568 356 1611 soe
382 1569 437 1611 me
461 1547 536 1609 dira
563 1549 666 1628 quale
691 1551 844 1611 sarebbe
869 1550 903 1610 la
928 1557 1044 1610 mente
1070 1550 1103 1609 dt
1129 1546 1165 1609 S.
1191 1545 1253 1610 8¹³.

246 1656 292 1717 Di
317 1656 484 1737 Bologna
513 1656 572 1716 alli
597 1654 693 1716 XIX
720 1654 755 1716 di
780 1655 921 1737 Agosto
944 1653 1144 1716 MDXXV.

767 2192 840 2257 245.

470 2318 626 2400 loannes
654 2318 837 2419 longatus
865 2315 1037 2397 Clementi
1064 2316 1144 2399 m

599 2465 697 2539 (rpus.
715 2464 835 2539 arnon.
856 2464 909 2523 111.
928 2464 999 2527 aar.)

649 2587 702 2649 (20.
723 2586 837 2649 Augusti
861 2582 948 2650 1525.)

250 2728 423 2791 Nimietas
448 2728 580 2791 doloris
605 2727 736 2789 diutius
761 2726 867 2790 silere
901 2746 970 2789 non
1003 2726 1104 2799 sinit;
1137 2736 1239 2789 tanta
1262 2728 1358 2810 apud
1378 2747 1443 2789 nos

154 2847 237 2899 sunt
269 2856 361 2918 quae
385 2835 479 2898 circa
503 2834 702 2916 professam
726 2833 934 2915 religionem
957 2834 1141 2916 ipsamque
1166 2834 1323 2904 nativam
1347 2855 1437 2897 com-

159 2942 274 3004 munis
307 2952 451 3004 nostrae
484 2941 567 3004 fidei
591 2942 758 3023 pietatem
783 2953 994 3024 prepostere
1034 2954 1198 3021 aguntur.
1245 2941 1323 3021 Jam
1348 2943 1440 3004 enirn

158 3049 409 3130 Nuremberga
434 3049 580 3111 illustris
611 3049 742 3130 alioqui
776 3048 901 3111 civitas
926 3049 1304 3128 Wittenbergensibus
1328 3049 1442 3130 magis

160 3156 351 3218 infeliciter
374 3158 537 3218 traducta
563 3155 688 3218 misere
714 3155 863 3228 cecidit;
893 3156 981 3233 iam,
1017 3159 1111 3236 quod
1137 3157 1173 3220 S.
1201 3155 1242 3218 V.
1267 3153 1440 3236 significa-

158 3276 232 3325 tum
264 3265 348 3326 volo
380 3265 473 3325 illius
511 3266 677 3344 exemplo
715 3283 756 3325 ac
791 3264 1005 3343 contagione
1037 3263 1150 3326 omnis
1182 3263 1310 3325 circum
1348 3261 1442 3324 circa

160 3369 354 3452 superioris
378 3380 522 3432 nostrae
541 3369 760 3454 ⁴Grermaniae
793 3369 977 3452 provincia
1002 3370 1190 3440 dilabitur3
1226 3370 1313 3448 iam,
1347 3370 1441 3450 quod

159 3481 294 3558 absque
320 3476 530 3558 gravissimo
556 3475 673 3538 cordis
698 3476 820 3539 dolore
854 3479 989 3540 reterre
1020 3498 1088 3539 non
1113 3497 1269 3557 possum,
1293 3496 1358 3557 pro
1384 3496 1442 3538 na-

160 3587 234 3646 tiva
258 3604 300 3646 ac
325 3584 489 3664 professa
513 3585 589 3646 Deo
624 3582 829 3645 Catholicae
856 3584 1156 3665 Apostolicaeque
1184 3583 1266 3644 lidei
1299 3581 1440 3645 sinceri-

161 3704 252 3768 tate,
277 3690 584 3772 impudentissima
608 3700 704 3752 certe
739 3711 802 3751 nec
833 3690 947 3752 minus
979 3691 1086 3772 impia
1115 3690 1307 3752 Lutherani
1338 3710 1442 3752 omne

160 3821 274 3882 genus
300 3798 478 3880 dogmatis
503 3807 703 3860 commenta
727 3817 769 3858 eo
794 3817 905 3878 usque
930 3797 1112 3860 invaluere
1136 3812 1175 3858 ut
1199 3818 1302 3859 omne
1317 3797 1442 3859 timore

161 3907 229 3969 Dei
252 3907 388 3969 abolito
414 3906 577 3986 omnique
603 3904 677 3966 eius
701 3913 842 3966 assueto
868 3905 963 3966 cultu
989 3907 1174 3984 abrogato,
1201 3925 1247 3966 ex
1272 3903 1441 3965 ementita

161 4034 225 4096 per
249 4013 397 4075 miseros
421 4012 501 4075 illos
525 4009 759 4092 dogmatistas
784 4009 904 4072 nescio
931 4031 999 4091 qua
1024 4009 1237 4072 christianae
1267 4009 1442 4072 libertatis

162 4121 374 4184 detestanda
398 4122 503 4201 plane
527 4117 681 4196 licentia,
706 4137 783 4179 cum
807 4119 973 4199 privatim
997 4129 1070 4180 tum
1094 4117 1236 4198 publice
1259 4117 1346 4179 nihil
1370 4136 1441 4178 non

161 4248 227 4309 pro
252 4227 423 4306 cuiusque
446 4225 523 4288 fere
555 4225 701 4286 libidine
725 4235 864 4304 agatur.
912 4225 955 4286 Et
979 4224 1084 4286 hodie
1110 4225 1206 4305 apud
1236 4222 1441 4286 florentissi-

160 4356 234 4397 mas
265 4333 488 4414 respublicas
522 4331 644 4394 audire
676 4332 816 4412 integra
847 4343 991 4394 senatus
1023 4331 1185 4392 consulta
1224 4351 1265 4392 ac
1300 4330 1440 4392 illorum

160 4440 308 4503 arbitrio
343 4440 389 4500 ad
421 4439 615 4519 simplicem
648 4437 803 4499 fidelium
827 4440 970 4519 plebem
995 4437 1114 4498 delata
1138 4435 1207 4498 iam
1232 4436 1325 4498 omni
1348 4440 1442 4500 bene

163 4551 341 4628 beateque
357 4565 420 4627 per
434 4545 609 4608 Christum
629 4545 773 4606 vivendi
789 4544 927 4606 ratione
943 4553 1161 4626 postergata,
1179 4544 1319 4605 abiecto
1334 4553 1441 4623 atque

161 4657 311 4735 exploso
325 4652 467 4734 penitus
491 4652 683 4734 spiritualis
708 4651 917 4732 disciplinae
941 4650 1068 4725 studio,
1090 4670 1245 4712 summae
1269 4650 1346 4713 fere
1370 4649 1439 4731 pie·

161 4760 245 4824 tatis
269 4761 365 4844 apud
391 4771 568 4822 nostrates
592 4759 731 4821 ducitur
755 4759 849 4821 circa
874 4759 1015 4821 divinae
1046 4757 1243 4840 scripturae
1272 4778 1440 4820 veneran-

160 4871 243 4930 dam
268 4866 520 4929 sublimitatem
553 4865 639 4928 nihil
675 4887 746 4928 non
780 4867 996 4949 exponendo
1020 4885 1242 4946 presumere:
1268 4864 1363 4926 circa
1387 4886 1440 4927 ca-
