3425 5700
656 521 903 580 ⁰⁴32llf>0

228 671 297 734 Pro
328 671 412 735 inde
443 673 509 735 hec
541 671 658 734 omnia
683 669 902 732 Beatitudini
933 677 1052 731 vestre
1085 677 1170 730 nota
1194 686 1272 730 esse
1296 667 1418 745 voluit,

151 799 209 860 quo
232 779 346 860 possit
377 799 419 840 eo
452 777 659 859 prospicere
693 777 818 841 melius
842 779 950 838 rebus
974 774 1304 838 Ecclesiasticorum
1328 774 1419 836 adeo

150 885 368 966 conturbatis,
392 884 579 966 eidemque
604 895 766 947 creature
791 883 961 946 mandare
986 903 1027 946 ac
1053 879 1254 963 significare
1270 900 1338 961 que
1354 899 1420 961 per

150 993 251 1074 ipsum
274 991 352 1054 fieri
376 991 472 1054 velit.

744 1537 805 1603 108

410 1663 654 1744 llaander
689 1662 1140 1744 vicecancellario.

565 1811 707 1884 (llmtlet.
726 1811 853 1872 (lemen.
872 1811 903 1871 Ιι.
921 1811 987 1882 181.)

657 1929 709 2000 (16¹
729 1933 796 1998 Julii
819 1935 904 1995 152¹·)

227 2071 405 2135 Mereordi
429 2084 574 2155 passato
599 2076 665 2138 che
689 2075 727 2138 fu
761 2096 781 2137 a
810 2076 846 2138 dl
872 2075 920 2138 X.
954 2075 989 2136 di
1013 2083 1139 2155 questo
1172 2071 1254 2134 veni
1290 2067 1350 2151 qui
1380 2069 1416 2131 in

150 2179 302 2242 Anversa
327 2180 375 2242 da
398 2181 588 2253 Bruxelle;
624 2183 750 2261 Jovedl
786 2193 821 2245 et
846 2181 1005 2244 Venerdl
1029 2180 1080 2242 fui
1104 2178 1279 2260 impedito
1301 2175 1336 2238 in
1364 2175 1420 2236 far

151 2287 290 2367 expedit
314 2287 338 2348 il
363 2289 531 2350 mandato
568 2288 603 2350 di
629 2288 738 2352 Cesar
772 2289 807 2352 in
844 2291 977 2370 lengua
1012 2297 1048 2351 et
1081 2287 1163 2349 stilo
1196 2282 1417 2347 Barbantino

149 2393 268 2471 perche
292 2396 495 2456 altramenti
519 2395 633 2476 questi
659 2397 716 2458 del
742 2397 881 2459 Ducato
917 2396 952 2457 di
982 2394 1180 2458 Barbantia
1212 2412 1282 2454 non
1311 2390 1418 2453 obbe-

150 2497 335 2563 direbbeno
361 2499 469 2564 Cesar
494 2514 529 2564 et
559 2502 685 2566 ordino
717 2505 750 2566 al
784 2524 847 2566 suo
879 2506 1105 2566 locotenente
1137 2502 1202 2563 che
1233 2498 1419 2562 assistesse

149 2625 167 2666 a
193 2605 246 2668 far
272 2609 307 2669 la
340 2609 463 2671 debita
497 2609 727 2684 executione;
759 2608 919 2674 Sabbato
952 2609 1009 2672 all'
1041 2598 1129 2672 hora
1163 2608 1257 2669 della
1287 2602 1418 2666 iustitia

149 2721 364 2796 anteprans0‚
390 2718 540 2779 essendo
564 2717 691 2800 giorno
717 2718 752 2780 di
776 2725 944 2797 mercato,
968 2717 1006 2779 fu
1029 2717 1120 2779 fatta
1143 2719 1177 2778 la
1200 2711 1418 2795 publication

36 2864 38 2867 -
149 2819 220 2882 dell¹
245 2822 355 2886 editto
381 2831 416 2885 et
439 2824 564 2888 lettolo
598 2826 644 2887 ad
674 2828 822 2889 verbum
854 2827 919 2889 che
951 2826 1039 2887 duro
1063 2823 1164 2906 quasi
1188 2821 1244 2885 un'
1269 2821 1359 2883 hora
1382 2818 1416 2882 in

149 2930 318 3007 presentia
344 2930 427 2993 delli
452 2932 650 3013 magistrati
675 2942 711 2995 et
728 2936 761 2995 el
783 2935 1009 2996 locotenente
1034 2933 1069 2993 di
1085 2932 1194 2994 Cesar
1219 2931 1284 2991 che
1308 2948 1417 2990 erano

149 3053 207 3096 con
231 3037 265 3099 la
287 3058 401 3119 verga
425 3040 520 3109 della¹
543 3038 677 3101 iustitia
702 3040 736 3102 in
762 3061 878 3120 mano,
903 3039 1023 3101 avanti
1048 3040 1082 3101 la
1105 3057 1189 3101 casa
1209 3037 1303 3099 della
1318 3035 1417 3097 Com·

149 3142 269 3205 muniti
294 3164 361 3207 con
386 3165 559 3208 concorso
584 3166 655 3208 non
681 3148 757 3209 solo
783 3146 883 3228 quasi
907 3147 943 3209 di
967 3156 1058 3208 tutta
1082 3152 1207 3227 questa
1231 3153 1336 3221 terra,
1363 3161 1418 3203 ma

37 3322 38 3343 3
149 3266 270 3311 ancora
292 3251 348 3313 de'
372 3251 479 3314 vieini
503 3253 650 3335 paesani
676 3264 711 3316 et
735 3254 815 3315 altri
839 3256 905 3316 che
930 3274 1038 3317 erano
1062 3251 1184 3315 venuti
1209 3252 1242 3313 al
1260 3257 1417 3312 mercato

37 3350 39 3423 f
151 3356 209 3418 che
232 3366 323 3421 tutta
345 3360 381 3421 la
406 3359 526 3441 piazza
551 3369 586 3422 et
614 3370 724 3423 strate
755 3360 871 3423 vicine
899 3369 935 3423 et
958 3380 1041 3423 case
1065 3371 1100 3422 et
1123 3358 1281 3421 fenestre
1305 3376 1414 3419 erano

149 3462 243 3539 piene
272 3485 337 3527 con
363 3468 502 3548 grande
536 3477 571 3529 et
600 3468 708 3531 tacita
739 3469 954 3547 attentione,
983 3467 1043 3549 poi
1075 3470 1161 3529 letto
1193 3466 1214 3527 l'
1241 3464 1351 3527 editto
1384 3468 1417 3526 el

37 3624 39 3631 ,
148 3569 388 3635 luocotenente
422 3574 505 3635 dato
542 3576 574 3637 el
605 3594 717 3655 segno
753 3576 787 3637 di
820 3574 952 3637 iustitia
983 3574 1191 3637 commando
1222 3575 1302 3635 chel
1333 3572 1416 3634 boia

37 3660 38 3753 J
149 3673 276 3741 facesse
300 3680 320 3741 l'
341 3678 462 3742 ufficio
495 3690 531 3743 et
554 3680 603 3743 ivi
626 3680 660 3743 in
687 3702 757 3744 uno
790 3682 975 3763 suggiesto
1000 3682 1072 3743 alto
1097 3680 1224 3743 furono
1249 3678 1417 3742 brusciati

38 3800 39 3847 ξ
149 3780 227 3845 forsi
250 3796 498 3867 quattrocento
522 3788 602 3850 libri
621 3789 664 3850 (le
680 3789 824 3867 Luther‚
849 3788 933 3851 delli
950 3788 1045 3869 quali
1069 3790 1116 3849 da
1132 3797 1292 3849 trecento
1308 3786 1417 3850 Cesar

38 3866 40 3975 ζ
150 3886 254 3954 havea
278 3892 366 3956 fatto
391 3894 523 3977 pigliar
547 3897 641 3957 dalle
675 3898 864 3977 botteghe;
895 3897 927 3959 el
956 3906 1051 3958 resto
1083 3896 1121 3957 fu
1149 3902 1340 3975 apportato
1371 3893 1417 3954 da

39 4068 40 4073 γ
149 3994 200 4073 pil
224 4018 374 4079 persone
399 4011 527 4082 sponte
552 4022 615 4064 sua
640 4012 775 4065 mentre
800 4003 866 4065 che
898 4002 922 4063 li
950 4003 1030 4064 altri
1058 4002 1086 4064 si
1119 4000 1416 4080 abbrusciavanO,

39 4136 40 4175 3
150 4112 179 4163 et
201 4104 343 4170 insieme
369 4108 501 4170 diversi
526 4107 637 4171 libelli
661 4108 787 4170 famosi
813 4119 848 4171 et
872 4108 1065 4180 criminosi;
1102 4119 1138 4172 et
1162 4119 1259 4171 certo
1284 4106 1321 4169 fu
1345 4110 1415 4169 ben

41 4288 42 4291 Ἴ
149 4211 297 4288 proficua
319 4235 404 4277 cosa
428 4216 559 4296 perche
592 4228 718 4296 questa
741 4227 837 4277 terra
868 4236 930 4278 era
965 4226 1057 4279 stata
1089 4217 1198 4277 molto
1229 4215 1357 4277 infetta
1381 4224 1416 4276 et

150 4336 247 4383 erano
272 4322 437 4405 stampati
463 4322 521 4403 qui
546 4322 644 4385 molti
668 4322 804 4384 miliara
829 4322 866 4384 di
889 4322 970 4384 libri
1004 4325 1048 4385 de
1077 4321 1191 4403 questi
1223 4320 1414 4384 maledetti.

151 4421 250 4487 Cesar
273 4428 387 4491 bavea
412 4428 530 4490 animo
555 4428 591 4490 di
615 4447 713 4491 esser
736 4440 914 4510 presente,
940 4450 996 4492 ma
1019 4430 1053 4490 la
1077 4428 1215 4491 brevita
1231 4427 1279 4490 dil
1295 4437 1415 4509 tempo

41 4540 42 4545 ’
150 4540 180 4589 et
201 4534 231 4595 le
255 4534 480 4617 occupationi
505 4536 564 4598 del
588 4536 687 4597 detto
712 4534 879 4617 Principe
903 4538 938 4599 lo
962 4536 1177 4617 impedirn0,
1202 4537 1266 4598 che
1291 4534 1415 4597 invero

152 4638 210 4699 mai
232 4640 249 4702 ὲ
274 4662 342 4705 una
365 4644 456 4705 hora
480 4644 538 4706 del
562 4642 596 4705 di
617 4643 698 4707 fuor
717 4642 752 4703 di
769 4643 927 4707 conselii.
966 4642 1010 4706 Se
1027 4642 1061 4704 in
1078 4642 1253 4705 Gandavo
1269 4643 1414 4704 haremo

44 4735 50 4820 J
152 4747 290 4823 qualche
312 4748 514 4832 tempicello
540 4770 579 4812 se
602 4748 678 4812 fara
703 4769 812 4812 ancor
836 4749 967 4831 meglio
991 4750 1136 4812 favente
1157 4750 1252 4830 Dec,
1276 4750 1413 4812 bench&

45 4889 50 4938 !
142 4869 212 4955 'non
234 4854 307 4918 scio
330 4858 395 4919 che
420 4856 551 4939 meglio
561 4906 571 4937 ,
605 4859 670 4920 che
703 4870 921 4921 certamente
952 4857 989 4919 fu
1022 4856 1112 4920 fatto
1144 4878 1189 4920 un
1223 4860 1348 4939 plauso
1378 4870 1414 4920 et
