3425 5700
688 593 936 648 *olorum

172 753 208 805 et
231 750 324 805 tutto
347 742 372 804 il
397 742 527 804 mundo
552 740 650 816 crida
674 740 708 801 la
731 749 845 802 morte
860 760 882 800 a
897 739 990 820 preti
1007 747 1042 800 et
1056 758 1280 801 mormorano
1297 737 1349 823 (ut
1364 736 1451 800 alias

171 849 309 931 scripsi)
335 851 379 911 de
405 849 582 911 convertir
607 848 640 910 le
665 857 794 908 annate
819 845 853 908 in
878 845 1008 908 salario
1033 847 1077 908 de
1102 846 1126 908 li
1151 846 1287 908 consilii
1312 846 1348 908 di
1365 846 1447 910 Ger·

170 955 307 1036 mania,
342 965 465 1018 contra
501 954 560 1017 dio
595 953 784 1017 et'contra
809 974 932 1028 rason;
969 964 1005 1017 et
1029 951 1123 1015 mille
1147 953 1236 1016 altre
1260 952 1451 1016 ribaldarie

170 1065 236 1126 che
261 1064 371 1144 longo
395 1064 547 1126 sarebbe
573 1071 608 1123 et
631 1060 769 1124 tedioso
794 1083 815 1122 a
839 1061 982 1124 scriver.

260 1171 315 1232 De
339 1169 497 1232 Martino
532 1168 699 1231 habiamo
724 1188 817 1230 nove
853 1168 963 1230 cher}
1001 1166 1036 1229 in
1066 1166 1203 1231 camino
1228 1177 1265 1231 et
1287 1168 1367 1232 sara
1391 1171 1451 1250 qui

169 1277 263 1340 intra
287 1276 346 1338 doi
370 1275 506 1356 giorni;
541 1277 599 1338 del
623 1275 716 1338 fasto
744 1276 824 1337 chel
849 1294 1054 1337 monacum
1080 1295 1162 1337 seco
1198 1276 1244 1337 de
1268 1274 1449 1338 Gentillro·

170 1382 255 1446 mini
279 1392 314 1446 et
338 1382 390 1446 sei
414 1382 550 1445 doctori
575 1390 611 1444 et
635 1382 679 1444 de
703 1383 815 1444 haver
835 1381 1021 1462 predicato
1044 1381 1079 1444 in
1097 1380 1272 1463 Erfordia,
1298 1383 1390 1445 dove
1413 1383 1452 1445 fu

169 1499 324 1572 excepto
362 1491 407 1550 da
442 1489 555 1551 artisti
590 1500 625 1552 et
649 1489 768 1570 legisti
797 1488 1011 1567 honorifice,
1035 1508 1105 1550 non
1130 1508 1174 1551 ne
1198 1488 1293 1552 volio
1318 1489 1451 1553 scriver

169 1604 428 1677 asseveranter,
451 1595 534 1677 quia
548 1597 644 1659 multi
658 1598 767 1659 multa
792 1598 982 1676 loquuntur
1007 1597 1070 1658 sed
1085 1619 1131 1659 ex
1148 1617 1287 1660 rumore
1304 1597 1451 1660 incerto.

259 1703 327 1766 Noi
352 1703 412 1766 diu
437 1713 614 1785 noctuque
639 1724 717 1766 cum
743 1703 896 1767 Caesare
928 1715 965 1766 et
990 1723 1067 1765 cum
1093 1704 1125 1766 el
1151 1704 1343 1768 Confessor
1367 1716 1403 1768 et
1428 1705 1451 1768 li

169 1812 229 1874 del
262 1809 419 1873 conselio
452 1821 590 1874 secreto
615 1809 809 1892 satagimus
843 1811 888 1872 de
918 1809 973 1872 sar
1003 1812 1069 1872 che
1100 1810 1314 1874 l’authorita
1339 1813 1383 1874 de
1409 1812 1450 1875 xl.

167 1917 207 1982 S.
239 1917 284 1980 sit
308 1938 449 1998 semper
480 1918 580 1981 salva
604 1928 641 1981 et
665 1927 789 2000 questa
814 1927 946 1979 venuta
970 1917 1011 1980 sii
1035 1916 1194 1998 proficua
1218 1921 1288 1982 alla
1312 1919 1452 1982 Chiesia

167 2026 215 2088 de
238 2024 319 2105 Dio,
343 2025 386 2088 ne
410 2045 594 2088 mancamo
619 2027 664 2088 de
688 2025 742 2088 far
767 2027 800 2088 el
831 2023 967 2104 sforzo,
1001 2033 1037 2087 et
1066 2027 1136 2088 ben
1161 2028 1340 2108 besogna,
1373 2049 1452 2109 per-

166 2133 233 2195 che
265 2134 295 2194 el
323 2131 468 2194 Saxone
501 2153 566 2213 per
600 2131 695 2194 mille
730 2131 787 2193 vie
829 2140 865 2195 et
899 2132 967 2194 arti
1002 2133 1176 2213 (quamvis
1210 2131 1315 2218 clam)
1348 2135 1384 2196 fa
1417 2137 1452 2198 el

165 2238 303 2322 peggio
327 2241 393 2304 che
417 2251 501 2321 pote
527 2250 562 2303 et
586 2246 677 2302 tutto
703 2241 735 2302 el
759 2240 892 2301 mundo
917 2240 1101 2321 tumultua,
1125 2261 1147 2302 a
1171 2242 1219 2303 tal
1237 2243 1303 2304 che
1324 2242 1348 2304 li
1366 2243 1449 2305 Cae-

165 2347 297 2410 sariani
333 2349 539 2410 vorebbeno
577 2347 642 2409 che
667 2345 820 2408 Martino
857 2366 928 2408 non
960 2346 1057 2409 fusse
1081 2347 1150 2410 mai
1174 2369 1237 2429 per
1261 2350 1380 2430 venir,
1416 2360 1451 2412 et

165 2455 307 2516 vedeno
333 2457 398 2517 clre
422 2453 481 2517 noi
505 2473 644 2534 sempre
669 2451 692 2514 li
716 2451 944 2532 prediceamo
970 2452 995 2515 il
1019 2473 1106 2516 vero
1131 2464 1166 2516 et
1190 2454 1215 2517 il
1232 2457 1362 2529 dever;
1388 2456 1449 2520 Ce-

164 2581 227 2623 sar
250 2581 314 2641 par
339 2560 470 2623 chesil
495 2558 778 2623 constantissimo
808 2568 844 2621 et
868 2560 926 2621 vol
952 2561 1017 2622 che
1042 2560 1184 2623 omnino
1208 2572 1368 2626 servetur
1392 2565 1449 2626 de-

165 2676 302 2730 cretum
326 2667 483 2748 imperii,
520 2666 599 2728 anci
623 2687 644 2727 a
668 2666 780 2747 quest’
807 2686 870 2727 ora
907 2669 963 2729 nel
995 2667 1088 2730 uscir
1112 2667 1147 2729 di
1172 2688 1323 2749 vespero
1349 2670 1380 2732 ci
1404 2671 1450 2732 ha

165 2773 268 2836 detto
293 2775 372 2836 chel
397 2793 502 2857 spera
527 2773 582 2836 iar
606 2794 714 2836 ancor
738 2773 843 2836 melio
869 2775 935 2837 che
949 2776 1068 2856 quello
1093 2776 1158 2837 che
1182 2775 1212 2855 ὲ,
1237 2796 1337 2838 como
1362 2777 1450 2840 alias

163 2884 215 2944 ho
240 2882 381 2955 scritto;
412 2883 477 2944 che
493 2902 530 2945 se
547 2880 701 2944 Martino
727 2901 797 2944 non
822 2882 882 2944 vol
907 2903 1054 2945 revocer
1079 2883 1103 2944 li
1127 2882 1207 2945 libri
1232 2884 1388 2947 damnati
1414 2894 1449 2949 et

164 2988 249 3051 altri
273 2991 339 3052 che
363 2988 399 3052 in
416 3010 453 3052 se
479 2989 719 3071 contenghino
735 2990 863 3051 alcuna
878 3010 963 3052 cosa
982 3001 1106 3052 contra
1122 2989 1315 3053 Ecclesiam
1330 2993 1448 3053 catho-

163 3094 281 3174 licam,
307 3097 416 3177 leges,
441 3105 477 3159 et
493 3096 582 3159 ritus
598 3095 633 3159 in
649 3098 740 3159 hanc
756 3115 869 3177 usque
886 3097 978 3159 diem
996 3100 1215 3176 observatos,
1242 3098 1306 3161 che
1327 3098 1350 3159 li
1368 3097 1449 3160 libri

162 3223 207 3265 se
224 3204 422 3281 abruscin0,
437 3212 472 3265 et
487 3202 641 3265 Martino
656 3202 781 3284 vigore
795 3202 1082 3265 salviconductus
1098 3204 1222 3266 redeat
1234 3204 1375 3285 quidem
1389 3208 1447 3267 do·

164 3330 271 3391 mum,
286 3311 349 3373 sed
360 3312 509 3391 posthac
520 3311 694 3372 habeatur
706 3320 743 3371 ut
756 3308 958 3372 haereticus
970 3310 1005 3372 in
1018 3330 1122 3391 quem
1136 3331 1258 3373 omnes
1268 3312 1448 3393 principes

163 3426 205 3480 et
217 3416 340 3498 populi
352 3417 547 3499 insurgant.
567 3416 595 3479 Il
607 3420 672 3480 che
684 3438 749 3500 pur
763 3418 828 3480 che
838 3415 867 3477 si
875 3416 976 3498 faeci,
990 3418 1023 3479 le
1033 3437 1115 3479 cose
1127 3420 1332 3480 anderanno
1344 3423 1446 3483 bene.

257 3524 419 3588 Havemo
443 3523 534 3589 fatto
559 3524 725 3587 instantia
749 3526 793 3587 ad
819 3522 950 3587 Caesar
975 3525 1041 3586 che
1066 3546 1112 3586 ex
1135 3545 1204 3606 quo
1238 3526 1346 3607 quelli
1371 3528 1445 3589 dot-

163 3630 237 3695 tori
260 3632 326 3694 che
349 3633 502 3695 vieneno
527 3652 606 3695 cum
627 3632 758 3694 Luther
784 3652 872 3695 sono
897 3631 1192 3695 excommunicati
1216 3642 1251 3695 et
1274 3632 1446 3696 interditti

162 3759 232 3821 per
257 3760 353 3802 esser
378 3739 455 3802 suoi
478 3737 607 3802 fautori
632 3747 666 3799 et
691 3738 854 3819 complici
876 3747 912 3801 et
928 3760 998 3801 non
1014 3740 1133 3802 hanno
1149 3740 1249 3802 salvo
1265 3742 1445 3822 condott0,

162 3846 279 3927 perho
304 3866 374 3908 non
400 3846 428 3908 si
453 3846 584 3909 lassino
601 3845 711 3908 intrar
736 3846 770 3908 in
797 3847 831 3909 la
855 3857 967 3921 terra;
993 3846 1124 3909 Caesar
1139 3846 1231 3909 intra
1246 3847 1338 3910 assai
1353 3849 1446 3911 bene

162 3952 204 4014 in
229 3954 262 4013 la
286 3952 430 4034 opinion
467 3962 603 4030 nostra,
638 3972 694 4015 ma
719 3952 797 4016 dice
822 3954 921 4017 voler
945 3956 1124 4017 consultar
1148 3974 1227 4015 cum
1252 3952 1275 4014 li
1300 3954 1446 4017 electori

163 4066 205 4121 et
240 4060 297 4122 del
332 4068 423 4122 tutto
448 4060 511 4123 dar
536 4063 631 4122 buon
657 4060 798 4142 ordine,
827 4062 894 4124 che
918 4062 987 4125 Dio
1012 4072 1047 4124 et
1071 4061 1112 4125 Ν,
1138 4059 1174 4124 S.
1200 4039 1353 4124 saratino
1375 4064 1445 4123 ben

162 4166 341 4239 contenti;
371 4166 395 4228 il
430 4168 494 4229 che
526 4168 634 4230 credo
660 4168 725 4229 che
750 4167 831 4229 sara
854 4189 893 4231 se
917 4188 983 4249 pur
1009 4169 1056 4230 lui
1080 4188 1191 4249 segue
1214 4167 1240 4229 il
1263 4187 1326 4230 suo
1350 4170 1445 4230 buon

162 4291 273 4335 senso
298 4282 334 4335 et
358 4293 427 4335 non
453 4274 497 4335 de
522 4273 639 4336 alcuni
663 4273 749 4355 suoi,
774 4274 798 4337 li
824 4274 919 4357 quali
942 4276 1061 4339 hanno
1085 4276 1145 4356 pin
1171 4285 1328 4356 respetto
1353 4276 1445 4337 deli

162 4378 301 4442 homini
326 4381 391 4442 che
409 4380 452 4442 de
466 4378 534 4442 Dio
560 4390 595 4442 et
620 4381 677 4443 del
693 4402 758 4444 suo
772 4381 928 4445 Vicari0.
975 4382 1019 4444 Et
1034 4382 1104 4444 Dio
1129 4403 1174 4444 un
1199 4383 1234 4443 dl
1249 4382 1447 4444 monstrari

162 4488 246 4549 loro
280 4488 345 4549 che
369 4485 430 4567 piu
454 4496 538 4567 pote
563 4488 629 4549 che
652 4488 677 4551 li
700 4488 850 4569 homini,
882 4489 918 4549 in
942 4490 1038 4570 quali
1062 4497 1229 4569 questoro
1254 4509 1292 4550 se
1316 4488 1446 4551 fidan0.

162 4593 199 4656 Il
224 4593 288 4656 che
313 4594 487 4656 ancorche
513 4603 756 4674 apertamente
781 4595 805 4658 li
830 4594 982 4658 diciamo
1007 4605 1043 4659 et
1071 4595 1359 4658 demonstramoli
1382 4616 1446 4677 per

161 4698 264 4764 mille
289 4700 427 4782 ragioni
451 4700 472 4762 l'
489 4721 587 4765 error
611 4704 687 4765 loro
712 4710 810 4764 tanto
836 4723 996 4783 enorme,
1021 4701 1100 4764 anci
1125 4702 1148 4764 li
1180 4702 1398 4784 predieiamo
1422 4702 1446 4766 li

163 4806 329 4871 scandali
364 4818 399 4870 et
434 4807 541 4870 danni
574 4810 639 4870 che
664 4810 868 4890 procedeno
894 4811 940 4872 da
964 4820 1089 4890 questa
1112 4812 1189 4872 loro
1214 4832 1235 4872 o
1259 4830 1388 4891 paura,
1425 4831 1446 4872 o

161 4914 399 4996 negligentia,
425 4935 445 4977 o
471 4914 665 4997 malignita,
689 4915 755 4978 mai
781 4916 961 4998 possiamo
985 4918 1071 4981 tirar
1095 4917 1141 4979 da
1164 4917 1240 4979 loro
1265 4919 1355 4979 altro
1380 4916 1446 4979 che

195 5040 277 5091 Belua,
288 5041 431 5081 Documenta
440 5041 578 5081 bulherum.
1271 5023 1303 5078 ll
