3425 5700
616 532 927 605 'e-omseo

162 734 240 791 243;
267 734 313 775 ex
338 712 468 775 nostris
492 732 620 775 novem
644 710 762 791 occisi,
788 718 824 773 et
846 732 936 774 unus
958 710 1173 792 Capiteneus
1202 705 1445 785 Treverensis‚

160 822 243 884 dum
267 821 409 883 incaute
433 819 572 899 quaerit
595 818 746 881 rusticos
770 818 805 880 in
830 837 975 881 nemore
999 828 1124 881 contra
1146 818 1279 880 iussum
1304 814 1444 897 Capita·

160 947 329 1007 neotum,
363 928 409 988 ab
438 944 510 989 uno
546 946 592 987 ex
625 924 754 987 nostris
789 944 854 1006 pro
880 929 1011 987 rustico
1035 924 1214 1006 impetitur
1237 922 1445 999 bombarda,

161 1045 197 1097 et
221 1032 381 1096 moritur.
416 1031 614 1095 Stationem
639 1031 763 1094 habuit
786 1030 847 1094 illo
871 1031 929 1094 die
954 1033 1142 1111 exercitus,
1167 1040 1204 1094 et
1217 1040 1389 1112 sequente
1412 1026 1447 1089 in

162 1139 433 1223 Kungshoffen:
458 1140 623 1203 noctibus
648 1149 765 1201 tamen
790 1140 962 1201 ambabus
986 1138 1122 1220 equites
1138 1139 1184 1201 ad
1208 1158 1325 1201 arcem
1349 1135 1444 1199 missi

161 1258 252 1328 sunt,
278 1257 317 1309 ut
340 1250 386 1309 ab
412 1246 568 1309 obsessis
593 1245 794 1327 intelligant
818 1265 890 1327 quo
905 1244 938 1307 in
957 1255 1052 1307 statu
1076 1257 1158 1308 sunt
1181 1244 1308 1308 omnia.
1340 1243 1445 1306 Unde

162 1354 269 1417 tertia
293 1353 387 1433 Junii
410 1353 446 1415 in
471 1363 576 1416 nocte
601 1351 847 1433 significarunt
872 1355 959 1413 8000
973 1341 1184 1415 'rusticorum
1209 1352 1340 1415 exiisse
1357 1350 1445 1414 Her-

162 1462 311 1545 bipolim
335 1480 460 1523 versus
483 1460 702 1522 'lauberum2
732 1469 858 1540 quarta
890 1458 983 1538 Junii
1008 1459 1212 1542 intelligens
1235 1459 1309 1541 liga
1332 1478 1445 1541 prope

162 1590 241 1632 esse
265 1566 335 1631 illis
359 1565 527 1647 occurrit,
552 1565 611 1648 qui
636 1564 836 1629 nescientes
861 1585 962 1628 cesos
987 1586 1065 1629 esse
1096 1566 1205 1631 Otten
1230 1565 1446 1629 Waldenses

163 1676 293 1759 quibus
317 1673 501 1756 suppetias
524 1672 618 1736 ferre
642 1675 828 1753 volebant,
862 1672 976 1755 primo
1008 1673 1127 1755 itaque
1151 1692 1347 1755 congressu
1371 1672 1445 1735 fun-

163 1786 295 1846 duntur
310 1780 442 1861 rustici,
459 1789 494 1843 et
510 1780 665 1861 fugiunt:
681 1780 832 1842 trecenti
849 1780 883 1841 in
900 1779 1099 1861 proximam
1122 1801 1239 1844 arcem
1264 1800 1377 1862 nuper
1400 1782 1446 1841 ab

164 1890 217 1954 eis
241 1891 461 1952 combustam
486 1886 697 1968 confugiunt
720 1897 756 1949 et
779 1896 850 1950 tam
875 1886 1102 1967 pertinaciter
1135 1908 1173 1951 se
1197 1887 1445 1964 defenderunt,

163 2008 202 2061 ut
227 2017 271 2059 eo
296 1996 355 2057 die
378 2015 451 2058 non
475 1984 787 2076 expugnarentur;
812 2012 947 2056 summo
978 2014 1081 2058 mane
1106 1994 1289 2057 tormentis
1310 2013 1445 2057 murum

163 2105 372 2186 fregerunt,
409 2110 444 2163 et
473 2102 509 2164 vi
533 2101 770 2182 irrumpentes
795 2100 922 2163 milites
947 2101 1100 2163 rusticos
1125 2121 1247 2165 omnes
1270 2102 1316 2164 ad
1340 2121 1446 2163 unum

162 2210 396 2275 trucidarunt.
438 2208 477 2271 In
502 2216 577 2270 toto
605 2210 700 2271 bello
731 2227 910 2288 nunquam
934 2209 1016 2288 plus
1041 2208 1157 2270 damni
1182 2208 1338 2290 suscepit
1362 2208 1445 2290 liga,

163 2339 246 2381 nam
281 2314 537 2399 quinquaginta
573 2335 619 2377 ex
651 2314 781 2377 nostris
806 2325 888 2376 unte
913 2312 1035 2376 turrim
1073 2317 1290 2395 occubuere,
1325 2318 1447 2396 plures

163 2424 250 2499 laci;
287 2422 431 2505 cognito
469 2432 586 2484 autem
620 2442 666 2484 ex
703 2420 846 2503 captivo
881 2421 1032 2484 rusticos
1067 2423 1186 2502 plures
1217 2422 1252 2485 in
1282 2422 1446 2503 proxima

162 2532 269 2617 sylva
294 2531 447 2608 latitare,
472 2529 650 2611 equitatus
675 2530 812 2611 sylvam
829 2528 1022 2606 circundat,
1039 2528 1168 2593 milites
1180 2529 1445 2611 ingrediuntur:

162 2639 372 2704 ceciderunt
407 2636 440 2698 in
477 2656 634 2713 nemore,
671 2636 704 2699 in
744 2636 830 2698 turri
865 2647 900 2698 et
933 2655 1127 2716 congressu
1162 2639 1256 2700 ultra
1290 2636 1445 2719 quinque

164 2746 275 2810 millia
299 2743 530 2808 rusticorum:
562 2762 605 2805 οο
631 2743 687 2804 die
713 2741 891 2805 01101011115
920 2742 1144 2823 Herbipolim
1168 2743 1317 2807 obsedit.
1364 2743 1446 2806 Tre·

164 2875 287 2918 veren.
312 2850 510 2931 PalatinuS,
542 2859 577 2914 et
609 2848 843 2931 Herbipolen.
868 2848 975 2913 fidam
999 2871 1116 2913 arcem
1139 2850 1378 2931 intraverunt,
1411 2859 1447 2913 et

163 2974 239 3026 tam
263 2960 469 3042 frequentes
494 2958 606 3022 iactus
631 2967 887 3021 tormentorum
918 2979 963 3021 ex
988 2958 1111 3022 0051115
1135 2969 1171 3022 01
1195 2979 1240 3021 ex
1268 2977 1349 3021 arce
1373 2957 1445 3020 fue-

164 3079 263 3149 runt,
292 3079 331 3130 ut
362 3065 472 3129 maior
495 3085 579 3147 pars
603 3065 813 3128 rusticorum
837 3076 941 3128 110010
966 3065 1201 3128 dilaberetur:
1230 3075 1331 3128 erant
1354 3065 1445 3128 enim

164 3177 283 3240 adhuc
312 3193 440 3237 novem
464 3172 574 3236 millia
597 3171 807 3234 rusticorum
831 3171 867 3234 in
893 3171 1088 3236 obsidione.
1135 3173 1203 3236 Die
1227 3193 1314 3255 ergo
1345 3181 1447 3235 sexta

163 3282 260 3364 Junii
276 3281 375 3344 Urbs
391 3300 456 3362 per
482 3279 696 3342 deditionem
720 3279 878 3341 venitin
902 3288 1115 3360 potestatem
1138 3280 1242 3362 ligae,
1266 3280 1359 3342 unde
1384 3279 1446 3342 Ca-

164 3391 331 3474 pitaneus
367 3390 544 3469 generalis
573 3385 669 3468 ligae
693 3385 737 3451 D.
775 3385 954 3466 Georgius
989 3385 1138 3468 Dapifer
1176 3388 1220 3449 de
1255 3385 1448 3468 Waltpurg

166 3499 304 3562 Urbem
329 3496 520 3575 ingressus,
541 3503 575 3556 et
588 3491 772 3574 Principes
798 3513 843 3556 ex
868 3513 950 3557 arce
974 3495 1233 3556 descendentes
1255 3493 1369 3575 primo
1393 3514 1443 3556 se·

165 3613 366 3690 gregarunt
389 3620 511 3665 omnes
536 3600 696 3663 subditos
725 3600 930 3663 Marchinos
959 3599 1140 3683 Casimiri,
1169 3620 1258 3682 quos
1289 3601 1335 3663 ad
1367 3619 1447 3662 eum

164 3711 338 3777 miserunt
354 3709 553 3790 puniendos
575 3707 837 3790 1483rustic05,
864 3707 945 3771 dein
970 3708 1118 3790 aliquot,
1142 3719 1178 3771 01
1201 3717 1339 3772 0011111111
1364 3729 1444 3770 mox

168 3818 342 3884 decollari
366 3815 546 3892 iecerunt,
580 3815 766 3877 lictoribus
794 3816 983 3879 mactando
1015 3815 1128 3895 105515,
1161 3815 1338 3878 0115011011
1366 3825 1447 3878 511111

170 3933 238 4006 7110
261 3922 410 4006 captivi,
434 3919 561 4002 reliqui
589 3922 635 3984 ad
667 3921 812 4004 propria
839 3923 939 3985 abire
971 3921 1072 4003 iussi,
1096 3943 1249 4006 poenam
1273 3923 1387 4003 ligae,
1412 3932 1447 3985 et

167 4032 402 4098 Dominorum
428 4037 673 4110 expectantes,
697 4049 777 4092 nam
801 4029 852 4092 ita
877 4031 967 4093 solet
992 4029 1066 4113 liga
1088 4030 1241 4093 rebelles
1261 4029 1296 4092 in
1311 4029 1450 4093 comuni

168 4141 315 4226 punire,
340 4148 375 4199 et
399 4156 505 4218 super
529 4135 672 4199 residuo
696 4147 857 4199 reservat
881 4156 1033 4218 poenam
1056 4147 1128 4201 tam
1151 4137 1320 4218 corporis,
1344 4157 1449 4218 quam

168 4253 346 4312 bonorum
379 4244 520 4306 domino
555 4241 724 4324 cuiusque
756 4243 835 4307 loci,
890 4243 935 4306 Et
969 4243 1051 4324 quia
1082 4265 1213 4307 cuneus
1242 4244 1308 4306 iste
1336 4242 1449 4324 magis

168 4351 407 4420 formidabilis
429 4351 494 4413 fuit
519 4349 685 4431 coeteris,
710 4359 745 4413 et
769 4349 922 4414 exitialis
946 4349 1048 4414 Clero
1081 4360 1118 4413 et
1140 4350 1334 4431 nobilitati,
1366 4351 1449 4414 licet

169 4482 286 4547 parvo
313 4459 464 4540 negocio
489 4457 595 4522 fuerit
610 4457 709 4520 fusus
748 4466 783 4520 et
809 4457 1014 4540 dissipatus,
1038 4457 1303 4522 subnotabimus
1327 4457 1447 4520 Mona·

169 4570 282 4634 steria
305 4567 421 4630 diruta
443 4576 478 4628 et
502 4586 603 4628 arces
626 4574 771 4629 exustas
796 4585 837 4628 ac
861 4565 1041 4647 spoliatas.

387 4673 607 4736 Ebracenses
1025 4673 1137 4736 Tores

395 4777 645 4844 Schwartzach
1030 4779 1245 4844 Bildhausen

390 4887 608 4952 Heidenfeld
1030 4887 1162 4951 Vesser
