3425 5700
818 532 1065 619 &taath

303 676 470 740 tholicnm
495 698 580 740 vero
604 678 673 741 Dei
697 682 829 742 cultum
854 680 939 744 nihil
964 703 1036 745 non
1060 683 1276 747 immutando
1300 688 1357 748 vel
1387 685 1491 749 etiam
1520 690 1580 751 ab·

302 784 463 864 rogando
495 785 638 849 audere.
694 786 939 851 Extnrbantur
971 810 1013 852 ac
1042 792 1249 853 desolantur
1272 792 1497 875 monasteria,
1522 795 1582 857 de-

301 890 491 953 moliuntur
516 892 691 975 sacrilega
715 914 819 957 manu
845 916 967 959 sacrae
992 899 1116 978 aedes,
1148 918 1274 961 census
1303 898 1332 961 si
1356 901 1416 981 qni
1440 910 1521 964 sunt
1545 913 1583 965 et

302 1001 410 1059 annui
434 999 592 1063 redditus
616 1010 723 1083 atque
754 1002 833 1083 ipsa
865 1004 1019 1086 denique
1044 1015 1246 1069 sanctornm
1271 1027 1313 1069 ac
1338 1005 1467 1071 Christi
1494 1029 1581 1090 pan·

303 1124 427 1185 perum
459 1107 656 1170 substantia
686 1128 708 1171 a
734 1112 882 1190 prelatis
913 1110 1071 1193 ipsisque
1102 1112 1334 1176 ecclesiarum
1365 1116 1582 1196 praepositis

300 1212 472 1275 violentia
502 1212 707 1296 Principum
733 1218 778 1278 ad
803 1217 923 1281 nescio
948 1238 1053 1299 quem
1076 1240 1176 1282 usum
1200 1220 1409 1302 preripitur,
1442 1221 1583 1285 exulari

301 1329 477 1401 coguntur
501 1330 647 1384 sanctae
670 1322 904 1404 professionis
928 1325 1119 1407 promiscui
1144 1348 1251 1391 sexus
1274 1328 1444 1408 homines,
1473 1332 1581 1393 abne·

301 1446 389 1507 gare
414 1428 696 1491 commendatum
729 1430 795 1493 sibi
830 1440 1020 1513 tantopere
1051 1436 1108 1496 vel
1132 1434 1250 1516 prisca
1274 1434 1352 1516 ipsa
1376 1445 1581 1499 sanctorum

301 1533 447 1596 Patrum
457 1534 653 1599 hnmilitate
664 1538 1074 1621 monasticumhabitum,
1083 1541 1241 1604 maritari
1254 1562 1385 1605 uxores
1394 1544 1582 1623 ducuntur,

302 1660 344 1703 ac
368 1640 456 1703 nihil
480 1661 550 1703 non
576 1642 730 1706 civilium
755 1664 795 1707 ac
820 1646 1032 1710 secularium
1055 1646 1223 1710 fluctuum
1247 1648 1365 1711 subire
1396 1652 1454 1714 vel
1477 1651 1582 1714 inviti

301 1748 336 1810 in
362 1768 496 1813 summa
519 1768 605 1812 vero
630 1751 724 1813 circa
748 1752 935 1835 Principes
959 1776 1000 1817 ac
1030 1755 1258 1836 magistratus
1281 1755 1378 1836 ipsos
1402 1758 1518 1821 omnia
1543 1759 1581 1822 in

301 1854 414 1917 isthac
430 1855 574 1937 pietatis
595 1877 713 1939 cansa,
729 1846 791 1922 seri
806 1880 873 1941 per
887 1862 1112 1942 tyrannidem
1127 1882 1260 1925 meram
1284 1862 1360 1926 sive
1384 1865 1581 1929 secundum

301 1962 504 2025 teterrimae
531 1967 702 2033 avaritiae
718 1966 830 2049 pestis
845 1968 1022 2031 dictamen
1037 1971 1156 2051 palam
1179 1969 1319 2031 actitari
1342 1972 1468 2033 solent.
1503 1972 1580 2035 Iam

301 2091 387 2133 vero
412 2073 474 2135 tali
497 2078 579 2141 hnic
603 2096 646 2139 ac
670 2083 769 2138 tanto
793 2077 886 2137 malo
910 2096 1014 2139 nemo
1038 2076 1115 2139 fere
1140 2087 1204 2156 est,
1228 2076 1288 2157 qni
1305 2079 1361 2139 vel
1382 2077 1581 2159 medeatur,

300 2181 359 2243 vel
383 2202 453 2263 quo
469 2186 594 2249 saltem
610 2193 716 2265 pacto
740 2182 964 2264 aliquatenus
979 2185 1191 2246 medendum
1215 2184 1270 2265 sit,
1294 2195 1453 2265 querant.
1490 2184 1581 2249 Cum

302 2288 519 2356 eruditorum
543 2296 639 2355 bona
662 2310 746 2373 pars
771 2290 1000 2373 improbitate
1024 2290 1186 2353 nimirum
1210 2290 1305 2354 vitae
1329 2310 1415 2355 suae
1439 2290 1583 2356 deflexa

302 2394 338 2457 in
364 2417 468 2462 omne
491 2398 527 2463 id
552 2420 666 2481 genus
690 2396 854 2479 stupendi
880 2407 987 2478 atque
1012 2396 1207 2460 execrandi
1230 2398 1349 2479 potins
1374 2398 1456 2460 novi
1481 2398 1583 2462 Chri-

301 2502 472 2569 stianismi
500 2504 731 2587 conspirarit,
763 2503 814 2566 ita
844 2513 883 2565 ut
913 2503 1051 2584 perrari
1082 2506 1189 2587 plane
1222 2504 1309 2584 sint,
1347 2503 1406 2585 qui
1444 2505 1583 2585 pietate

303 2612 473 2693 magistra
496 2614 532 2677 in
556 2609 830 2697 periclitantium
850 2619 903 2673 tot
920 2611 1113 2673 animarum
1131 2612 1280 2673 salutem
1297 2610 1392 2673 dicto
1409 2612 1467 2673 vel
1482 2610 1584 2674 facto

302 2740 321 2781 e
346 2720 525 2785 contrario
550 2718 732 2803 quippiam
757 2718 934 2781 excudere
959 2719 1016 2780 vel
1039 2717 1188 2799 possint,
1212 2719 1271 2780 vel
1285 2718 1451 2782 audeant.
1487 2718 1583 2781 Nam

302 2826 443 2910 scriptis
466 2827 702 2912 nequicquam
726 2826 760 2889 in
787 2845 829 2890 eo
850 2825 933 2889 mali
954 2824 1159 2889 consulitur.
1206 2826 1324 2888 Recte
1348 2824 1441 2889 enim
1464 2824 1585 2890 indies

303 2935 416 3018 magis
440 2957 482 3000 ac
506 2936 620 3018 magis
644 2934 789 2997 invento
814 2953 879 2996 suo
904 2931 1052 3014 disperit
1075 2932 1202 2996 infelix
1226 2952 1398 3015 germana
1421 2933 1584 3015 solertia,

301 3052 401 3106 tanta
425 3040 638 3127 inprimendi
663 3050 740 3104 arte
771 3039 1077 3122 spurcissimorum
1109 3039 1203 3102 illins
1234 3040 1346 3121 partis
1378 3040 1584 3104 libellorum

302 3150 530 3214 tumultuaria
565 3152 693 3213 obruta
724 3147 959 3211 multitudine.
1022 3148 1082 3210 Ad
1116 3157 1310 3210 extremum
1344 3168 1430 3211 vero
1464 3148 1499 3210 in
1537 3169 1585 3212 eo

302 3279 431 3320 causae
456 3261 512 3321 vel
538 3258 617 3340 ipsa
640 3277 781 3338 qnoque
805 3255 995 3338 pastoralis
1010 3255 1269 3338 Episcoporum
1289 3255 1414 3336 virgae
1431 3274 1586 3318 censura

304 3373 339 3426 et
363 3363 466 3428 nimis
490 3365 650 3448 segniter
682 3383 790 3445 agere
819 3375 854 3425 et
885 3383 1010 3445 parum
1042 3361 1202 3425 officiose
1225 3361 1376 3426 videtur.
1423 3361 1585 3425 Proinde

308 3470 343 3532 in
368 3471 544 3535 communi
568 3472 682 3534 isthoc
707 3490 878 3553 coporum
908 3490 1022 3551 aeque
1052 3480 1159 3551 atque
1190 3469 1385 3533 animarum
1418 3479 1585 3533 extremo

303 3598 389 3641 sane
414 3578 604 3661 dispendio
630 3580 674 3640 de
690 3576 927 3640 Beatitudinis
943 3586 1096 3658 vestrae,
1120 3576 1184 3639 sed
1202 3586 1238 3638 et
1254 3575 1466 3640 Sanctorum
1480 3576 1586 3639 Petri

305 3705 346 3748 ac
371 3685 475 3748 Pauli
499 3685 613 3767 magis
637 3685 847 3748 auctoritate
872 3683 1035 3763 confisnS,
1060 3704 1132 3747 non
1151 3683 1366 3766 pigritabor,
1390 3684 1586 3747 dummodo

304 3790 484 3856 Sanctitas
508 3793 640 3856 Vestra
663 3792 783 3855 iubeat
789 3841 797 3873 ,
823 3811 892 3873 ego
924 3790 1008 3854 licet
1039 3800 1211 3855 uxoratus
1235 3788 1336 3853 Sacri
1371 3790 1587 3854 diaconatus

303 3898 458 3963 officium
471 3900 600 3981 subire,
612 3920 678 3963 nec
691 3899 829 3982 pigebit
838 3897 1025 3980 professae
1040 3899 1075 3960 in
1090 3897 1268 3960 Christum
1281 3897 1477 3960 catholicae
1485 3895 1586 3976 fidei,

303 4005 513 4088 iamiamque
524 4005 768 4070 intercidentis
776 4007 1034 4090 propemodum
1043 4005 1229 4087 religionis
1237 4024 1357 4067 amore
1371 4024 1449 4068 cnm
1459 4007 1587 4087 vulpe·

302 4112 390 4175 culis
413 4113 482 4176 illis
505 4114 645 4177 vineam
670 4114 883 4177 dominicam
906 4120 1095 4194 tantopere
1119 4110 1392 4174 demolientibus
1408 4111 1443 4174 in
1460 4131 1587 4175 earum

302 4222 494 4302 capheram
518 4241 642 4284 manus
667 4241 877 4290 conserere:
902 4239 967 4282 nec
992 4219 1132 4281 demum
1156 4227 1325 4300 quantum
1347 4219 1426 4300 ipse
1444 4218 1588 4281 dederit

303 4327 475 4390 Dominus
500 4328 613 4390 sancti
642 4348 683 4390 ac
718 4327 828 4390 divini
858 4326 961 4389 verbi
992 4325 1046 4388 sui
1076 4327 1155 4407 (nec
1189 4324 1292 4388 aliter
1321 4334 1441 4388 tamen
1475 4345 1588 4406 quam

302 4435 495 4498 secundum
518 4437 689 4498 hactenns
712 4444 812 4497 tanto
836 4454 927 4496 aevo
955 4435 1191 4514 approbatam
1215 4433 1492 4514 theophororum
1516 4433 1587 4496 Pa·

302 4553 394 4606 trum
419 4542 627 4605 catholicam
653 4542 747 4604 illam
772 4550 880 4622 atque
908 4540 1193 4624 irrefragabilem
1221 4539 1403 4603 Ecclesiae
1433 4540 1587 4602 auctori-

302 4650 423 4728 tatem)
446 4669 512 4730 per
535 4669 590 4712 me
614 4648 740 4712 fiendis
764 4647 1090 4730 praedicationibus
1105 4656 1141 4710 et
1156 4667 1202 4708 ex
1218 4646 1369 4710 adverso
1386 4646 1589 4710 ascendere

303 4767 338 4820 et
362 4775 427 4837 pro
451 4756 529 4838 ipso
554 4765 677 4819 sancto
702 4755 845 4818 Domini
869 4755 1004 4817 Israhel
1029 4774 1165 4817 murum
1189 4773 1389 4835 opponere,
1419 4751 1587 4836 diffugio.

302 4863 422 4945 Atque
447 4863 495 4926 ita
520 4865 649 4927 demun
674 4883 753 4925 cnm
782 4883 897 4925 meum
921 4861 1131 4943 obsequium
1154 4871 1227 4923 tum
1251 4863 1444 4923 communis
1467 4859 1589 4942 magis
