3425 5700
664 583 912 650 o-‹ssssllsstfl

146 728 194 791 ad
230 729 487 793 correctionem
522 748 658 794 morum
696 738 732 793 et
766 728 1054 793 reformationem
1090 729 1177 792 cleri
1214 728 1428 793 Germaniae

146 834 408 917 pertinentibus
415 884 424 916 ,
454 857 497 900 ac
527 836 563 899 in
592 856 635 901 eo
671 846 792 901 nostra
815 836 894 900 vice
918 846 955 900 et
977 835 1118 900 nomine
1140 838 1277 899 honore
1302 837 1427 900 eodem

147 941 338 1023 legationis
362 942 607 1025 praesidendi,
631 945 785 1026 amplam
808 954 934 1007 tenore
957 943 1199 1027 praesentium
1222 942 1428 1007 facultatem

147 1048 253 1112 simul
277 1050 504 1113 concedimus
532 1059 568 1113 ot
592 1060 827 1133 potestatem;
852 1050 889 1113 in
904 1048 1118 1113 contrarium
1132 1049 1347 1114 facientibus
1361 1057 1428 1113 etc.

147 1175 220 1219 non
245 1156 469 1220 obstantibus
492 1156 771 1241 quibuscumque
796 1166 863 1223 ete.

237 1280 378 1344 Romae
410 1281 468 1344 die
498 1280 590 1345 XIV
613 1281 749 1365 Aprilis
780 1281 989 1346 MDXXIV
1021 1282 1127 1345 Pont.
1177 1281 1300 1346 Nostri
1333 1302 1427 1345 anno

146 1408 274 1470 primo.

753 1950 826 2021 150.

347 2066 607 2173 Fragmentum
635 2069 806 2173 epistolae
835 2071 877 2152 du
904 2072 1011 2153 rebus
1037 2071 1233 2175 Augustae.

592 2218 675 2289 (Acte
692 2218 910 2279 wormatiensis
926 2217 997 2290 tot)

639 2337 695 2441 Ι(15.
716 2338 820 2403 Aprilis
843 2335 933 2405 1524)

237 2478 380 2543 Domini
403 2480 625 2543 Balthazaris
650 2479 694 2545 de
718 2479 916 2544 Wolffstall
939 2500 1031 2544 uxor
1054 2478 1213 2562 scripsit:

237 2603 432 2687 Postquam
456 2604 636 2688 prefectus
667 2604 725 2669 die
757 2604 926 2670 Mercurii
960 2606 1007 2669 ad
1038 2605 1240 2688 Augustam
1272 2605 1430 2669 venisset

147 2710 311 2775 redditae
334 2710 478 2775 fuerunt
501 2712 586 2776 mihi
610 2711 668 2775 die
692 2712 791 2793 Jovis
814 2715 905 2776 hora
927 2712 1030 2775 tarda
1054 2711 1171 2775 littere
1203 2711 1362 2777 eiusdem
1392 2714 1429 2777 in

148 2818 277 2902 quibus
301 2817 456 2901 scripsit:
481 2816 673 2901 Postquam
689 2816 766 2903 ipse
784 2820 880 2884 dicto
901 2818 959 2884 die
976 2820 1022 2883 ad
1038 2820 1239 2903 Augustam
1262 2820 1429 2904 venisset,

146 2925 344 2989 invenisset
375 2924 412 2989 in
436 2923 597 2990 Ecclesia
626 2927 740 2991 Beate
770 2927 886 2991 Marie
919 2926 1158 3010 Augustensis
1192 2936 1228 2990 et
1259 2927 1430 2991 cimiterio

148 3033 307 3098 eiusdem
340 3031 599 3096 multitudinem
631 3033 756 3117 populi
791 3033 947 3097 virorum
979 3043 1015 3097 et
1047 3035 1232 3098 mulierum
1266 3045 1301 3098 et
1333 3036 1429 3118 apud

148 3141 229 3204 illos
245 3149 384 3224 septem
399 3139 557 3221 pictores
573 3161 651 3204 cum
674 3140 826 3204 madidis
849 3141 1011 3224 spongiis
1027 3141 1087 3224 qui
1102 3141 1277 3224 imagines
1299 3145 1429 3206 beatae

147 3246 285 3312 Mariae
318 3245 479 3330 Virginis
513 3258 549 3310 et
580 3245 791 3312 Sanctorum
824 3248 1034 3312 deleverunt
1074 3269 1185 3332 usque
1227 3251 1273 3310 ad
1313 3258 1429 3312 certas

147 3353 323 3436 imagines
348 3351 533 3434 Crucifixi,
557 3351 621 3417 sed
651 3353 688 3418 in
721 3365 826 3419 nocte
854 3355 1018 3438 sequenti
1047 3356 1222 3439 imagines
1262 3355 1427 3419 Crucifixi

148 3459 375 3543 spurcissimo
408 3469 443 3523 et
474 3459 559 3523 fedo
591 3463 764 3544 sanguine
797 3472 1027 3544 asperserunt
1060 3473 1095 3526 et
1131 3461 1361 3543 desederunt,
1394 3471 1430 3528 et

150 3565 291 3630 cuidam
315 3576 432 3630 statue
456 3567 563 3630 beate
586 3565 699 3631 Marie
723 3566 874 3650 virginis
898 3589 1065 3632 coronam
1089 3568 1196 3650 capiti
1221 3568 1295 3633 eius
1319 3570 1428 3652 impo-

148 3673 253 3736 sitam
278 3674 519 3755 deponentes,
552 3673 668 3738 eidem
697 3674 805 3757 capiti
833 3675 918 3738 feda
946 3685 1105 3739 stercora
1135 3675 1428 3758 reimposuerunt.

150 3781 317 3862 Unquam
342 3782 468 3845 diebus
493 3780 564 3844 vite
588 3801 667 3844 mee
691 3803 736 3844 ex
761 3782 944 3864 aliquare
969 3783 1082 3866 magis
1106 3785 1248 3846 turbata
1281 3783 1343 3848 fui.
1390 3783 1429 3848 Si

149 3886 254 3950 solito
283 3888 475 3970 gloriosam
500 3886 685 3970 Virginem
709 3888 849 3970 amatis,
883 3889 957 3952 scio
981 3911 1046 3954 vos
1070 3889 1255 3953 cordiatim
1290 3912 1336 3953 ex
1359 3893 1428 3954 hoc

150 3995 284 4061 dolere.
324 3991 355 4058 O
371 3995 470 4058 Deus
487 3993 710 4078 omnipotens
734 3995 888 4058 defende
905 3997 1130 4060 benedictam
1145 3995 1296 4060 Matrem
1321 4007 1427 4063 tuam.

150 4102 282 4164 Datum
305 4101 341 4164 in
365 4101 503 4166 Worde
527 4098 585 4166 die
609 4101 761 4166 Veneris
790 4123 826 4182 15
853 4103 989 4186 Aprilis
1017 4125 1110 4186 1524·

682 4415 890 4429 dmm*
