3425 5700
700 963 772 1029 103.

428 1099 606 1180 Aleonder
633 1099 796 1199 Irdhiep.
824 1098 1053 1200 linguntinn

522 1239 665 1310 (Nuntiat.
685 1236 810 1297 deman.
829 1237 861 1295 Ia.
880 1236 950 1308 ΞΜ)

555 1346 662 1413 .(Circa
681 1348 790 1414 Junium
814 1347 901 1410 1521.)

190 1491 278 1554 Rme
304 1492 393 1553 Dne.
441 1489 533 1571 Quia
557 1489 717 1553 nonnulli
740 1489 776 1551 in
801 1488 1014 1551 executione
1039 1489 1146 1552 edicti
1170 1500 1295 1553 contra
1311 1492 1376 1553 Lu·

122 1600 236 1661 therum
259 1607 295 1660 et
318 1597 506 1678 presertim
531 1596 565 1658 in
590 1596 738 1659 materia
762 1595 1015 1676 impressorum
1039 1617 1130 1678 quae
1155 1597 1377 1678 periculosis-

121 1707 190 1768 sima
211 1717 280 1784 est,
315 1707 438 1768 volunt
463 1714 679 1768 commutare
705 1724 840 1785 poenas
872 1704 981 1766 banni
1004 1704 1198 1785 imperialis
1229 1705 1265 1767 in
1290 1705 1377 1768 alias

122 1815 210 1874 multo
220 1813 389 1884 leviores;
404 1821 597 1894 eapropter
606 1832 710 1892 quum
721 1822 918 1891 cognoscat
929 1811 1026 1874 Rma
1033 1812 1237 1874 Dominatio
1248 1813 1379 1875 Vestra

121 1922 300 2000 exemplum
313 1917 470 1981 mandati
483 1919 654 2000 publicati
670 1937 783 1999 nuper
794 1937 902 1999 super
913 1919 1196 2000 sequestratione
1210 1919 1378 1981 librorum

121 2026 243 2088 llartini
266 2026 414 2088 lutheri
436 2046 542 2107 quam
566 2025 673 2088 fuerit
696 2026 799 2107 parvi
823 2025 976 2106 iactum,
1001 2025 1129 2089 iccirco
1154 2047 1301 2090 necesse
1325 2036 1379 2089 est

120 2153 176 2195 non
206 2133 327 2196 mutari
360 2153 512 2216 poenas,
547 2154 638 2214 quae
669 2141 801 2214 quanto
835 2144 916 2195 sunt
950 2131 1248 2195 formidabiliores
1277 2143 1378 2196 tanto

121 2240 215 2319 magis
238 2241 460 2304 extimantur‚
508 2239 610 2303 Felix
637 2240 696 2302 diu
721 2243 840 2302 valeat
856 2241 953 2302 Rma
978 2240 1017 2304 P.
1043 2240 1086 2302 V.
1112 2240 1167 2302 cui
1191 2259 1246 2301 me
1271 2238 1379 2303 humi-

121 2346 185 2408 liter
206 2350 410 2410 commendo
436 2355 472 2410 et
495 2367 564 2411 una
589 2368 730 2410 causam
756 2347 823 2409 Dei
853 2368 899 2409 ex
932 2347 1031 2409 cuius
1062 2347 1283 2428 protectione
1307 2347 1377 2409 Re·

120 2455 354 2517 verendIssima
378 2453 583 2517 Dominatio
608 2455 740 2516 Vestra
764 2475 837 2515 rem
863 2453 968 2515 etiam
984 2453 1215 2517 Sanctissimo
1228 2455 1379 2516 Domino

120 2556 209 2622 faciet
231 2559 476 2642 gratissimam.

711 3006 782 3070 104.

382 3124 620 3203 dleander
656 3122 1089 3204 vicecancellario.

533 3262 675 3331 (limitat.
696 3262 821 3319 (iernen.
839 3260 871 3319 L
889 3261 956 3335 154.)

608 3372 679 3440 (5.(?l
700 3374 766 3438 Julii
791 3372 876 3437 1521.)

195 3506 249 3568 Ho
273 3507 435 3569 ricevuto
459 3508 492 3569 le
519 3507 554 3568 di
579 3506 622 3571 V.
649 3504 684 3571 S.
710 3506 806 3567 Rma
836 3506 872 3568 di
897 3505 1030 3567 XXIII
1064 3506 1123 3569 del
1153 3518 1315 3590 passat0,
1349 3522 1385 3572 et

118 3608 248 3677 insieme
274 3612 298 3676 il
321 3616 434 3676 breve
458 3615 494 3675 di
518 3612 687 3693 Sletstad,
714 3615 745 3674 el
770 3614 853 3695 qual
877 3612 1002 3675 invero
1022 3615 1093 3675 ben
1107 3634 1224 3677 venne
1247 3617 1281 3678 al
1305 3634 1394 3697 pro-¹

119 3718 230 3801 posito,
256 3729 293 3783 et
310 3740 436 3801 spero,
461 3722 527 3783 che
551 3720 698 3803 giovard
723 3720 831 3800 assai,
856 3730 955 3782 tanto
980 3719 1040 3802 pid
1065 3724 1129 3784 che
1155 3723 1262 3803 quelli
1287 3724 1385 3804 oppi-

120 3823 189 3885 dani
211 3828 375 3891 haveano
393 3828 483 3891 fatto
499 3848 568 3890 uno
585 3828 696 3890 editto
715 3829 772 3891 del
790 3830 872 3909 qual
890 3828 1019 3890 mando
1043 3830 1078 3891 la
1102 3829 1205 3909 copia
1228 3830 1385 3893 tradotto

119 3927 146 3991 in
169 3932 274 3997 latino
301 3946 337 3998 et
352 3955 457 4017 spero
483 3938 549 3999 che
574 3937 619 3998 de
644 3940 701 4017 qul
720 3935 864 3999 innante
888 3936 1039 3998 iaranno
1056 3938 1101 3998 de
1116 3938 1185 3998 ben
1203 3936 1237 3998 in
1255 3938 1386 4018 meglio

121 4048 149 4095 et
180 4041 444 4121 prohiberanno
481 4044 546 4104 che
583 4045 701 4123 quello
733 4042 948 4123 impressore
984 4063 1054 4105 non
1089 4043 1292 4123 imprimerei
1326 4046 1386 4126 pid

120 4162 189 4206 cose
212 4150 323 4221 male;
358 4150 569 4211 similmente
598 4169 829 4232 purgaranno
859 4151 977 4230 quello
1002 4150 1085 4211 nido
1120 4151 1155 4212 di
1180 4152 1388 4215 Academici

122 4247 301 4316 lutherani
327 4257 392 4317 che
424 4276 510 4318 sono
542 4256 576 4318 in
608 4258 706 4318 detta
737 4266 832 4318 terra
866 4267 902 4318 et
934 4258 979 4318 de
1011 4258 1132 4319 buona
1163 4268 1259 4320 sorte
1290 4270 1325 4320 et
1349 4280 1387 4323 se

121 4376 178 4421 non
200 4360 351 4425 faranno
383 4362 407 4424 il
433 4363 553 4426 debito
588 4384 625 4425 se
659 4364 762 4444 potrd
794 4364 974 4445 castigarli
1009 4385 1073 4446 per
1105 4364 1197 4426 iusta
1228 4366 1387 4445 ragione.

123 4462 224 4547 Prego
250 4490 385 4532 ancora
401 4490 438 4532 se
455 4470 622 4534 mandino
647 4470 753 4551 quell'
779 4472 869 4533 altre
894 4472 1123 4552 expeditione
1140 4472 1186 4533 da
1201 4472 1260 4533 noi
1279 4473 1389 4536 rechi-

45 4664 46 4667 ,
123 4580 184 4635 este
206 4575 263 4656 pid
291 4578 360 4639 che
386 4576 414 4638 si
438 4587 533 4658 pote,
558 4597 616 4639 ma
639 4597 708 4639 non
733 4580 820 4658 perd
845 4587 988 4660 praeter
1011 4580 1243 4643 honestatem.

197 4698 334 4781 Questa
358 4722 461 4763 mane
486 4703 518 4765 el
544 4698 583 4763 Sr
613 4702 804 4764 Carazzolo
830 4712 865 4764 et
889 4701 923 4763 io
949 4706 1101 4765 andamo
1126 4725 1147 4765 a
1172 4703 1320 4784 Cesaoe,
1356 4705 1389 4767 el

45 4802 46 4861 ἲ
124 4808 212 4881 quale
234 4812 512 4870 raccommandd
537 4819 636 4871 tanto
660 4810 695 4871 la
718 4830 826 4871 causa
851 4811 931 4871 dell'
958 4811 1184 4873 arrendation
1209 4812 1390 4874 valentina

124 4908 191 4973 dell
204 4914 386 4997 Episcopo
403 4915 602 4978 Leodiense
628 4917 693 4977 che
717 4916 775 4998 pid
802 4937 872 4978 non
898 4916 925 4978 si
950 4921 1136 4998 potrebbe.
1176 4917 1241 4981 Poi
1257 4939 1390 4999 pranso
