3425 5700
671 600 821 657 043325
860 599 918 655 e*

152 752 319 815 virtutem
343 756 379 814 et
403 769 481 813 eam
505 768 609 831 quam
632 746 667 811 in
697 767 763 811 nos
793 744 1017 809 demonstras
1038 745 1141 809 huius
1165 746 1305 829 egregii
1334 748 1433 810 volu·

152 857 255 923 minis
279 856 456 921 dicatione
480 855 650 937 optimam
670 857 890 918 voluntatem
905 854 1196 917 irremuneratam
1220 853 1432 938 relinquere,

152 963 397 1028 mandavimus
427 962 558 1027 dilecto
589 960 662 1025 filio
687 960 880 1024 Laurentio
916 959 1008 1024 tituli
1039 957 1194 1024 Sanctae
1217 961 1433 1025 Anastasiae

152 1074 365 1155 presbytero
390 1069 562 1134 cardinali
585 1068 780 1152 Campegio
804 1078 927 1132 nostro
951 1077 987 1131 et
1011 1067 1115 1159 Sedis
1131 1068 1364 1151 Apostolicae
1387 1069 1433 1132 de

151 1182 265 1244 latere
288 1180 410 1261 legato
417 1226 425 1261 ,
461 1186 499 1241 ut
531 1177 562 1240 is
593 1174 657 1239 tibi
689 1184 809 1240 nostro
841 1175 985 1238 nomine
1009 1194 1102 1238 nunc
1127 1174 1269 1258 quidem
1292 1175 1432 1239 interim

152 1288 332 1369 quoddam
356 1285 600 1348 munusculum
624 1282 799 1364 deferret,
828 1283 913 1346 dum
942 1282 1094 1345 honesta
1116 1280 1221 1345 nobis
1244 1282 1432 1346 occasione

151 1395 284 1474 oblata,
308 1391 427 1473 aliquo
444 1391 550 1455 modo
570 1389 736 1474 dignitati
759 1400 842 1454 tuae
867 1391 1081 1454 consulatur.
1118 1389 1223 1471 Quod
1236 1398 1275 1453 ut
1290 1409 1431 1472 promp-

150 1501 221 1565 tius
245 1511 281 1564 et
304 1498 437 1563 maiore
461 1498 567 1563 etiam
591 1506 652 1561 tuo
680 1496 817 1565 merito.
836 1496 957 1561 facere
990 1497 1200 1578 debeamus,
1234 1507 1331 1561 tuum
1365 1497 1433 1561 erit

150 1610 186 1672 in
200 1608 269 1671 Dei
286 1606 438 1689 gratiam
454 1626 495 1669 ac
512 1614 670 1669 nostram
687 1614 723 1669 et
737 1607 977 1670 levamentum
992 1604 1126 1667 laboris
1149 1603 1261 1669 nostri
1284 1624 1347 1668 eos
1371 1604 1432 1687 qui

151 1737 173 1779 a
196 1734 302 1779 sensu
327 1734 434 1777 verae
458 1712 602 1796 pietatis
625 1710 742 1776 aversi
766 1720 848 1774 sunt
871 1711 1062 1793 corrigere,
1087 1711 1272 1774 nobiscum
1301 1732 1373 1775 una
1397 1721 1433 1774 et

151 1822 314 1885 docendo
339 1829 376 1884 et
398 1819 576 1883 monendo
600 1828 636 1883 et
659 1820 860 1899 scribendo,
884 1828 923 1881 ut
946 1828 982 1882 et
1005 1838 1071 1881 nos
1093 1819 1347 1883 benevolentia
1370 1828 1433 1881 tua

152 1939 189 1992 et
222 1928 415 1991 christiana
443 1947 502 1992 res
532 1926 694 1991 doctrina
718 1925 988 2008 eruditioneque
1011 1923 1147 2008 perfrui
1171 1924 1294 2009 possit.
1347 1926 1429 1990 Dat.

150 2036 292 2100 Romae
316 2034 379 2099 III.
403 2033 539 2118 Aprilis
562 2032 782 2097 MDXXIV.

683 2229 891 2243 mmm

396 2576 583 2658 clemens
610 2571 700 2658 VIL
734 2459 1184 2679 rllllnlurgnnbus.

447 2724 541 2797 (mem.
558 2723 619 2783 m
637 2724 718 2784 Bm.
737 2740 806 2783 anno
824 2724 846 2783 t
866 2739 908 2798 en
925 2724 982 2785 avt.
1000 2723 1046 2785 tol
1065 2724 1134 2794 tel.)

652 2842 689 2912 (8.
708 2844 811 2910 Aprilis
833 2842 923 2912 1524)

237 2987 367 3052 Dilecti
391 2985 454 3050 filii
478 2988 629 3050 sulutem
653 2995 719 3050 etc.
766 2986 821 3050 Ex
841 2986 973 3049 dilecto
996 2985 1069 3050 lilio
1094 2988 1264 3070 magistro
1288 2990 1428 3070 Joanne

149 3093 298 3177 Corysio
323 3094 401 3158 cive
425 3105 544 3158 vestro
576 3093 714 3157 notario
747 3102 783 3157 et
817 3092 983 3156 familiari
1014 3103 1154 3175 nostro,
1188 3095 1287 3158 cuius
1317 3115 1429 3178 opera

147 3201 290 3264 assidue
313 3199 443 3264 utimur
467 3209 502 3262 et
525 3198 596 3264 fide
620 3199 800 3281 iuvamur,
825 3201 957 3282 relatu,
991 3200 1106 3282 pietas
1135 3201 1182 3265 ad
1209 3222 1275 3281 nos
1307 3213 1428 3267 vestra

146 3308 288 3392 perlata
304 3318 368 3387 est,
384 3307 494 3389 digna
518 3306 659 3390 quidem
682 3306 743 3369 illa
768 3307 871 3370 vobis
895 3307 1093 3389 vestrisque
1118 3308 1201 3371 olim
1224 3309 1428 3392 maioribus,

146 3415 213 3480 sed
235 3416 304 3478 hoc
328 3424 489 3496 tempore
512 3415 744 3478 vehementer
759 3414 962 3478 necessaria
977 3435 1019 3478 ac
1036 3414 1140 3477 nobis
1156 3417 1261 3479 valde
1275 3416 1429 3480 iucunda

147 3529 187 3585 et
218 3531 331 3602 grata.
386 3519 569 3602 Siquidem
604 3540 711 3602 quum
746 3519 855 3603 aliqui
890 3521 969 3585 istic
1000 3523 1223 3586 lutheranam
1253 3525 1429 3588 haeresim
1540 3570 1545 3586 .

145 3629 334 3710 inducere,
370 3631 559 3711 palamque
590 3628 801 3710 praedicare
831 3631 925 3693 velle
956 3639 1187 3711 conarentur,
1223 3650 1295 3694 non
1323 3631 1428 3695 vobis

146 3735 352 3819 cogentium
376 3735 471 3814 iura,
508 3755 578 3798 non
603 3734 827 3798 suadentium
858 3735 1106 3799 auctoritatem
1130 3737 1209 3818 pios
1237 3738 1373 3802 animos
1406 3759 1428 3802 a

145 3862 256 3906 verae
280 3844 375 3905 cultu
398 3841 484 3905 fidei
507 3851 671 3906 avertere
695 3842 872 3924 potuisse;
904 3843 968 3906 sed
991 3843 1125 3925 Deum,
1156 3841 1297 3925 Deique
1320 3844 1427 3910 fidem

145 3950 183 4012 in
200 3947 343 4012 auribus
359 3967 401 4011 ac
416 3948 593 4012 mentibus
617 3948 746 4012 vestris
768 3968 834 4013 vos
858 3949 1031 4012 illibatam
1054 3951 1265 4014 custodisse.
1311 3951 1426 4016 Bene·

148 4055 245 4118 dicat
267 4075 333 4118 vos
356 4058 434 4137 ipse
457 4055 567 4136 Deus,
590 4053 653 4117 filii
677 4055 807 4136 dilecti,
832 4057 889 4118 cui
914 4057 1086 4120 honorem
1109 4057 1313 4121 reddidistis
1339 4058 1424 4122 eius·

147 4182 220 4244 que
244 4161 397 4226 Vineam
421 4182 443 4224 a
466 4161 774 4225 circumstantibus
798 4161 946 4225 venenis
969 4163 1127 4227 illaesam
1157 4163 1191 4226 in
1223 4163 1327 4228 vobis
1357 4184 1428 4229 ser·

144 4268 274 4350 vastis,
299 4288 343 4332 ne
367 4287 432 4351 per
455 4275 577 4330 vestra
600 4279 703 4351 septa
727 4287 806 4332 cum
828 4277 1028 4332 vestrarum
1050 4269 1246 4334 animarum
1268 4272 1426 4353 pernicie

144 4374 431 4456 ingrederentur.
476 4373 558 4438 Non
581 4374 708 4438 fuisset
731 4375 798 4438 hoc
822 4386 965 4440 vestrae
988 4376 1125 4459 gloriae
1156 4385 1425 4461 vestrorumque

145 4480 317 4544 maiorum
341 4481 437 4544 laudi
462 4501 625 4564 compar,
656 4480 739 4544 olim
769 4501 835 4546 vos
867 4491 1027 4546 sanctam
1059 4483 1166 4547 fidem
1188 4483 1224 4547 in
1249 4484 1427 4548 alienaret

145 4588 344 4671 longinqua
366 4599 463 4652 terra
486 4595 628 4669 tutatos,
653 4607 746 4652 nunc
770 4588 805 4652 in
829 4599 949 4654 vestra
972 4591 1176 4673 oppugnari
1199 4600 1308 4672 atque
1330 4591 1425 4655 infici

144 4693 367 4778 permisisse;
384 4693 623 4778 regenerastis
639 4694 747 4778 igitur
761 4694 797 4759 in
816 4697 971 4760 maiores
985 4708 1124 4762 vestros
1148 4698 1279 4762 avitam
1303 4719 1424 4762 eorum

144 4801 392 4866 fortitudinem
427 4810 464 4865 et
494 4800 675 4885 pietatem.
742 4802 833 4867 Nam
866 4804 957 4867 sicut
988 4805 1040 4869 illi
1072 4805 1155 4868 olim
1184 4805 1307 4869 hostes
1340 4804 1426 4870 fidei

145 4910 383 4972 contuderunt
406 4907 504 4992 foris,
528 4908 579 4972 ita
601 4929 667 4974 vos
699 4931 762 4976 eos
793 4909 888 4974 domi
918 4911 1150 4994 repressistis.
1205 4912 1310 4994 Quod
1338 4932 1424 4978 sane
