3425 5700
558 624 561 631 -
665 598 723 654 oo
763 573 843 654 ivri
883 571 940 653 aa

156 756 192 805 to
226 738 310 806 Sedi
341 742 574 826 Apostolicae
607 745 795 807 veritatem
834 743 1043 826 patefacere
1084 745 1130 807 de
1169 740 1247 826 ipso
1281 721 1438 807 auderet.

156 850 273 914 Testis
296 850 430 913 Eckius
463 850 549 932 ipse,
582 871 653 914 non
685 851 828 914 timidus
857 851 1020 914 veritatis
1050 861 1204 932 amator,
1229 850 1289 932 qui
1320 860 1438 914 tamen

155 956 315 1038 pontifici
339 958 446 1021 anxie
478 958 658 1020 scribebat
682 979 789 1021 orans
812 967 919 1040 atque
944 960 1129 1020 obtestans
1157 966 1196 1020 ut
1219 957 1305 1021 nulli
1330 956 1437 1021 homi-

156 1085 237 1127 num
263 1085 354 1146 quae
378 1067 423 1126 de
448 1063 594 1127 Erasmo
619 1076 757 1128 secrete
781 1065 974 1148 scripserat
997 1064 1271 1131 innotescerent.

245 1173 412 1234 Attamen
425 1171 609 1234 Erasmum
625 1173 815 1234 maximum
831 1170 1046 1234 Germaniae
1060 1173 1279 1235 turbatorem
1296 1169 1438 1233 dixerat

155 1274 384 1362 Alcander¹);
419 1277 605 1360 ipsumque
644 1279 801 1342 Luthero
834 1278 1125 1361 periculosiorem
1155 1276 1437 1360 praedicaverat,

155 1394 371 1465 conquestus
399 1405 470 1448 non
506 1386 615 1448 semel
640 1385 772 1449 Brevia
806 1385 1005 1469 apostolica
1028 1385 1175 1448 Erasmo
1208 1385 1332 1464 scribi,
1365 1384 1435 1466 qui-

154 1493 221 1553 bus
250 1491 311 1554 ille
343 1490 567 1574 impudenter
602 1495 745 1572 abusus
779 1492 962 1556 doctrinas
993 1513 1075 1555 suas
1113 1493 1314 1570 tutabatur,
1354 1492 1435 1553 dum

154 1601 279 1661 eadem
311 1599 492 1662 scribebat
520 1620 612 1680 quae
645 1600 714 1662 iam
746 1601 940 1682 scripserat
973 1599 1150 1662 Lutherus
1186 1597 1301 1679 ,circa
1330 1607 1435 1662 mate·

154 1704 241 1767 riam
260 1704 503 1786 confessionis,
527 1707 839 1788 indulgentiarum,
867 1704 1257 1786 excommunicationis,
1280 1705 1436 1785 divortii,

154 1812 343 1896 potestatis
366 1813 500 1895 Papae,
524 1814 588 1875 sed
613 1833 692 1876 cum
716 1813 973 1895 periculosiore
997 1833 1136 1876 veneno
1160 1811 1241 1894 quia
1259 1811 1436 1875 Lutherus

152 1929 302 2002 propter
324 1939 425 1982 acres
456 1927 493 1983 et
526 1919 683 1983 famosos
714 1921 855 1985 libellos
887 1922 1001 1984 minus
1030 1929 1106 1983 erat
1137 1917 1208 1982 fide
1239 1918 1434 2002 dignus“²).

153 2026 198 2090 Et
221 2047 348 2091 revera
371 2026 407 2089 in
433 2027 625 2090 Hollandia
648 2029 791 2110 publice
817 2027 964 2091 Lutheri
979 2027 1142 2091 doctrina
1158 2026 1435 2109 praedicabatur

153 2136 218 2196 sub
242 2133 454 2196 auctoritate
482 2133 629 2216 Erasini,
664 2145 699 2198 et
727 2134 893 2199 Saxones
924 2135 992 2216 ipsi
1023 2133 1216 2199 veridicum
1241 2155 1319 2198 esse
1342 2134 1434 2196 Mar·

153 2241 263 2304 tinum
299 2240 530 2321 dictitabant,
563 2241 645 2323 quia
675 2241 841 2309 Erasmus
866 2263 943 2306 cum
976 2241 1055 2324 ipso
1093 2243 1278 2306 sentiebat.
1332 2240 1433 2305 Flan-

153 2347 231 2412 dria
267 2347 433 2411 universa
468 2347 604 2411 Erasmi
638 2350 745 2432 culpa
784 2349 919 2412 infecta
951 2349 1200 2432 habebatur³);
1242 2347 1350 2411 dubia
1389 2350 1434 2410 de

150 2454 306 2518 falsitate
330 2455 456 2518 Bullae
492 2455 623 2519 Leonis
646 2456 712 2536 X„
757 2457 874 2539 deque
916 2457 1145 2520 damnatione
1181 2455 1328 2518 Lutheri
1359 2453 1433 2517 ubi·

151 2583 220 2644 que
252 2564 298 2625 ab
333 2563 481 2625 Erasmo
519 2562 884 2643 disseminabanturt).
938 2564 988 2625 At
1018 2564 1100 2625 dum
1131 2563 1221 2624 haec
1251 2561 1433 2625 Aleander

151 2669 341 2732 Romanae
365 2669 547 2732 Ecclesiae
572 2669 877 2734 Vicecancellario
903 2668 1138 2751 significabat,
1163 2668 1330 2731 Erasmus
1354 2688 1432 2750 gra-

150 2776 243 2839 viter
273 2778 318 2838 de
350 2777 535 2840 Alcandro
568 2777 665 2859 apud
696 2774 907 2840 Pontificem
944 2779 1159 2860 querebatur
1200 2778 1352 2839 eundem
1394 2785 1433 2839 ut

151 2883 361 2947 maledicum
397 2895 432 2947 et
469 2885 758 2947 calumniatorem
794 2904 986 2963 accusanS,
1022 2884 1072 2947 ita
1106 2894 1145 2945 ut
1174 2883 1248 2947 Leo
1273 2882 1432 2964 graviter

151 3002 434 3055 commoveretur
457 3002 494 3056 et
517 2992 701 3055 Alcander
733 2990 976 3054 vehementius
1010 2991 1149 3053 doleret
1176 2992 1256 3074 plus
1284 2988 1431 3053 Erasmo

149 3098 233 3162 fidei
264 3099 341 3162 dari
372 3120 478 3180 quam
515 3099 583 3162 sibi
616 3097 799 3181 religionis
829 3096 1048 3177 defensoria).
1103 3098 1188 3177 Leo,
1215 3094 1431 3158 eruditorum

150 3206 306 3269 virorum
333 3215 369 3268 et
393 3204 736 3288 elegantissimorum
760 3205 973 3289 scriptorum
1001 3204 1037 3266 in
1071 3202 1193 3286 primis
1216 3202 1430 3285 amplissime

148 3312 279 3394 fautor,
304 3312 458 3376 fortasse
482 3322 518 3376 et
540 3313 688 3375 Erasmo
711 3313 792 3394 plus
816 3331 931 3393 aequo
956 3312 1183 3393 indulgebat;
1208 3319 1245 3372 at
1272 3308 1431 3371 virilibus

148 3419 354 3501 apertisque
369 3420 541 3483 Alcandri
557 3418 677 3483 verbis
697 3419 873 3482 excitatus
897 3417 1083 3502 pristinum
1098 3416 1256 3480 favorem
1274 3416 1428 3499 aliquan-

148 3526 262 3610 tisper
284 3526 504 3607 imminuens,
529 3528 733 3591 recentibus
756 3527 913 3591 eiusdem
937 3526 1075 3590 Erasmi
1098 3525 1225 3588 litteris
1248 3523 1430 3606 rescripsit

147 3636 432 3715 gratulabundus
469 3636 515 3697 de
550 3633 757 3698 confirmata
789 3634 902 3717 ipsius
934 3634 1020 3697 fide:
1057 3635 1301 3715 ,declararunt
1337 3630 1429 3694 enim

146 3741 290 3805 litterae
326 3751 408 3805 tuae
440 3742 476 3804 id
510 3743 556 3805 de
587 3761 656 3823 quo
697 3742 909 3805 addubitare
947 3740 1163 3821 aliquantum
1187 3758 1428 3820 coeperamus,

147 3868 266 3930 neque
289 3856 426 3912 tantum
451 3870 495 3912 ex
521 3850 742 3931 quorundam
767 3847 928 3929 quamvis
943 3843 1167 3929 prudentium
1185 3854 1220 3907 et
1235 3847 1429 3926 proborum

145 3955 365 4037 testimoni0,
398 3966 567 4038 quantum
596 3976 642 4018 ex
685 3955 828 4037 scriptis
863 3953 1039 4017 nonnullis
1070 3954 1138 4013 tuis
1168 3971 1260 4031 quae
1284 3954 1427 4015 circum-

145 4062 341 4126 feruntur“.
388 4063 472 4145 Nos,
497 4062 547 4125 ait
570 4061 756 4142 Pontifex,
783 4062 984 4144 „paulisper
1013 4079 1060 4122 ex
1093 4079 1136 4121 ea
1168 4058 1336 4141 opinione
1369 4059 1427 4123 de-

144 4170 282 4233 turbati
305 4171 412 4234 valde
435 4170 589 4232 iucunde
613 4169 805 4251 accipimus
829 4168 1028 4231 restitutam
1051 4168 1087 4229 in
1111 4167 1216 4230 nobis
1240 4186 1319 4229 esse
1333 4187 1426 4229 men·

145 4287 217 4340 tem
242 4276 426 4360 pristinam
451 4276 624 4357 diligendi
647 4276 761 4356 tui“⁰).
808 4276 942 4338 Tamen
977 4275 1121 4337 dubium
1146 4274 1181 4336 in
1207 4275 1314 4336 corde
1338 4272 1424 4337 Leo-

145 4383 200 4447 nis
235 4384 422 4465 haesitet,
456 4384 640 4446 Aleandro
676 4384 809 4445 maiore
844 4382 972 4445 exhinc
1010 4381 1081 4444 fide
1115 4382 1291 4460 adhibita,
1321 4379 1426 4444 enixe

145 4492 428 4555 commendatum
442 4502 506 4571 est,
523 4491 706 4553 Erasmum
721 4490 878 4553 suaviter
894 4491 940 4551 ad
956 4489 1047 4552 viam
1062 4498 1195 4551 rectam
1213 4486 1424 4573 reduceret).

220 4704 240 4773 ¹)
259 4709 327 4759 Doc.
347 4717 390 4757 21.
409 4720 470 4769 pag.
491 4714 532 4767 55.
870 4701 893 4770 ²)
913 4707 980 4757 Doc.
1000 4715 1043 4764 32.
1062 4720 1123 4769 pag.
1143 4704 1184 4755 80.

217 4783 329 4853 ³)1bid.
347 4801 407 4850 pag.
429 4797 462 4848 79
481 4792 507 4833 et
526 4786 569 4839 81.
870 4784 891 4849 ⁴)
912 4788 979 4834 Doc.
999 4786 1041 4843 36.
1061 4800 1086 4849 p.
1110 4796 1168 4836 101.

217 4866 240 4931 ι)
258 4868 327 4916 Doc.
346 4866 390 4926 36.
409 4883 434 4930 p.
460 4876 515 4915 roo.
870 4862 977 4925 ο)1)οε.
999 4875 1040 4926 53.
1060 4866 1085 4913 d.
1109 4876 1168 4923 129.

217 4944 239 5013 7)
257 4947 327 5001 Doc.
350 4958 407 5009 117.
426 4961 452 5011 p.
472 4946 532 4995 281.

171 5053 251 5104 Balatu,
266 5053 410 5093 Documenta
420 5052 556 5091 Lutboraua.
