3425 5700
755 590 812 645 (ΡΒ
852 591 891 643 Vi
931 591 989 644 &a

235 734 427 816 scripserat
451 747 589 817 aperte:
615 739 705 798 hanc
726 736 901 818 puolicam
919 737 1049 799 famam
1067 758 1136 799 non
1152 738 1319 819 ignorare
1338 747 1511 815 „attamen

238 842 383 904 Lutheri
408 843 569 906 doctrina
594 865 664 906 non
690 844 852 906 omnibus
876 846 969 906 mala
993 845 1214 907 videbatur“.

324 949 379 1011 Ex
404 951 470 1012 hoc
496 949 581 1012 satis
604 951 765 1032 liquebat
780 951 917 1014 Ducem
941 973 1036 1014 nova
1053 953 1222 1032 dogmata
1238 972 1304 1013 nec
1321 951 1514 1013 defendere

237 1076 302 1119 nec
326 1056 553 1138 impugnare;
579 1059 756 1138 quomodo
780 1058 890 1140 igitur
913 1058 1082 1121 Pontifex
1106 1059 1204 1121 illum
1228 1059 1336 1121 tantis
1352 1058 1515 1120 laudibus

236 1164 402 1244 presequi
437 1175 578 1246 poterat
609 1185 650 1227 ac
686 1167 715 1227 si
751 1165 930 1227 erroribus
970 1165 1115 1227 liutheri
1150 1186 1188 1226 se
1228 1186 1370 1245 semper
1406 1185 1513 1246 oppo-

237 1269 365 1332 suisset
389 1279 424 1332 et
447 1269 541 1332 illius
566 1270 746 1333 doctrinas
771 1282 945 1352 perpetuo
961 1271 1228 1354 impugnasset?
1268 1271 1343 1333 Nec
1361 1271 1515 1334 leonem

238 1378 383 1456 latebat,
402 1379 537 1440 Ducem
562 1399 604 1440 eo
629 1377 707 1459 ipso
732 1389 903 1458 tempore,
929 1400 997 1460 quo
1022 1401 1043 1441 a
1067 1400 1105 1441 se
1130 1380 1267 1459 culpam
1292 1378 1427 1441 favoris
1453 1381 1513 1441 l,u·

238 1487 339 1547 thero
375 1484 447 1546 dati
482 1494 519 1548 ut
555 1497 692 1548 arcerat
717 1488 922 1565 conabatur,
953 1486 1153 1567 professum
1185 1487 1313 1548 fuisse:
1350 1486 1517 1568 ,Lutheri

238 1589 433 1653 doctrinam
448 1593 637 1655 multorum
663 1591 880 1655 eruditorum
905 1602 940 1654 et
965 1593 1238 1675 intelligentium
1262 1593 1402 1674 iudicio,
1423 1595 1517 1675 piam

238 1708 274 1759 et
298 1697 522 1760 christianam
547 1700 671 1762 haberi
696 1710 731 1761 et
755 1701 978 1782 adprobari“.

327 1804 381 1866 Ex
406 1804 460 1867 his
484 1805 553 1868 iam
578 1806 688 1868 oritur
712 1807 856 1869 dubium
882 1808 926 1869 de
951 1807 1154 1870 sinceritate
1179 1808 1352 1889 epistolae
1369 1809 1516 1882 Leonis;

239 1913 334 1992 quod
358 1911 499 1993 quidem
524 1913 668 1976 dubium
694 1925 729 1976 et
753 1913 911 1976 firmatur
935 1925 971 1977 et
994 1925 1165 1996 augetur,
1190 1915 1219 1976 si
1243 1915 1518 1994 consideremus

202 2063 203 2066 ,
240 2040 410 2100 nusquam
434 2020 469 2080 in
494 2021 646 2102 regestis
671 2021 799 2084 Leonis
824 2022 1011 2103 epistolam
1036 2042 1228 2105 apparere;
1265 2042 1436 2103 nusquam
1460 2025 1517 2084 vel

240 2136 354 2188 actum
373 2128 429 2188 vel
446 2127 615 2209 scriptum
631 2128 742 2190 simile
759 2129 795 2190 in
812 2127 1003 2210 pontificiis
1020 2130 1204 2192 tabulariis
1228 2129 1389 2192 inveniri.
1422 2131 1519 2192 Inor-

241 2233 362 2294 dinata
391 2233 644 2316 chronologice
678 2244 713 2296 et
747 2234 895 2298 confusa
927 2236 1069 2317 quidem
1099 2237 1229 2299 Leonis
1264 2247 1407 2319 regesta
1432 2237 1518 2299 fate-

244 2361 336 2420 mur,
365 2342 428 2402 sed
461 2340 575 2404 omnia
599 2341 725 2404 iterum
749 2341 946 2424 iterumque
972 2342 1185 2415 evolvimus:
1219 2343 1389 2423 epistolas
1414 2345 1518 2406 etiam

244 2447 376 2510 minimi
412 2448 578 2511 momenti
615 2448 828 2522 invenimus;
861 2451 929 2512 hoc
972 2449 1219 2532 gravissimum
1256 2462 1519 2513 monumentum

243 2576 307 2617 nos
339 2575 479 2637 semper
510 2556 625 2628 latuit;
665 2576 730 2636 per
764 2559 920 2637 pluteos,
952 2577 1018 2639 per
1048 2576 1175 2636 capsas
1206 2557 1443 2639 quaesivimus
1475 2579 1520 2619 an

241 2661 384 2742 aliquod
404 2661 591 2744 vestigium
616 2675 822 2744 appareret,
860 2684 904 2725 an
944 2664 1060 2745 aliqua
1102 2665 1239 2727 etiamsi
1272 2666 1439 2745 ambigua
1471 2664 1519 2726 in·

242 2769 390 2842 dicatio;
416 2779 451 2832 at
475 2769 562 2832 nihil
587 2769 738 2832 omnino
786 2771 1051 2833 Monumentum
1077 2771 1294 2850 huiusmodi,
1327 2772 1520 2854 pretiosum

243 2887 339 2939 certe
364 2886 399 2939 et
424 2879 519 2958 quod
543 2877 806 2940 accuratissime
831 2898 896 2959 pro
920 2878 1084 2955 historia,
1110 2899 1175 2960 pro
1200 2900 1315 2942 rerum
1340 2891 1521 2960 gestarum

151 3015 152 3019 ¹
242 2983 490 3047 iustificatione
516 2985 650 3047 servari
675 2986 847 3064 debebat,
881 2985 1022 3047 omnino
1054 2986 1277 3049 desideratur
1301 2986 1406 3049 etiam
1430 2987 1521 3049 inter

242 3092 327 3153 Acta
362 3090 626 3155 Warmaciensz'a
650 3112 741 3173 quae
766 3094 950 3156 Aleander
974 3114 1109 3155 summa
1140 3114 1218 3156 cum
1243 3094 1429 3174 diligentia
1453 3097 1520 3156 col-

244 3198 333 3280 legit
356 3200 400 3261 ad
426 3211 634 3281 perpetuam
659 3200 710 3262 rei
736 3202 944 3263 lutheranae
968 3202 1181 3277 memoriam.
1229 3201 1370 3280 Brevia,
1395 3201 1520 3282 episto-

243 3307 309 3384 lae,
334 3306 544 3386 memoriae,
578 3318 683 3369 notae
711 3308 977 3389 copiosissimae
1006 3308 1062 3371 hic
1097 3312 1291 3379 habentur;
1328 3328 1398 3370 non
1433 3310 1521 3371 haec

243 3411 404 3492 epistola.

332 3520 501 3581 Attamen
526 3519 600 3583 Leo
625 3520 662 3583 X
689 3522 874 3603 epistolam
898 3524 989 3584 Duci
1013 3522 1194 3586 Saxoniae
1219 3524 1277 3585 die
1303 3522 1418 3601 8Julii
1441 3543 1522 3601 ¹5²0

245 3625 357 3697 dedit;
374 3626 442 3687 hoc
458 3626 617 3715 historici
639 3630 856 3692 recentiores
881 3641 1073 3703 testantur;
1094 3632 1163 3693 hoc
1184 3650 1339 3693 cooevus
1361 3630 1524 3711 scriptor,

244 3733 303 3814 qui
329 3733 372 3795 de
396 3732 504 3795 initiis
528 3736 736 3799 lutheranae
761 3736 1044 3800 Reformationis
1068 3738 1210 3818 scripsit
1234 3747 1270 3799 et
1294 3737 1392 3799 cuius
1416 3737 1521 3817 scrip-

245 3851 324 3902 tura
347 3839 382 3902 in
408 3840 591 3903 tabulariis
615 3842 788 3905 vaticanis
819 3853 999 3925 servatur,
1034 3844 1236 3907 testimonio
1265 3864 1329 3906 suo
1359 3842 1521 3907 firmavit.

245 3947 412 4028 Quaesivi
437 3947 707 4030 diligentissime
736 3950 885 4032 ubique,
914 3951 1075 4013 omnibus
1110 3950 1276 4013 tabularii
1300 3950 1439 4033 angulis
1463 3971 1521 4013 ex·

244 4055 403 4136 ploratiS,
429 4066 463 4117 et
487 4058 630 4119 tandem
655 4057 774 4121 inveni
799 4059 984 4140 epistolam
1002 4059 1133 4122 Leonis
1157 4059 1195 4121 X
1219 4059 1277 4120 die
1302 4057 1523 4137 8Julii1520

245 4162 335 4223 Duci
360 4160 540 4225 Saxoniae
565 4164 746 4227 Friderico
771 4168 900 4244 datam,
926 4168 989 4229 sed
1014 4167 1155 4229 omnino
1187 4165 1362 4229 diversam
1395 4187 1416 4227 a
1453 4167 1522 4227 vul-

245 4267 322 4349 gari
347 4267 501 4331 lectione
524 4269 617 4332 inter
634 4268 754 4351 Opera
771 4271 917 4335 Lutheri
933 4294 1075 4336 excusa.
1122 4273 1251 4355 Incipit
1275 4273 1367 4335 enim
1383 4282 1521 4335 nostra:

248 4374 422 4455 „Credere
447 4377 607 4439 volumus
631 4378 851 4441 nobilitatem
877 4391 972 4443 tuam
997 4402 1076 4460 nos,
1102 4390 1137 4443 et
1160 4400 1226 4462 pro
1251 4392 1377 4441 natura
1401 4390 1521 4442 nostra

245 4490 279 4542 et
294 4500 359 4561 pro
380 4483 550 4562 pastorali
568 4486 663 4565 quod
680 4486 846 4567 gerimus
872 4486 1000 4566 officio,
1027 4488 1071 4551 ad
1096 4488 1277 4549 lenitatem
1303 4497 1338 4548 et
1364 4507 1521 4548 mansue-

245 4587 399 4650 tudinem
417 4609 625 4672 propensos
643 4596 791 4655 moleste
807 4596 995 4657 admodum
1012 4595 1107 4657 ferre
1123 4616 1201 4657 cum
1218 4596 1276 4656 vel
1289 4615 1378 4655 unus
1395 4595 1522 4674 aliquis

246 4714 291 4756 ex
316 4714 429 4777 grege
454 4717 574 4759 eorum
599 4700 658 4779 qui
683 4720 784 4762 sacro
809 4700 944 4782 perfusi
969 4701 1183 4784 baptismate
1206 4700 1268 4763 filii
1292 4710 1373 4763 sunt
1397 4710 1433 4763 et
1455 4699 1524 4762 Dei

247 4814 282 4864 et
312 4803 423 4865 nostri
452 4804 585 4886 aliquid
620 4808 815 4870 committat
846 4808 881 4869 in
920 4810 1038 4890 legem
1073 4818 1228 4871 sanctam
1262 4818 1297 4870 et
1331 4807 1525 4889 scripturas

246 4933 315 4995 quo
341 4912 419 4975 eiici
445 4934 488 4975 ex
515 4913 675 4977 Ecclesia
698 4926 877 4978 mereatur
887 4938 895 4990 ;
926 4918 982 4979 vel
1013 4937 1091 4979 cum
1122 4915 1183 4978 illo
1216 4916 1263 4977 ad
1293 4915 1438 4977 sceleris
1470 4915 1524 4977 sui
