3425 5700
647 523 894 576 wolon&

141 669 223 729 altro
240 667 272 729 in
293 668 456 737 Polonia;
475 670 746 732 maximamente
765 674 1036 751 expectandone
1053 673 1075 733 il
1091 695 1219 756 parere
1238 675 1270 734 di
1290 673 1325 736 S.
1351 675 1409 735 Bu

138 774 245 836 inteso
271 776 336 838 che
360 775 492 837 havera
517 779 566 838 tal
591 776 814 849 risolutione;
840 779 883 840 ne
909 779 932 839 il
957 781 1221 859 reprehendere
1238 783 1318 861 quel
1344 784 1409 843 che

137 881 190 962 gii
214 882 231 942 ὲ
256 881 346 944 fatto
371 903 418 963 po
442 903 463 944 a
487 883 556 945 mio
581 903 688 964 parer
718 886 807 946 hora
838 885 987 966 giovare
1018 888 1143 948 alcuna
1176 908 1272 958 cosa;
1307 888 1409 950 stimo

137 991 200 1050 ben
225 991 289 1051 che
316 1010 385 1051 non
409 993 518 1052 molto
543 993 639 1070 dopo
663 992 783 1070 quella
812 991 877 1052 Mn
905 1013 942 1053 se
977 1013 1019 1054 ne
1053 993 1193 1074 pentira
1226 997 1410 1076 pensando

138 1096 196 1156 che
220 1096 276 1156 chi
300 1117 370 1158 nou
397 1117 501 1159 serva
525 1119 546 1160 a
569 1097 638 1158 Dio
664 1106 700 1158 et
723 1099 793 1160 alla
817 1119 881 1160 soa
904 1099 1090 1180 relligione
1114 1099 1137 1161 il
1153 1100 1350 1163 iuramento
1376 1112 1411 1165 et

137 1205 166 1263 la
188 1202 285 1282 fede,
320 1206 427 1266 molto
465 1225 568 1267 meno
602 1206 636 1267 la
669 1205 813 1268 servari
847 1227 869 1268 a
901 1227 970 1268 uno
1003 1207 1118 1268 homo.
1166 1207 1410 1271 Fomentando

138 1309 214 1389 ogni
239 1321 335 1373 sorta
361 1313 405 1373 de
429 1311 602 1374 infidelita
626 1323 751 1392 questo
776 1313 897 1375 lurore
921 1314 957 1374 di
990 1314 1130 1376 heresia
1162 1313 1252 1376 ch'e
1283 1314 1343 1397 gia
1375 1314 1410 1377 in

138 1418 237 1478 molte
262 1417 345 1479 eitth
371 1418 406 1481 di
431 1421 549 1499 quella
573 1419 757 1499 provincia
782 1419 816 1480 di
843 1420 987 1483 Prussia
1011 1434 1045 1482 et
1070 1421 1351 1502 maggiormente
1375 1422 1411 1484 in

137 1524 238 1601 quelli
262 1525 328 1585 che
353 1525 614 1605 perditamente
639 1525 690 1605 gli
712 1548 800 1588 sono
815 1527 958 1608 addicti,
982 1527 1098 1589 sicch
1117 1528 1318 1592 facilmente
1344 1551 1410 1591 eon

138 1640 255 1708 questo
280 1633 435 1694 accordo
458 1635 685 1713 potrebbono
709 1634 842 1695 havere
867 1636 975 1696 eletto
1006 1655 1051 1696 un
1084 1655 1173 1714 gran
1205 1636 1345 1698 inimico
1375 1635 1411 1698 di

138 1738 249 1816 quella
272 1758 406 1800 corona
431 1741 486 1801 col
512 1749 640 1821 tempo.

305 1845 373 1926 Qui
399 1847 426 1908 si
452 1848 469 1910 ὲ
495 1849 594 1910 detto
619 1868 684 1929 per
708 1859 805 1909 certo
831 1851 865 1910 la
889 1857 1002 1911 morte
1028 1849 1082 1910 del
1111 1850 1210 1910 Duca
1228 1847 1410 1910 Friderico

139 1949 169 2010 di
193 1951 372 2032 Saxonia,
405 1953 503 2016 cuius
532 1953 649 2017 anima
673 1958 813 2035 sepulta
845 1965 899 2016 est
928 1953 963 2016 in
993 1956 1141 2036 inferno,
1167 1977 1205 2018 se
1229 1975 1294 2036 per
1317 1953 1412 2035 pieta

139 2057 252 2121 divina
275 2059 309 2123 in
336 2074 461 2141 questo
477 2074 638 2124 extremo
659 2074 791 2143 puncto
809 2083 879 2125 non
898 2063 915 2124 ὲ
932 2072 1025 2124 stato
1042 2063 1248 2124 illuminato.
1296 2060 1411 2124 Credo

139 2167 198 2226 che
211 2166 233 2226 'l
257 2167 359 2228 Duca
383 2167 562 2231 Giovanni
587 2179 622 2230 et
647 2169 768 2250 nipote
792 2171 1058 2232 succederanno
1076 2169 1132 2230 nel
1150 2178 1253 2248 stam,
1279 2167 1302 2228 li
1317 2167 1412 2248 quali

139 2274 220 2334 altre
244 2275 341 2336 volte
366 2273 469 2337 intesi
494 2276 559 2338 che
585 2297 693 2338 erano
718 2275 858 2357 pegiori
883 2276 918 2337 di
943 2275 1000 2340 lui.

313 2381 351 2442 si
383 2383 401 2443 ὲ
435 2383 534 2444 detto
566 2385 724 2446 anchora
756 2385 821 2445 che
855 2383 876 2444 ’1
907 2383 1002 2445 Rmo
1027 2382 1238 2463 Moguntino
1269 2381 1288 2443 e
1320 2391 1412 2442 stato

139 2507 237 2566 preso
271 2491 317 2550 da
349 2489 457 2571 quelli
482 2490 516 2550 di
547 2490 800 2571 Magdeburga
832 2500 867 2551 et
900 2489 1012 2571 questi
1046 2488 1222 2551 lutherani
1255 2498 1413 2550 mettono

140 2595 227 2657 fama
250 2597 316 2658 che
331 2595 352 2657 'l
376 2595 528 2677 pigliara
552 2597 705 2675 moglie;
732 2596 765 2658 io
791 2617 861 2658 non
887 2599 994 2658 credo
1020 2597 1062 2658 ne
1087 2596 1108 2658 l'
1126 2617 1195 2658 uno
1220 2595 1264 2656 ne
1290 2595 1309 2656 l'
1322 2596 1413 2656 altro

141 2703 262 2780 perche
288 2686 372 2785 ogni
397 2703 524 2784 giorno
549 2704 730 2765 seminano
756 2703 858 2764 simili
884 2701 1010 2766 falsith.

312 2810 521 2874 Riuscendo
563 2822 689 2892 questa
726 2831 810 2873 cosa
844 2812 879 2872 di
910 2809 1082 2873 Bohemia
1120 2808 1152 2871 ci
1183 2808 1413 2872 afforzaremo

141 2920 287 2980 anchora
318 2939 474 3001 porgere
510 2920 659 3000 qualche
695 2917 842 2981 rimedio
880 2930 915 2981 et
950 2929 1119 2998 sostegno
1159 2918 1228 2978 alle
1261 2914 1345 2978 cose
1380 2916 1415 2977 di

143 3024 295 3087 lloravia
313 3035 349 3087 et
364 3025 399 3087 di
417 3023 531 3088 Slesia
547 3047 613 3087 con
630 3028 664 3087 lo
682 3025 777 3086 aiuto
795 3027 840 3086 de
858 3024 972 3105 questi
997 3022 1125 3104 boemi,
1147 3025 1179 3084 le
1202 3022 1297 3103 quali
1315 3024 1415 3084 altra-

143 3145 250 3194 mente
268 3144 395 3195 stanno
411 3134 520 3195 molte
535 3135 626 3195 male
643 3142 677 3194 et
694 3132 869 3195 infettate.
896 3130 1002 3193 Pensi
1017 3132 1056 3194 V.
1072 3129 1108 3192 S.
1124 3130 1159 3191 in
1176 3140 1307 3210 quanto
1321 3128 1414 3189 fasti-

144 3238 198 3299 dio
214 3254 247 3301 et
262 3240 440 3321 travaglio
456 3240 490 3301 io
515 3238 561 3301 mi
577 3239 669 3302 trovi
684 3234 893 3321 dopo'tanta
911 3238 1161 3319 expettacione
1175 3235 1342 3298 trovarmi
1357 3256 1413 3297 an·

144 3346 222 3407 chor
231 3347 287 3427 qui
300 3348 532 3409 circumsesso
543 3347 588 3407 da
598 3346 802 3408 moltissime
813 3343 986 3407 dilficulta
995 3354 1029 3405 et
1039 3343 1145 3421 dubii,
1157 3343 1192 3405 di
1202 3344 1267 3421 che
1276 3362 1415 3422 sempre

144 3455 224 3532 pero
247 3475 331 3516 sono
356 3465 450 3515 stato
475 3454 582 3515 anxio
608 3465 643 3515 et
660 3453 829 3525 sollicito;
845 3452 891 3513 ne
915 3471 980 3532 per
997 3452 1088 3512 altra
1104 3450 1254 3531 cagione
1272 3450 1413 3529 quando

143 3556 175 3617 io
204 3559 338 3622 mandai
373 3562 407 3622 lo
431 3560 546 3641 primo
572 3559 695 3622 avviso
728 3560 773 3621 de
805 3561 839 3621 la
872 3558 1098 3621 conclusione
1131 3558 1222 3618 satta
1255 3569 1309 3618 tra
1338 3558 1413 3618 loro

145 3665 286 3728 ricordai
318 3669 384 3729 che
415 3688 484 3729 non
517 3668 545 3729 si
571 3666 708 3729 facesse
734 3665 902 3747 pubblica
932 3664 1054 3743 letitia,
1079 3663 1286 3745 parendomi
1312 3662 1414 3725 che'l

147 3776 339 3856 manegiare
365 3796 409 3835 un
437 3776 486 3835 tal
512 3776 689 3836 cadavere
716 3775 749 3834 di
776 3786 880 3835 cento
906 3771 988 3834 anni
1013 3782 1047 3834 et
1077 3771 1135 3853 piu
1169 3792 1238 3833 non
1273 3780 1414 3853 potesse

146 3880 267 3942 havere
290 3902 328 3944 se
353 3902 424 3943 non
449 3880 622 3944 dilliculta
646 3882 794 3962 grande,
820 3879 843 3941 li
868 3879 973 3960 quali,
988 3880 1130 3960 quando
1155 3898 1242 3940 sono
1267 3874 1341 3939 cosl
1364 3877 1412 3939 in-

147 3987 299 4068 vechiati,
330 3988 522 4051 offendono
550 4008 652 4050 meno
689 3986 810 4049 lassati
844 3984 917 4049 cosi
949 4006 1047 4047 corne
1084 3982 1112 4045 si
1148 3984 1316 4065 giaceno;
1348 4003 1415 4063 pur

147 4101 340 4168 potensest
367 4095 538 4157 Dominus
563 4094 667 4156 etiam
693 4117 737 4155 ex
761 4092 939 4174 lapidibus
959 4091 1130 4153 suscitare
1144 4090 1227 4151 fidei
1244 4090 1414 4171 spiritum.

230 4201 348 4265 Budae
373 4202 506 4264 XXVI
530 4202 615 4263 Maii
641 4200 840 4262 MllXXV.

182 4979 251 5031 Btlnn,
262 4986 401 5026 Documenta
411 4986 548 5025 taruenna.
