3425 5700
640 541 699 596 ΗΓΒ
739 539 886 596 1()9ἱ>’<3

141 692 216 755 modi
247 690 319 755 alia
346 690 521 753 mentiens
552 690 598 751 ad
627 697 663 752 te
687 689 846 751 scribere
871 709 912 751 ac
936 690 1055 769 palam
1081 691 1244 755 omnibus
1268 701 1403 774 protes·

143 800 203 880 tari,
223 808 360 862 temere
383 796 608 879 presumpsit,
634 805 826 878 propterea
842 795 956 858 visum
982 806 1035 858 est
1059 798 1162 860 nobis
1177 801 1310 862 nullum
1332 801 1402 881 qui·

142 908 206 969 dem
226 905 310 988 ipsi,
342 906 387 967 ad
416 914 469 967 tot
498 911 533 966 et
564 914 635 966 tam
660 903 863 984 importuna
888 902 963 964 eius
986 904 1172 967 mendacia
1196 926 1404 988 responsum

142 1015 220 1095 dare,
254 1012 355 1075 cuius
378 1010 488 1074 falsas
513 1020 550 1073 et
572 1009 750 1073 hereticas
767 1009 964 1091 opiniones,
990 1030 1077 1073 sano
1101 1012 1331 1093 plurimorum
1356 1015 1401 1078 iu-

142 1119 219 1182 dicio
240 1120 396 1183 reiectas
419 1127 455 1181 et
478 1120 692 1199 reprobatas
708 1116 834 1180 merito
852 1117 1107 1199 damnavimus,
1129 1119 1314 1203 ipsumque
1331 1133 1403 1185 tan-

142 1247 229 1309 quam
259 1228 455 1289 membrum
484 1225 665 1307 putridum
696 1245 718 1285 a
746 1221 901 1286 fidelium
934 1225 1112 1287 consortio
1145 1229 1404 1293 excludendum

144 1346 172 1395 et
192 1337 232 1396 ab
264 1334 428 1395 omnibus
464 1332 648 1395 vitandum
681 1351 758 1393 esse
791 1331 1067 1411 declaravimuS,
1105 1336 1167 1397 sed
1208 1336 1405 1400 celsitudini

140 1452 208 1504 tuae
222 1450 373 1523 paterna
389 1440 563 1502 charitate
576 1437 779 1521 significare
793 1438 1077 1520 deliberavimus
1104 1461 1148 1503 ne
1163 1442 1296 1505 homini
1312 1466 1402 1508 men-

142 1548 324 1625 dacissimo,
347 1557 384 1610 et
407 1546 474 1609 sibi
498 1546 605 1609 etiam
623 1544 691 1626 ipsi
708 1548 759 1626 (ut
776 1545 966 1607 mendaces
983 1551 1258 1630 consueverunt)
1274 1551 1404 1615 dissen-

140 1655 226 1718 tienti
247 1655 355 1718 fidem
380 1654 533 1735 aliquam
558 1662 720 1735 prestare
736 1652 833 1731 velit,
857 1650 1016 1733 quidum
1034 1654 1170 1735 asserit,
1195 1677 1234 1718 se
1258 1657 1405 1723 invitum

139 1761 167 1823 in
178 1763 352 1843 publicum
367 1761 518 1841 venisse,
535 1781 576 1823 ac
590 1760 625 1822 vi
639 1769 676 1822 et
691 1757 827 1822 insidiis
843 1759 1023 1840 proditum
1041 1760 1225 1842 scripsisse
1239 1765 1404 1847 quicquid

139 1870 279 1951 scripsit,
293 1870 420 1950 procul
437 1867 545 1930 dubio
562 1868 666 1928 nobis
680 1888 721 1930 ac
738 1865 917 1947 Maiestati
929 1866 1026 1927 Tuae
1042 1866 1275 1951 omnibusque
1291 1874 1404 1936 decla-

138 1986 193 2056 rat,
207 1998 243 2039 se
260 1977 461 2057 improbum
478 1994 520 2035 ac
535 1972 794 2052 detestabilem,
820 1981 855 2033 et
879 1972 989 2053 ipsius
1013 1972 1156 2053 diaboli,
1181 1976 1271 2039 sicut
1294 1999 1405 2062 opera

139 2082 203 2145 eius
224 2085 366 2161 docent,
391 2080 587 2143 ministrum
604 2091 640 2142 et
655 2079 924 2143 instrumentum
940 2080 1072 2143 factum
1089 2082 1307 2147 conscientia
1327 2088 1406 2169 ipsa
1470 2129 1472 2131 -

137 2210 230 2269 quam
245 2190 350 2253 nobis
365 2210 387 2248 a
402 2189 481 2250 Deo
499 2189 618 2250 datam
635 2207 739 2249 nemo
760 2186 920 2269 effugere
939 2189 996 2249 vel
1014 2208 1035 2249 a
1052 2209 1089 2249 se
1115 2188 1192 2269 ipso
1216 2191 1405 2275 seiungere

137 2305 244 2376 potest
258 2296 425 2359 continue
440 2294 569 2375 subigi,
594 2304 632 2356 ut
646 2294 828 2375 proprium
844 2295 961 2356 scelus
982 2294 1131 2374 intuens,
1156 2296 1243 2359 illud
1259 2312 1406 2382 propter

137 2403 202 2465 eius
213 2402 465 2475 immanitatem
479 2404 674 2464 abhorrere
687 2413 846 2483 cogatur,
862 2411 897 2462 et
910 2401 938 2463 si
949 2402 1061 2483 possit
1074 2403 1233 2484 effugere
1246 2415 1405 2491 temptet,

138 2510 228 2571 telin
237 2511 343 2573 alium
357 2508 555 2582 declinare;
569 2508 695 2571 videns
708 2509 827 2589 itaque
840 2510 946 2570 homo
960 2509 1128 2591 nefarius,
1144 2513 1239 2592 quod
1254 2523 1288 2574 et
1301 2517 1406 2595 quale

136 2615 326 2679 incendium
352 2616 574 2696 excitaverit,
598 2623 788 2696 postquam
813 2616 938 2677 domus
962 2636 1046 2679 suae
1072 2617 1105 2678 in
1131 2620 1403 2701 quaprofessio-

137 2742 206 2785 nem
237 2724 424 2803 emiserat,
458 2724 586 2785 cellula
618 2742 801 2804 egressus,
834 2722 1061 2785 obedientiae
1091 2724 1212 2806 iugum
1238 2730 1405 2811 excussit,

137 2840 167 2891 et
188 2830 390 2894 ambitionis
413 2839 521 2893 vento
539 2828 680 2892 inflatus
695 2828 947 2912 apostasiaque
964 2839 1049 2893 nota
1067 2853 1290 2916 conspersus,
1315 2836 1407 2901 inter

137 2937 317 3001 seditiosos
341 2940 541 3019 ambulare,
575 2937 777 3017 insciaeque
812 2938 930 3018 plebis
954 2937 1090 3001 animos
1114 2950 1277 3021 captare,
1302 2955 1337 3006 et
1361 2949 1406 3007 ad

135 3063 186 3105 res
207 3065 320 3108 novas
343 3045 538 3108 sollicitare
567 3044 679 3125 cepit,
710 3064 753 3106 ac
788 3065 831 3106 ea
864 3065 934 3106 non
970 3047 1081 3108 solum
1105 3049 1308 3128 predicare,
1344 3054 1405 3114 sed

135 3152 231 3214 etiam
256 3152 415 3214 scribere
440 3173 481 3214 ac
507 3152 691 3233 publicare
716 3151 950 3232 presumpsit,
975 3151 1124 3233 quaein
1150 3157 1283 3236 populo
1308 3178 1407 3221 scan-

135 3259 244 3322 dalum
268 3270 306 3322 et
329 3259 364 3321 in
389 3258 552 3322 Ecclesia
574 3258 643 3320 Dei
672 3279 743 3320 non
768 3259 946 3320 mediocre
972 3259 1154 3322 dissidium
1180 3277 1407 3344 pepererunt,

135 3369 266 3448 culpam
291 3366 462 3428 transfert
490 3365 525 3427 in
554 3386 633 3444 eos,
668 3365 726 3446 qui
758 3365 872 3446 ipsum
897 3367 942 3426 ab
967 3365 1106 3428 insania
1131 3367 1303 3449 liberare,
1329 3381 1363 3433 et
1387 3394 1408 3436 a

133 3473 307 3551 perversis
331 3473 512 3536 erroribus
535 3473 571 3534 in
596 3494 685 3554 quos
700 3474 890 3555 prolapsus
915 3473 1032 3536 fuerat
1056 3476 1226 3559 eximere,
1250 3478 1408 3542 fraterna

134 3579 301 3644 charitate
334 3581 559 3653 studuerunt;
603 3581 778 3643 neminem
818 3581 940 3662 itaque
979 3581 1054 3644 iure
1088 3604 1257 3648 accusare
1290 3597 1409 3668 potest

134 3704 231 3766 quam
256 3709 298 3752 se
322 3688 438 3769 ipsum
462 3687 608 3769 eiusque
637 3689 764 3750 ducem
785 3691 980 3768 sathanam,
1005 3688 1064 3770 qui
1089 3691 1202 3771 ipsum
1228 3713 1247 3753 e
1270 3695 1409 3758 latebra

135 3794 307 3875 extraxit,
339 3816 381 3858 ac
416 3794 648 3878 pernitiosum
681 3797 778 3858 virus
803 3815 990 3877 spargere,
1025 3798 1213 3879 omniaque
1237 3800 1408 3880 pestifero

134 3899 252 3979 spiritu
278 3910 446 3964 contacta
471 3901 616 3964 inficere
641 3903 770 3966 docuit.
825 3903 900 3966 Nec
935 3913 988 3966 est
1016 3906 1112 3986 quod
1139 3905 1215 3968 iure
1240 3909 1409 3989 conqueri

135 4008 239 4084 possit
270 4029 314 4072 se
341 4019 489 4092 propter
521 4011 765 4090 evangelicam
794 4009 980 4073 veritatem
1003 4012 1113 4073 multa
1141 4013 1293 4076 adversa
1324 4016 1409 4098 pati,

133 4133 203 4176 cum
226 4117 350 4197 potius
373 4116 521 4198 gloriari
545 4127 677 4197 posset,
702 4118 796 4198 quod
822 4117 1053 4197 evangelicae
1079 4119 1236 4182 veritatis
1261 4131 1404 4186 temera·

134 4218 199 4282 rius
231 4233 425 4305 corruptor
461 4243 502 4285 ac
541 4233 743 4287 sanctorum
785 4245 908 4286 sacrae
949 4225 1144 4306 scripturae
1177 4227 1408 4310 interpretum

134 4329 360 4410 blasphemus
395 4339 430 4393 et
463 4330 712 4410 calumniator,
746 4343 817 4393 tam
851 4330 909 4392 diu
942 4331 1108 4394 manserit
1147 4333 1355 4416 impunitus,
1380 4337 1408 4400 si

134 4433 214 4498 haec
238 4447 360 4499 tamen
386 4437 552 4518 supplicii
577 4438 713 4500 dillatio
737 4438 857 4519 potius
882 4438 1033 4501 dicenda
1058 4449 1111 4502 est
1136 4461 1240 4521 quam
1263 4444 1308 4505 ad
1332 4462 1409 4522 gra-

133 4541 234 4606 tioris
267 4543 452 4608 vindictae
485 4564 637 4625 poenam
671 4547 878 4609 reservatio
928 4547 1048 4608 Audet
1082 4548 1188 4610 etiam
1222 4551 1410 4613 homuncio

135 4646 194 4712 iste
216 4661 319 4714 totus
343 4673 389 4714 ex
413 4654 560 4732 scelere,
586 4662 620 4716 et
644 4653 830 4716 mendacio
846 4663 1062 4735 compactus,
1088 4657 1288 4736 captandae
1314 4659 1412 4720 mise-

134 4754 304 4822 ricordiae
330 4779 438 4821 causa
461 4761 591 4840 dicere,
616 4781 654 4822 se
679 4760 810 4823 frustra
833 4761 976 4823 veniam
991 4770 1125 4842 petere,
1150 4760 1281 4825 frustra
1305 4764 1409 4827 silen·

135 4863 216 4928 tium
239 4865 392 4946 offerre,
417 4886 496 4929 cum
521 4877 716 4930 erratorum
741 4872 894 4952 veniam,
919 4869 947 4931 si
972 4889 1010 4931 se
1035 4867 1232 4952 corrigere,
1258 4874 1408 4954 culpam·
