3425 5700
618 576 864 638 reseas*

128 743 206 816 durlo
228 765 249 808 a
272 739 429 830 perfetta
452 745 576 809 sanita.
624 745 694 809 Voi
718 757 793 810 sete
816 747 852 809 in
877 746 967 810 fatto
992 757 1028 810 et
1047 755 1236 811 conoscete
1260 747 1377 831 quello

127 855 176 916 che
195 873 256 935 per
278 855 368 916 hora
391 852 444 916 sia
467 853 692 935 expediente.
739 853 818 917 Non
851 854 869 917 ὲ
901 855 990 918 hora
1014 856 1060 918 da
1084 864 1201 918 tentar
1226 877 1309 919 cosa
1333 858 1379 918 al·

128 979 199 1022 cuna
220 962 285 1023 che
301 980 409 1043 possa
424 960 480 1022 far
496 960 676 1040 scandale,
702 961 801 1024 accio
825 981 897 1022 non
920 981 1086 1024 nascesse
1110 963 1260 1044 qualche
1284 983 1379 1045 mag-

127 1066 190 1148 gior
208 1067 491 1130 inconveniente.
538 1067 688 1130 Possete
721 1066 982 1131 communicare
1015 1068 1071 1130 col
1104 1069 1380 1133 Prothonotario

127 1183 154 1234 et
171 1173 308 1238 insieme
333 1173 480 1237 obviare
505 1173 565 1236 alli
588 1173 760 1237 disordini
785 1176 942 1238 secondo
962 1175 986 1239 il
1002 1195 1130 1257 parere
1147 1178 1191 1239 de
1205 1177 1379 1241 ambedui.

126 1281 276 1363 Aquesti
301 1282 334 1344 dl
359 1281 395 1343 vi
418 1282 605 1348 mandamo
629 1301 676 1343 un
701 1281 905 1344 memoriale
920 1284 1087 1345 mandato
1112 1283 1148 1345 di
1161 1283 1195 1346 lh
1213 1284 1271 1346 dal
1284 1284 1380 1347 Rmo

125 1387 313 1470 llagontino
341 1409 364 1451 a
398 1387 441 1453 N.
477 1385 513 1451 S.
550 1389 643 1451 delle
679 1388 918 1471 sceleraggini
953 1391 1090 1472 grande
1127 1399 1162 1453 et
1196 1390 1380 1453 violationi

125 1493 197 1557 fatte
218 1505 341 1558 contro
364 1496 389 1558 il
413 1497 509 1558 clero
533 1497 593 1558 nel
615 1515 725 1577 paese
750 1495 785 1558 di
809 1493 995 1569 Sassonia;
1027 1498 1145 1578 quelle
1168 1518 1256 1560 sono
1281 1506 1379 1560 tanto

121 1603 237 1667 enormi
252 1605 318 1666 che
334 1601 355 1665 e
370 1601 590 1685 impossibile
606 1623 627 1664 a
652 1601 903 1677 dissimularle;
928 1603 1057 1666 vedete
1082 1602 1168 1686 ogni
1190 1604 1297 1666 modo
1314 1602 1374 1666 voi

124 1718 151 1770 et
170 1709 193 1771 il
213 1709 488 1774 Prothonotario
512 1729 580 1772 con
604 1711 639 1772 la
661 1709 799 1772 Maesta
824 1707 979 1772 Cesarea
1003 1711 1068 1773 che
1092 1710 1129 1773 vi
1159 1709 1189 1773 si
1219 1711 1381 1792 proveda

122 1815 314 1897 vivamente,
339 1817 405 1878 che
430 1819 640 1879 altramente
664 1815 905 1880 infetteranno
928 1825 1020 1880 tutto
1036 1818 1058 1879 'l
1072 1825 1168 1880 resto
1186 1818 1243 1880 del
1260 1838 1380 1900 paese,

123 1933 152 1984 et
178 1943 237 2005 per
265 1925 389 1987 ultimo
422 1934 457 1987 et
491 1925 586 1987 dalla
620 1922 841 1987 ubbidientia
874 1926 970 1987 della
1006 1924 1135 1988 Chiesa
1168 1933 1203 1986 et
1235 1925 1272 1986 di
1307 1922 1382 1987 Sua

120 2029 243 2094 Maesti
275 2031 304 2094 si
335 2031 578 2112 rebellereno,
617 2039 652 2094 et
685 2033 904 2112 potrebbero
937 2031 974 2094 in
1006 2040 1105 2094 tanto
1144 2030 1380 2113 multiplicare

121 2137 176 2198 che
197 2137 250 2201 fra
279 2141 356 2200 loro
393 2149 429 2201 et
459 2138 589 2200 Turchi
623 2136 707 2220 guei
737 2158 760 2200 a
793 2137 875 2200 tutti
908 2138 919 2200 i
951 2137 1151 2201 Christiani.
1205 2138 1380 2201 Advisate

118 2241 181 2306 Sua
203 2245 339 2308 Maesta
364 2254 400 2308 et
424 2253 515 2307 tutto
550 2245 572 2307 ’l
601 2243 793 2325 Conseglio
817 2254 853 2307 et
876 2247 969 2307 bene
1000 2247 1129 2308 valete.
1176 2244 1381 2307 Florentiae

120 2348 255 2415 xxvu
278 2350 378 2434 Sept.
403 2351 587 2415 uoxxr.

636 2565 841 2578 vovum

705 2797 779 2863 126.

435 2915 644 2995 ileendar
671 2889 1042 2995 vicecancellarii).

551 3062 693 3135 (suun.
711 3062 801 3121 Gom.
818 3060 849 3119 1..
867 3061 932 3132 ttt)

589 3176 643 3239 (ῃ.
663 3174 788 3223 Octobris
811 3170 898 3243 1521.)

192 3297 268 3363 Che
290 3300 324 3364 io
348 3320 420 3365 non
442 3299 540 3362 habii
570 3298 692 3362 scritto
717 3298 775 3381 gii
799 3297 900 3361 molti
923 3297 1071 3361 corrieri
1103 3318 1125 3361 a
1147 3298 1192 3363 V.
1217 3296 1253 3363 S.
1286 3300 1382 3363 Rma

111 3403 317 3485 dprocesso
342 3408 472 3489 perche
497 3427 568 3470 non
592 3408 708 3469 havea
732 3406 779 3469 da
802 3426 895 3468 novo
920 3407 986 3468 che
1010 3405 1145 3469 scriver
1178 3416 1214 3469 et
1247 3408 1380 3487 perche

112 3530 190 3576 sono
214 3524 309 3579 stato
334 3518 484 3577 absente
509 3514 555 3576 da
577 3515 612 3576 la
636 3512 743 3576 Corte
767 3522 803 3575 et
826 3532 914 3575 sono
939 3512 999 3594 qui
1016 3511 1210 3580 aLovanio
1233 3534 1299 3595 per
1323 3534 1381 3577 ex·

111 3619 207 3697 pedir
232 3623 352 3705 quello
376 3621 519 3685 residuo
544 3622 599 3684 de'
623 3619 772 3685 remedii
796 3620 863 3683 che
892 3640 949 3683 me
975 3639 1111 3701 pareno
1146 3621 1338 3684 necessarii
1362 3642 1383 3683 a

110 3735 227 3805 questo
259 3731 386 3792 morbo
418 3736 454 3791 et
485 3728 638 3809 heresia,
679 3736 715 3790 et
749 3746 855 3808 spero
885 3728 951 3790 che
995 3726 1145 3808 giovara
1174 3748 1247 3791 non
1280 3748 1382 3809 poco

110 3828 267 3917 Interim,
301 3837 453 3899 essendo
478 3833 512 3897 io
538 3834 608 3915 qui,
633 3832 788 3897 Cochleo
812 3834 983 3915 theologo
1008 3834 1145 3897 decano
1170 3834 1205 3896 di
1229 3834 1382 3898 Franch·

110 3936 235 4024 lordia,
272 3962 344 4006 uuo
368 3942 413 4005 de
438 3941 546 4023 quelli
570 3943 636 4004 che
662 3940 824 4004 examino
849 3940 985 4002 Luther
1016 3938 1182 4022 privatim
1203 3940 1240 4003 in
1265 3942 1384 4004 diaeta

109 4054 140 4105 et
161 4050 194 4109 al
218 4059 392 4131 presente
416 4050 482 4111 che
506 4046 623 4111 scrive
647 4057 771 4111 contra
794 4048 843 4109 lui
867 4046 960 4109 assai
994 4048 1105 4127 bene,
1135 4047 1182 4109 mi
1211 4048 1258 4111 ha
1288 4069 1384 4111 man·

109 4153 184 4217 dato
217 4166 350 4238 questo
382 4157 475 4219 libro
502 4156 570 4218 che
603 4154 637 4218 io
662 4156 792 4218 mando
816 4151 933 4233 costi,
962 4152 1064 4234 Quod
1084 4154 1209 4216 Petrus
1231 4174 1384 4237 unquam

110 4256 211 4325 fuerr't
241 4262 383 4327 Romae.
440 4262 516 4325 imo
547 4260 653 4325 etiam
681 4260 776 4323 intus
806 4262 959 4323 habetur
991 4260 1140 4323 Paulum
1172 4281 1241 4324 non
1274 4260 1385 4324 fuisse

111 4366 242 4433 Romae
267 4390 433 4452 passum:
466 4370 501 4432 el
532 4370 616 4451 qual
643 4368 735 4432 libro
770 4367 804 4429 in
836 4368 887 4429 tal
916 4368 1023 4429 modo
1054 4366 1268 4430 dextimato
1292 4368 1339 4430 da
1361 4367 1385 4429 li

108 4470 301 4543 lutherani
325 4479 389 4540 che
413 4497 481 4565 par
504 4478 569 4540 che
594 4475 636 4538 sii
659 4496 707 4540 un
731 4475 857 4537 achille
882 4483 1006 4537 contra
1029 4474 1075 4536 de
1098 4474 1177 4555 noi,
1200 4494 1266 4555 per
1290 4476 1385 4556 quel·

108 4582 166 4645 che
190 4584 399 4667 argumenti
423 4584 632 4667 apparenti,
655 4581 844 4665 presertim
867 4581 927 4644 alli
951 4580 1098 4662 maligni
1122 4581 1254 4663 spiriti,
1279 4601 1385 4662 quum

110 4698 220 4755 tamen
247 4692 406 4774 plurima
429 4692 500 4755 sint
522 4691 632 4771 falsa,
657 4688 774 4753 omnia
796 4708 883 4751 vero
908 4687 1181 4752 virulentissime
1205 4708 1385 4770 expressa.

108 4794 153 4859 Lo
174 4799 354 4881 episcopo
379 4800 415 4862 di
439 4798 642 4882 Argentina
665 4798 713 4860 ha
736 4798 904 4860 mandato
929 4798 974 4859 de
997 4796 1072 4859 dita
1088 4816 1199 4878 opera
1222 4798 1272 4859 tal
1295 4796 1386 4858 libro

105 4900 136 4965 in
158 4906 274 4971 latino
303 4914 339 4969 et
362 4909 525 4971 alemano
549 4906 584 4969 al
608 4906 704 4968 Rmo
729 4903 919 4967 Cardinale
943 4904 988 4966 de
1013 4904 1138 4986 Liege,
1163 4904 1386 4987 pregandolo
