3425 5700
806 571 1054 631 ῡ-Μόθίδή

290 729 325 790 10
364 736 569 790 accettemo
606 723 837 786 monstrando
871 731 970 785 certo
1005 724 1102 784 bona
1137 721 1343 785 obedientia
1374 731 1410 785 et
1436 724 1514 785 zelo
1538 722 1570 784 al

291 830 539 904 Sanctissimo;
573 831 633 894 alli
666 829 747 892 altri
772 826 930 910 Principi
962 828 1143 910 presentai
1173 828 1235 909 poi
1265 829 1290 891 li
1323 829 1400 893 suoi
1423 850 1445 892 a
1467 839 1571 911 parte

291 940 422 1022 perche
447 939 541 1002 cossi
573 957 679 1019 parse
711 937 744 998 el
776 935 882 999 melio
915 955 980 1016 per
1011 935 1120 997 molte
1145 955 1262 999 cause.
1311 935 1445 1016 Questo
1469 934 1571 1015 fatto,

292 1047 401 1110 Cesar
436 1049 532 1109 restd
564 1046 641 1108 solo
674 1063 751 1105 curn
783 1042 806 1105 li
841 1039 998 1122 Principi
1030 1029 1177 1104 electori
1212 1051 1248 1104 et
1277 1043 1395 1104 alcuni
1425 1043 1507 1104 altri
1538 1052 1572 1105 et

291 1153 413 1217 fattosi
438 1161 610 1234 apportar
634 1149 799 1229 l’editto,
830 1148 926 1210 disse
956 1151 1033 1210 loro
1061 1167 1140 1210 cum
1164 1147 1343 1210 authorita
1365 1159 1572 1213 veramente

293 1261 456 1341 Cesarea,
482 1269 606 1342 questo
632 1259 649 1322 ὲ
674 1259 709 1320 10
734 1255 846 1319 editto
872 1257 938 1318 che
962 1253 995 1317 io
1020 1255 1167 1318 intendo
1185 1256 1284 1318 voler
1308 1256 1455 1337 exequir
1479 1256 1514 1320 in
1540 1258 1574 1318 la

292 1389 399 1431 causa
413 1367 628 1444 Lutherana,
651 1363 711 1427 voi
735 1365 770 1426 lo
794 1362 976 1440 vederete,
1002 1370 1037 1423 et
1061 1361 1153 1424 cossi
1177 1361 1229 1441 fu,
1238 1362 1327 1425 letto
1351 1382 1416 1444 per
1440 1366 1473 1425 el
1498 1364 1573 1426 dot·

293 1486 348 1538 tor
363 1473 536 1556 Spieghel
562 1494 629 1537 con
653 1474 790 1556 grande
815 1470 989 1534 attention
1015 1470 1061 1531 de
1084 1468 1176 1548 tutti,
1201 1469 1288 1532 etin
1307 1468 1427 1532 finelo
1444 1471 1575 1532 elettor

292 1581 443 1662 Joachin
469 1601 644 1644 consensu
669 1581 705 1641 e't
729 1577 871 1641 nomine
895 1577 1051 1639 omnium
1075 1575 1188 1656 disse,
1218 1577 1285 1638 che
1309 1577 1422 1639 alloro
1446 1575 1575 1658 piacea

293 1689 437 1770 leditto,
470 1697 507 1752 et
537 1690 603 1751 che
627 1707 665 1750 se
695 1687 883 1749 mandasse
911 1684 956 1747 ad
988 1683 1202 1747 executione
1233 1703 1340 1746 senza
1362 1681 1505 1746 mutarli
1528 1702 1575 1744 uu

293 1798 377 1876 iota,
401 1805 437 1860 et
460 1797 525 1858 che
551 1793 642 1856 cossi
667 1813 729 1856 era
752 1800 844 1854 stata
868 1793 904 1854 la
927 1799 1046 1853 mente
1070 1799 1106 1852 et
1130 1791 1335 1853 conclusion
1367 1791 1412 1853 de
1444 1788 1529 1852 tutti
1553 1788 1577 1851 li

294 1903 375 2000 stati
399 1904 443 1965 de
469 1898 639 1982 limperi0.
687 1899 726 1961 Io
751 1898 785 1960 di
810 1907 937 1980 questo
962 1917 1007 1960 ne
1023 1897 1213 1960 demandai
1236 1907 1311 1960 atto
1335 1895 1518 1960 autentico
1542 1897 1577 1958 al

294 2013 421 2074 doctor
444 2007 617 2090 Spieghel
641 2027 742 2070 como
767 2005 907 2068 notario
932 2015 969 2066 et
992 2002 1195 2068 Secretario
1219 2005 1420 2087 imperiale,
1449 2013 1487 2066 et
1514 2003 1577 2084 gii

295 2116 457 2180 Palentia
480 2116 628 2178 l'havea
651 2113 868 2178 demandato
893 2110 1034 2174 nomine
1059 2109 1232 2175 Caesaris.
1278 2109 1346 2173 Poi
1370 2110 1473 2173 usciti
1496 2110 1578 2174 fora

295 2239 492 2286 trovammo
515 2231 607 2283 tutto
632 2220 656 2281 il
680 2220 811 2282 mondo
835 2220 902 2281 che
927 2228 1129 2301 expectava
1152 2227 1279 2300 questa
1302 2220 1498 2282 benedetta
1524 2238 1577 2282 re-

294 2329 481 2408 solutione,
506 2327 638 2410 perche
662 2325 721 2409 gii
745 2326 878 2407 passim
901 2345 940 2388 se
965 2325 1158 2406 divulgava
1181 2345 1247 2407 per
1271 2326 1352 2389 tutti
1375 2327 1493 2408 questi
1515 2347 1576 2408 pa·

296 2438 346 2500 esi
376 2437 442 2498 che
468 2435 600 2497 Caesar
630 2433 735 2496 melio
767 2433 959 2496 informato
993 2435 1038 2496 de
1068 2434 1102 2496 le
1126 2452 1209 2496 cose
1233 2433 1278 2495 de
1302 2433 1436 2496 Luther
1458 2436 1579 2497 havea

294 2552 462 2607 revocato
492 2541 516 2604 il
547 2543 716 2604 mandato
742 2551 863 2603 ctera
887 2540 980 2603 assai
1011 2549 1209 2623 apparente
1232 2559 1380 2621 apresso
1415 2540 1439 2604 il
1465 2543 1578 2624 vulgo

295 2651 426 2734 perche
451 2669 552 2712 como
576 2648 694 2712 scrissi
718 2667 784 2730 per
808 2648 876 2711 mie
896 2648 1017 2711 ultime
1041 2648 1101 2729 gia
1125 2648 1145 2709 l'
1162 2648 1355 2729 impressor
1377 2649 1494 2711 havea
1519 2669 1577 2711 co·

295 2757 460 2820 minciato
484 2758 519 2818 la
535 2754 649 2836 prima
673 2755 798 2835 forma,
822 2759 967 2836 quando
983 2755 1021 2818 fu
1038 2758 1251 2820 comandato
1272 2776 1343 2818 non
1359 2757 1579 2837 procedesse

295 2866 353 2947 piu
379 2864 509 2945 avanti,
535 2864 653 2926 donde
678 2864 702 2927 li
726 2864 922 2927 Lutherani
946 2885 992 2927 ne
1016 2864 1136 2927 fecero
1161 2863 1282 2944 iubilo,
1306 2864 1330 2927 il
1355 2866 1438 2946 qual
1461 2866 1579 2947 perho

295 2993 387 3055 poco
413 2972 501 3034 durd
524 2992 590 3053 per
614 2972 701 3051 loro,
726 2972 842 3034 intesa
866 2975 932 3034 che
956 2974 1116 3035 hebbero
1141 2985 1267 3053 questa
1291 2982 1394 3034 santa
1411 2971 1578 3035 conchiu-

295 3081 405 3143 sione.
453 3077 580 3141 Subito
605 3078 642 3140 fu
666 3076 851 3159 divulgata
876 3089 1001 3161 questa
1024 3079 1119 3141 fama
1134 3099 1201 3159 per
1215 3088 1306 3141 tutta
1322 3090 1448 3159 questa
1468 3090 1578 3159 terra,

294 3208 362 3250 con
387 3186 524 3268 grande
548 3186 744 3266 allegrezza
768 3188 814 3248 de
838 3185 930 3265 tutti,
955 3185 1109 3266 hispani,
1138 3184 1214 3248 itali
1239 3194 1275 3248 et
1297 3188 1390 3248 assai
1413 3186 1579 3267 germani

296 3306 331 3357 et
365 3292 458 3357 assai
482 3292 644 3355 tristezza
677 3290 748 3354 deli
780 3292 974 3372 lutherani,
1012 3292 1036 3353 li
1060 3292 1156 3373 quali
1180 3312 1250 3373 qua
1282 3301 1318 3355 et
1342 3293 1377 3355 la
1399 3291 1579 3357 facevano

295 3398 535 3463 conventiculi
560 3411 594 3460 et
619 3398 750 3461 susurri
775 3400 895 3462 donde
918 3409 1022 3479 parte
1045 3419 1111 3480 per
1133 3400 1349 3481 allegrezza,
1382 3410 1485 3481 parte
1509 3422 1581 3482 per

295 3520 389 3571 terna
413 3509 479 3569 che
504 3510 581 3569 loro
606 3528 677 3568 non
702 3517 911 3570 trovasseno
937 3508 1087 3589 qualche
1111 3505 1238 3569 intrico
1270 3510 1391 3588 (ancor
1413 3508 1479 3569 che
1504 3529 1578 3571 non

296 3616 337 3678 sii
361 3614 420 3696 piu
445 3614 604 3696 periculo
630 3616 674 3677 de
699 3614 766 3696 cio)
790 3614 858 3677 mai
884 3614 985 3695 quasi
1008 3617 1055 3677 ho
1078 3615 1232 3677 dormito
1257 3617 1291 3676 la
1305 3623 1404 3677 notte
1419 3627 1580 3697 passata,

296 3731 332 3786 et
356 3730 482 3804 questa
514 3741 617 3783 mane
646 3720 680 3783 in
714 3720 868 3783 dilucolo
897 3720 1004 3784 andai
1028 3722 1060 3783 al
1086 3740 1173 3801 gran
1200 3720 1403 3783 cancellieri
1427 3724 1493 3784 che
1516 3743 1579 3785 ve·

297 3849 401 3892 nesse
432 3850 454 3890 a
484 3827 540 3889 far
572 3847 639 3907 por
663 3829 698 3890 la
721 3848 826 3890 mano
851 3849 873 3890 a
898 3826 1029 3891 Cesare
1053 3828 1113 3889 alli
1136 3828 1294 3889 mandati
1317 3838 1356 3890 ut
1379 3838 1434 3891 est
1457 3829 1579 3909 moris,

297 3939 390 4000 dove
427 3956 491 4017 per
523 3937 618 3998 bona
650 3948 746 3997 sorte
779 3936 894 3998 trovai
918 3936 1018 3998 detto
1042 3933 1244 3998 cancellieri
1268 3934 1302 3997 in
1328 3938 1414 3998 letto
1439 3956 1518 3998 cum
1542 3938 1581 3999 la

298 4044 460 4127 podagra
484 4044 550 4105 che
573 4042 598 4104 li
622 4045 668 4105 ha
692 4042 865 4106 comincio
891 4053 1017 4124 questa
1042 4053 1156 4114 notte;
1181 4044 1210 4105 si
1234 4044 1300 4105 che
1320 4042 1358 4105 fu
1375 4044 1580 4107 necessario

297 4170 380 4213 usar
403 4150 526 4231 l’opra
551 4152 594 4211 de
612 4150 765 4213 Palenza
790 4153 854 4213 che
879 4149 1046 4213 referissc
1067 4152 1101 4213 la
1126 4170 1212 4213 cosa
1227 4170 1248 4211 a
1263 4150 1404 4213 Cesare.
1450 4150 1580 4232 Neque

297 4260 364 4321 hoc
389 4257 474 4319 satis
498 4256 581 4337 fuit,
613 4260 745 4338 perche
774 4258 812 4321 fu
837 4258 1040 4321 necessario
1064 4261 1176 4321 andar
1207 4259 1241 4320 al
1265 4258 1342 4321 R¹¹¹⁰
1365 4257 1579 4337 Magantino

298 4366 363 4427 che
388 4383 541 4446 ponesse
566 4365 679 4445 primo
704 4367 738 4427 la
762 4386 878 4448 mano,
902 4365 1034 4447 perche
1057 4366 1147 4429 cossi
1163 4367 1181 4428 ὲ
1197 4366 1217 4428 l'
1233 4366 1357 4429 ordine
1373 4365 1495 4428 avanti
1510 4368 1579 4428 che

299 4470 406 4534 Cesar
431 4472 654 4535 sottoscriva.
701 4474 860 4536 Tandem
883 4472 983 4536 finito
1007 4474 1032 4537 il
1048 4494 1187 4536 sermon
1206 4485 1241 4536 et
1257 4474 1292 4535 la
1304 4474 1441 4555 grande
1457 4472 1580 4535 Messa

298 4578 331 4641 io
356 4600 410 4641 me
435 4580 615 4661 presentai
640 4601 660 4641 a
686 4579 809 4661 Cesar,
841 4580 864 4643 il
893 4584 976 4662 qual
1000 4581 1211 4644 sorridendo
1234 4580 1283 4643 mi
1307 4580 1400 4643 disse
1425 4580 1460 4645 in
1484 4579 1578 4643 fran-

299 4704 394 4748 cese:
430 4684 512 4749 Scio
546 4690 614 4750 ben
653 4689 719 4750 che
743 4708 813 4751 non
839 4688 1005 4768 dormite,
1039 4697 1074 4750 et
1104 4687 1189 4770 pilio
1218 4708 1296 4751 cum
1320 4707 1410 4769 gran
1434 4686 1578 4769 placere

299 4802 334 4853 et
357 4794 481 4872 alegro
506 4797 603 4858 volto
629 4795 652 4857 li
677 4795 842 4873 mandati,
869 4807 904 4859 et
927 4795 963 4859 in
987 4795 1106 4877 megio
1131 4798 1165 4858 la
1186 4794 1313 4859 Chiesa
1336 4794 1373 4856 in
1396 4794 1578 4875 presentia

299 4892 344 4959 de
370 4898 392 4959 li
418 4899 489 4961 R¹¹¹i
515 4901 725 4982 Magantino
751 4912 786 4965 et
809 4902 1019 4966 Sedunense
1038 4911 1075 4964 et
1091 4901 1280 4965 assaissimi
1299 4911 1334 4964 et
1350 4900 1575 4983 grandissimi
