3425 5700
809 535 1056 597 ΗΜΒΗΉ

292 684 348 749 De
372 682 569 767 nobilitate,
592 686 807 769 germanica.

293 794 349 856 De
373 814 467 856 novo
490 803 703 857 testamento
727 803 764 857 et
787 793 903 859 missa.

294 901 456 964 Assertio
481 900 707 964 articulorum
732 901 766 967 in
791 902 1008 983 germanico.

293 1009 352 1071 Ad
377 1007 566 1071 officialem
590 1008 624 1070 in
651 989 823 1090 Stolpem.

294 1115 501 1197 Appellatio
525 1116 571 1177 ad
596 1114 793 1179 concilium.

294 1222 452 1284 Libellus
476 1221 525 1284 sic
550 1221 711 1302 signatus
736 1221 779 1285 G.

293 1328 387 1410 Quid
410 1330 652 1410 respondeant
680 1328 890 1392 confitentes
922 1351 1030 1415 super
1053 1331 1192 1393 litterae
1223 1331 1392 1395 librorum
1417 1332 1562 1395 Martini.
1670 1296 1671 1371 i

295 1434 446 1515 Quidam
472 1432 598 1497 Sermo
622 1435 682 1498 ubi
708 1446 762 1498 est
785 1437 892 1499 homo
916 1438 1032 1519 pictus
1057 1458 1135 1500 cum
1159 1440 1298 1500 baculo.

292 1542 397 1605 Alter
421 1542 608 1623 quaternio
631 1542 822 1625 inscriptus
844 1565 891 1606 on
915 1544 979 1607 den
1003 1543 1107 1607 Boch.

293 1647 446 1729 Quidam
470 1648 560 1711 liber
584 1659 665 1711 octo
689 1650 953 1731 quaterniorum
978 1661 1103 1713 contra
1126 1649 1340 1732 pontificem.

856 1793 1005 1856 Latini.

291 1918 462 1999 Magnum
485 1918 651 1979 volumen
675 1918 885 1998 impressum
911 1916 1051 1980 [lasilee
1076 1918 1110 1979 in
1136 1916 1232 1980 folio.

290 2025 346 2087 De
371 2024 578 2106 captivitate
602 2024 814 2089 babilonica.

292 2131 454 2194 Assertio
479 2131 715 2194 articulorum.

291 2239 346 2300 De
370 2237 474 2301 bonis
498 2239 677 2320 operibus

291 2345 507 2427 Explanatio
531 2344 708 2407 dominice
732 2345 912 2410 orationis.

292 2453 500 2536 Appellatio
526 2455 570 2515 ad
596 2452 793 2515 concilium.

291 2560 410 2642 Quare
433 2560 514 2623 libri
538 2559 715 2642 pontificis
739 2558 808 2621 sint
831 2558 1016 2621 combusti.

291 2665 416 2730 Sermo
442 2669 487 2729 de
511 2667 764 2749 preparatione
788 2668 833 2729 ad
860 2666 1090 2730 moriendum.

291 2774 477 2856 Expositio
501 2774 534 2835 in
562 2774 731 2837 tredecim
756 2776 912 2856 psalmos
937 2774 1081 2856 primos,

293 2883 478 2944 Adversus
502 2882 742 2945 execrabilem
767 2881 973 2944 antechristi
999 2883 1142 2944 bullam.

905 3173 958 3240 69.

460 3289 646 3372 Sententia
673 3291 806 3371 Marah.
835 3291 1144 3391 Brendeburgena
1174 3289 1215 3370 de
1243 3289 1406 3370 luthero.

740 3419 825 3491 (tote
842 3420 978 3480 Worueo.
996 3419 1124 3490 tot-124)

305 3550 401 3612 Ihm
416 3549 577 3612 Marchio
594 3548 928 3629 Brandeburgensis
939 3548 1027 3630 Imp.
1044 3547 1187 3610 Elector
1200 3550 1290 3610 hanc
1308 3567 1371 3610 suo
1388 3557 1423 3610 et
1438 3548 1562 3611 fratris

379 3657 521 3720 nomine
543 3656 634 3718 dixit
654 3656 866 3720 sententiam
886 3665 966 3738 post
989 3655 1248 3737 interrogatum
1272 3654 1483 3718 Lutherum:

381 3797 473 3879 Quia
497 3797 673 3860 Lutherus
704 3798 749 3859 ad
774 3799 996 3878 questionem
1020 3819 1041 3860 a
1065 3795 1177 3860 Sacra
1202 3795 1355 3860 Cesarea
1384 3795 1578 3860 Maiestate

292 3903 325 3967 ei
349 3926 395 3967 ex
421 3904 589 3967 laudabili
618 3915 654 3966 et
678 3904 871 3966 christiana
894 3915 1011 3968 mente
1035 3904 1255 3986 propositam
1280 3904 1507 3985 responderit
1533 3925 1576 3968 ac

294 4011 480 4074 manifeste
505 4010 611 4074 fuerit
635 4010 818 4093 professus
842 4013 960 4092 palam
985 4011 1147 4074 omnibus
1167 4011 1278 4073 libros
1303 4031 1381 4072 esse
1405 4031 1490 4073 suos
1515 4012 1578 4094 qui

292 4117 367 4180 eius
404 4117 545 4181 nomine
581 4117 875 4180 circumferuntur
907 4127 943 4182 et
975 4116 1114 4180 illorum
1139 4126 1349 4200 argumenta
1373 4138 1412 4180 se
1436 4120 1577 4200 populo

290 4224 494 4306 predicasse
518 4233 555 4287 et
578 4223 752 4288 docuisse.

378 4331 609 4394 inveniantur
643 4342 761 4395 autem
785 4331 820 4394 in
857 4331 991 4395 eisdem
1022 4331 1121 4395 libris
1145 4333 1343 4413 permultae
1367 4341 1508 4395 atroces
1541 4343 1578 4395 et

290 4438 538 4501 abhorrendae
561 4440 729 4501 haereses
753 4459 844 4520 quae
864 4439 1122 4502 condemnatae
1139 4448 1246 4501 antea
1262 4459 1327 4521 per
1343 4451 1577 4503 sacrosancta

290 4544 442 4607 concilia
461 4565 501 4607 ac
526 4545 668 4626 petius
694 4555 729 4607 et
752 4544 920 4608 iustitiam
944 4545 1067 4610 debito
1092 4543 1216 4609 ordine
1241 4547 1404 4609 sublatae
1428 4546 1578 4629 penitus

290 4659 327 4713 et
349 4651 528 4715 extinctae
552 4650 703 4715 fuerunt.

376 4757 421 4819 Et
452 4756 486 4819 in
513 4760 582 4820 hoc
615 4757 736 4820 affecit
767 4757 898 4840 insigni
929 4758 1143 4824 contumelia
1174 4757 1395 4823 sanctissima
1419 4759 1578 4824 concilia

287 4884 435 4946 quorum
460 4876 623 4926 auctores
649 4865 844 4927 extiterunt
867 4885 939 4928 non
964 4869 1077 4930 solum
1109 4865 1233 4930 summi
1264 4866 1475 4949 pontifices,
1506 4869 1577 4932 sed
