3425 5700
839 491 1085 550 2⁴32&spss

323 640 467 703 dissima
490 639 518 702 si
544 640 652 720 degni
675 640 731 702 far
755 641 819 702 dar
844 641 969 704 ordine
998 653 1035 704 et
1057 640 1215 704 remedio
1239 642 1285 702 ad
1310 643 1437 704 alcuno
1461 640 1583 723 iniquis·

322 747 410 810 simo
434 747 570 810 indulto
595 745 655 829 gia
679 757 733 809 tre
758 745 841 809 anni
866 767 1048 827 concesso,
1073 767 1129 808 ma
1145 749 1404 811 novellamente
1420 748 1584 829 publicato
1684 808 1685 811 ,

323 861 445 916 contra
478 854 577 917 detto
608 853 787 935 Episcopo
820 863 856 916 et
888 855 922 916 la
953 852 1024 916 Sua
1058 853 1204 934 Chiesa,
1239 854 1275 918 in
1299 855 1402 918 favor
1426 855 1463 917 di
1488 855 1586 916 alcuni
1684 886 1685 913 l

322 961 398 1025 suoi
423 960 564 1042 sudditi,
590 961 614 1022 il
639 962 704 1023 che
729 981 767 1024 se
791 962 949 1042 procede
973 961 1119 1023 insieme
1143 981 1212 1023 con
1240 961 1320 1024 altri
1352 962 1456 1024 simili
1486 962 1585 1025 incon-

322 1067 480 1131 venienti
513 1069 558 1130 de
582 1069 692 1130 breve
717 1067 741 1130 li
766 1066 973 1149 Episcopati
999 1067 1033 1128 di
1058 1065 1251 1130 Germania
1274 1067 1304 1130 si
1332 1069 1587 1132 diminueranno

323 1185 422 1238 tanto
447 1176 512 1238 che
537 1195 608 1238 non
632 1175 662 1237 si
685 1175 790 1256 potri
815 1174 875 1256 piu
899 1173 1067 1236 resistere
1091 1174 1152 1238 alli
1176 1173 1272 1255 laici,
1307 1177 1372 1238 che
1403 1175 1435 1238 ci
1460 1177 1583 1238 vorreb
1685 1168 1686 1171 '

322 1287 415 1346 beno
440 1281 612 1356 distrutti;
638 1291 763 1364 questo
787 1280 821 1343 io
846 1282 881 1343 lo
906 1279 1058 1362 predissi
1082 1279 1141 1362 gia
1166 1281 1218 1344 sei
1233 1281 1327 1360 anni,
1351 1283 1519 1344 mandato
1540 1282 1589 1342 dal

324 1391 422 1453 detto
447 1389 627 1473 Episcopo
652 1389 685 1451 al
710 1386 956 1464 sanctissimo,
982 1397 1017 1450 et
1032 1387 1062 1449 si
1078 1390 1124 1449 ha
1138 1389 1272 1450 veduto
1291 1399 1492 1470 purtroppo
1507 1407 1590 1450 esser
1686 1388 1687 1391 ’

323 1519 426 1570 ver0;
463 1499 602 1560 almeno
628 1496 657 1557 si
680 1496 842 1577 proveda
866 1516 888 1556 a
911 1495 1030 1575 quello
1056 1495 1122 1558 che
1154 1504 1251 1558 resta
1280 1497 1412 1577 perche
1442 1497 1477 1558 la
1509 1493 1591 1556 Sede
1686 1556 1687 1579 ,

324 1604 535 1686 Apostolica
558 1601 682 1684 patera
706 1602 766 1682 piu
792 1603 857 1663 che
882 1601 905 1662 li
931 1601 1021 1664 altri.
1068 1600 1114 1663 Di
1136 1611 1261 1683 questo
1279 1602 1338 1684 pili
1363 1604 1409 1665 ad
1434 1603 1541 1683 longo
1555 1621 1592 1662 ne

324 1713 370 1774 ho
395 1710 516 1774 scritto
542 1731 563 1772 a
586 1709 724 1772 Messer
747 1709 801 1788 Jo.
826 1709 998 1772 Mattheo.

412 1818 493 1880 Non
517 1819 651 1880 lassato
676 1816 711 1878 di
735 1815 951 1898 significarle
976 1817 1114 1897 quello,
1146 1819 1212 1879 che
1235 1819 1348 1899 perlici
1375 1818 1537 1900 supplico
1559 1814 1596 1876 sii

325 1924 559 1989 secretissimo
584 1943 649 2004 per
673 1923 743 1985 mia
767 1943 884 2003 causa,
909 1924 974 1985 che
999 1923 1112 2004 hoggi
1135 1943 1201 2005 per
1214 1944 1302 1987 vero
1318 1944 1406 1987 sono
1424 1928 1484 2004 qui
1501 1926 1595 1987 lettre

325 2033 408 2095 delli
434 2034 492 2094 del
517 2031 652 2111 Campo
676 2029 711 2092 di
736 2030 862 2110 Cesar,
892 2050 990 2092 come
1019 2029 1078 2111 gia
1107 2029 1158 2093 sei
1183 2050 1204 2093 o
1229 2042 1320 2094 sette
1344 2033 1379 2093 dl
1405 2034 1439 2094 el
1462 2030 1597 2093 fratello

326 2142 384 2203 del
407 2142 506 2202 detto
530 2138 709 2220 Episcopo
734 2137 845 2200 invito
871 2147 924 2200 tre
949 2161 970 2200 o
996 2146 1139 2218 quattro
1170 2139 1273 2219 primi
1305 2141 1363 2202 del
1388 2139 1524 2218 Campo
1556 2137 1594 2196 ad
1688 2163 1690 2167 ⁷

324 2267 467 2330 pranso,
483 2254 519 2309 et
536 2244 703 2308 dechiaro
720 2245 808 2325 lor0,
825 2264 926 2306 come
943 2264 1005 2306 era
1020 2254 1075 2307 sta
1091 2248 1300 2327 aggabbato
1317 2250 1363 2309 da
1380 2246 1500 2327 quello
1514 2262 1596 2325 gran

325 2353 503 2434 Principe,
526 2372 591 2433 per
615 2371 724 2414 causa
748 2360 784 2414 et
807 2351 952 2414 instinto
977 2353 1035 2414 del
1052 2354 1135 2433 qual
1158 2351 1180 2414 1’
1197 2354 1313 2416 havea
1330 2372 1448 2415 mosso
1464 2369 1599 2432 guerra,

326 2471 362 2524 et
385 2461 465 2522 chel
489 2458 700 2521 desiderava
724 2456 846 2523 venire
872 2478 892 2518 a
917 2459 987 2520 bon
1013 2469 1309 2541 appontamento,
1344 2470 1381 2522 et
1408 2459 1477 2521 dir:
1513 2458 1600 2537 Jube
1689 2544 1690 2549 η

326 2567 477 2630 Domine
501 2564 726 2643 benedicere,
751 2573 785 2626 et
811 2563 846 2624 di
870 2580 996 2644 questo
1021 2567 1067 2628 ha
1089 2566 1212 2628 scritto
1237 2568 1270 2629 al
1285 2567 1428 2629 fratello
1453 2583 1601 2647 pregan-
1689 2552 1690 2579 *

326 2675 409 2738 dolo
435 2675 513 2736 chel
537 2671 660 2752 tenghi
684 2673 720 2733 la
741 2691 863 2741 mano;
896 2691 953 2733 ma
977 2671 1025 2733 lui
1049 2692 1115 2753 per
1139 2671 1253 2736 evitat
1276 2673 1361 2754 ogni
1391 2671 1602 2754 suspicione,

326 2803 395 2845 non
422 2803 459 2844 se
483 2801 528 2843 ne
552 2779 621 2842 vol’
639 2777 840 2861 impacciar.
888 2779 961 2841 Pur
992 2799 1098 2861 spero
1130 2789 1167 2842 et
1196 2801 1261 2842 son
1292 2779 1393 2863 quasi
1417 2789 1515 2843 certo
1542 2780 1605 2840 che

325 2892 347 2954 l'
364 2892 516 2975 accordo
541 2888 622 2951 sara
647 2886 746 2969 quasi
771 2887 882 2966 fatto,
906 2887 935 2949 si
959 2889 1025 2950 che
1050 2889 1167 2951 omnia
1191 2888 1448 2971 conquiescunt
1470 2885 1605 2957 Cesari3

327 3009 362 3062 et
386 3000 473 3079 pero
498 2998 650 3060 essendo
674 2998 707 3057 le
732 3016 815 3057 cose
832 2994 1023 3059 christiane
1047 2996 1083 3058 in
1108 2996 1132 3059 li
1155 2996 1296 3059 termini
1320 2998 1387 3060 che
1406 2996 1436 3058 si
1453 3014 1607 3077 vegon0,

327 3116 362 3169 et
385 3107 409 3169 li
435 3102 591 3184 Principi
615 3102 783 3165 arrabiati
808 3104 867 3163 del
897 3102 1045 3184 proprio
1073 3124 1229 3185 sangue;
1259 3113 1358 3167 tanto
1390 3113 1426 3165 et
1455 3104 1607 3185 pruden-

326 3213 460 3276 tissimo
486 3212 504 3274 c
529 3220 621 3274 stato
645 3210 670 3272 il
695 3208 877 3289 conseglio
903 3210 938 3271 di
963 3208 1037 3272 Sua
1061 3209 1125 3285 ἓως
1155 3220 1190 3273 et
1214 3212 1248 3273 di
1273 3212 1316 3274 V.
1343 3210 1379 3274 S.
1408 3211 1484 3274 R¹²¹⁸
1507 3232 1531 3272 a
1555 3209 1610 3271 far

327 3321 445 3402 quello
469 3321 589 3380 hanno
613 3316 714 3380 fatto.
763 3316 892 3377 Dicant
927 3317 1097 3398 quidquid
1133 3318 1245 3380 velint
1280 3318 1359 3398 alii,
1396 3328 1433 3380 et
1466 3336 1612 3398 avenga

326 3430 445 3509 quello
469 3426 498 3488 si
522 3424 617 3504 volii,
642 3426 676 3486 la
700 3424 826 3505 ragion
852 3425 957 3486 volea
982 3428 1053 3486 cosl
1078 3444 1144 3505 per
1166 3426 1262 3488 mille
1286 3425 1505 3509 argumenti,
1530 3443 1611 3507 per-

327 3535 391 3597 che
425 3534 520 3596 solus
552 3531 663 3593 hostis
688 3531 819 3593 Caesar
851 3539 906 3591 est
938 3530 1042 3593 nobis
1073 3530 1307 3595 formidabilis
1339 3542 1375 3595 et
1404 3533 1614 3595 havendolo

328 3662 395 3705 con
420 3640 488 3719 noi,
514 3639 666 3702 essendo
683 3638 741 3717 lui,
757 3658 856 3700 come
877 3638 936 3719 pili
952 3640 1101 3719 grande,
1125 3637 1198 3701 cosi
1223 3640 1329 3702 etiarn
1353 3640 1477 3703 melior
1501 3641 1614 3701 homo

328 3749 386 3811 del
410 3748 540 3810 mundo
566 3756 600 3809 et
624 3766 708 3808 vere
733 3746 909 3808 catholico
942 3748 1056 3827 (come
1081 3766 1221 3827 sempre
1245 3750 1292 3810 ho
1316 3748 1452 3827 scritto)
1485 3768 1561 3809 non
1596 3746 1616 3807 ὸ.

329 3856 374 3918 da
399 3866 510 3917 temer
534 3855 599 3914 che
624 3850 672 3914 lui
697 3872 766 3914 non
792 3852 834 3914 sii
858 3873 923 3933 per
948 3873 1046 3916 esser
1069 3853 1202 3933 optimo
1220 3853 1356 3936 figliolo
1381 3856 1439 3918 del
1463 3854 1615 3917 sanctis-

328 3963 415 4025 simo
441 3971 476 4024 et
500 3980 570 4023 non
595 3961 707 4022 solum
731 3979 797 4040 per
820 3980 1014 4022 conservat
1047 3980 1103 4022 ma
1137 3960 1243 4023 etiam
1276 3982 1341 4043 per
1372 3971 1619 4042 augumentar

328 4070 378 4153 gli
408 4069 492 4131 beni
523 4067 617 4130 della
648 4065 776 4129 Chiesa
817 4066 841 4127 il
875 4068 941 4128 che
974 4068 1020 4128 ha
1050 4076 1222 4130 mostrato
1255 4069 1290 4130 in
1321 4068 1469 4131 materia
1499 4090 1522 4129 a
1558 4088 1618 4129 me

329 4197 542 4255 commessa,
576 4175 668 4236 dove
701 4193 770 4234 non
802 4194 842 4235 so
868 4174 934 4235 che
958 4173 1120 4255 principe
1144 4174 1240 4238 fusse
1265 4185 1357 4238 stato
1381 4177 1483 4237 saido
1507 4196 1620 4238 come

328 4285 376 4349 lui
405 4283 450 4345 ad
474 4281 563 4344 tanti
587 4280 723 4359 obieci,
748 4282 813 4343 che
839 4281 886 4342 da
910 4280 992 4362 ogni
1017 4281 1137 4343 banda
1162 4303 1199 4343 se
1224 4283 1248 4343 li
1271 4282 1421 4345 faceano
1437 4282 1481 4343 de
1506 4302 1618 4344 occu·

329 4390 442 4473 parii
466 4400 557 4451 tutto
582 4398 617 4450 et
642 4406 681 4450 se
705 4389 916 4450 altramente
946 4388 1099 4450 haresse
1132 4387 1222 4450 fatto
1254 4409 1325 4452 non
1348 4401 1404 4452 sat
1426 4387 1500 4451 scio
1526 4408 1620 4469 quo-

329 4496 434 4561 modo
469 4495 651 4557 nobiscum
676 4506 845 4574 ageretur
868 4513 932 4574 per
957 4496 1064 4556 molte
1089 4516 1195 4558 cause
1219 4496 1251 4557 le
1277 4496 1372 4577 quali
1397 4495 1440 4559 V.
1468 4493 1506 4558 S.
1536 4495 1624 4557 Rml

329 4614 414 4686 pote
444 4607 515 4670 ben
543 4622 684 4686 pensar.
739 4602 874 4682 Questo
905 4603 951 4664 ho
985 4622 1090 4682 preso
1124 4604 1342 4683 presumtion
1373 4603 1409 4665 di
1440 4602 1623 4681 scrivere,

330 4710 460 4792 perche
485 4711 532 4773 ho
555 4718 726 4789 receputo
752 4710 879 4770 lettere
903 4709 949 4770 da
977 4710 1128 4789 qualche
1160 4728 1247 4790 gran
1278 4710 1357 4773 loco
1391 4730 1461 4792 qua
1490 4707 1626 4773 vicino

330 4820 396 4883 che
420 4838 439 4881 a
464 4818 583 4881 Roma
608 4837 677 4881 non
702 4835 788 4879 sono
813 4817 884 4877 ben
909 4814 1068 4877 contenti
1084 4815 1119 4878 di
1135 4825 1261 4897 questa
1278 4827 1381 4881 santa
1401 4816 1627 4881 confedera-
