3425 5700
810 562 1058 621 ⁰·<3328ffl

294 726 371 770 mos
394 706 574 789 principes
602 708 661 790 qui
691 710 760 773 hoc
789 709 906 794 ipsum
936 710 1156 791 iudicarunt,
1186 709 1421 793 particulares
1452 708 1567 773 facere

294 814 567 878 reformationes
590 825 640 895 et,
672 816 718 879 ad
753 815 1030 897 postulationem
1065 818 1279 901 populorum
1317 817 1376 899 qui
1408 818 1455 880 de
1488 816 1567 881 cleri

294 920 428 986 iniuriis
452 922 637 1004 conquesti
660 921 803 1005 fuerint,
827 923 996 986 adhibitis
1018 933 1136 989 tecum
1159 944 1225 987 sex
1249 933 1311 986 aut
1334 933 1416 987 octo
1440 942 1567 1005 germa-

295 1028 350 1091 nis
373 1028 543 1110 praelatis
568 1030 780 1094 correctioni
804 1030 1000 1094 intendere.
1040 1030 1114 1095 Nos
1131 1042 1167 1096 et
1182 1042 1245 1094 tua
1261 1031 1453 1115 prudentia
1468 1043 1568 1113 atque

295 1136 457 1199 doctrina
480 1135 668 1216 plurimum
691 1135 901 1199 confidimus
924 1146 960 1200 et
982 1137 1052 1200 illis
1075 1138 1216 1223 agimus
1245 1137 1467 1221 principibus
1495 1157 1567 1219 gra·

295 1240 363 1305 tias
392 1262 540 1323 quorum
570 1252 608 1305 tu
639 1252 800 1306 sanctum
832 1244 1055 1327 propositum
1084 1246 1325 1328 optimamque
1354 1247 1568 1309 voluntatem

296 1350 342 1411 ad
376 1369 442 1412 nos
486 1349 743 1432 perscripsisti,
777 1349 989 1433 illorumque
1024 1352 1167 1416 nomina
1201 1353 1284 1435 (non
1321 1351 1415 1416 enim
1444 1370 1509 1434 per
1536 1359 1569 1412 te

295 1454 429 1538 scripta
458 1458 550 1537 sunt)
580 1476 724 1521 avernus
760 1455 977 1540 intelligere,
1020 1478 1090 1541 quo
1128 1479 1286 1523 amemus
1321 1458 1427 1523 etiam
1463 1457 1569 1539 magis

296 1583 386 1645 quos
409 1584 628 1647 magnopere
652 1564 841 1646 diligimus.
890 1564 943 1627 Tu
966 1574 1073 1647 atque
1097 1565 1167 1647 illi,
1194 1566 1315 1628 iuncto
1346 1585 1426 1629 cum
1456 1566 1569 1628 volun-

295 1678 369 1733 tate
393 1671 489 1733 bona
512 1670 646 1752 optimo
678 1672 784 1735 etiam
808 1671 969 1753 consilio,
1002 1692 1095 1753 quae
1125 1673 1172 1735 ad
1204 1674 1354 1735 salutem
1383 1680 1422 1735 et
1449 1690 1568 1753 pacem

296 1775 510 1841 Germaniae
533 1776 762 1859 pertinebunt
785 1788 822 1841 et
844 1789 967 1843 vestra
996 1779 1128 1843 virtute
1159 1798 1201 1841 ac
1232 1778 1420 1861 diligentia
1451 1798 1568 1861 procu·

297 1883 422 1947 rabitis
446 1893 483 1947 et
506 1883 609 1947 nobis
632 1884 790 1948 iudicare
814 1906 885 1949 non
909 1888 1144 1968 postponetis.
1190 1887 1273 1950 Dat.
1303 1886 1445 1949 Romae
1472 1884 1568 1948 Deci-

296 2000 481 2071 maquarta
504 1990 641 2073 Aprilis
665 1990 885 2059 MDXXIV.
932 1993 1040 2057 Anno
1063 1993 1191 2075 primo.

834 2276 1040 2291 ssmwm

578 2649 738 2731 Glsmens
765 2650 844 2731 VIL
872 2535 1057 2732 ciiiinui
1084 2651 1284 2755 campagis.

412 2795 573 2868 (mamantis
591 2796 653 2857 vir
671 2796 759 2872 snut
778 2796 816 2856 ad
833 2798 971 2873 principes
988 2813 1039 2872 par
1057 2798 1179 2859 Salutat
1198 2800 1330 2874 scriptae
1347 2797 1394 2860 iri
1411 2798 1463 2871 it.)

790 2916 844 2986 (14.
865 2917 968 2983 Aprilis
991 2917 1080 2986 1524.)

385 3059 533 3123 Gratum
569 3059 672 3122 nobis
708 3061 902 3123 admodum
937 3059 1005 3123 fuit
1039 3080 1086 3123 ex
1121 3059 1449 3141 circumspectionis
1492 3069 1569 3120 tuae

296 3166 422 3231 litteris
445 3167 646 3249 intelligere
670 3167 842 3250 postulari
867 3189 890 3230 a
911 3176 948 3230 te
972 3186 1039 3248 per
1062 3187 1124 3230 eos
1147 3166 1334 3248 Principes
1364 3165 1426 3248 qui
1448 3166 1484 3228 in
1504 3164 1568 3227 isto

298 3273 484 3337 Conventu
509 3271 723 3337 Germaniae
747 3273 959 3355 congregati
984 3282 1065 3336 sunt
1087 3284 1124 3336 et
1147 3293 1297 3356 quorum
1321 3272 1435 3337 virtus
1458 3282 1493 3336 et
1514 3291 1569 3334 no·

298 3379 417 3444 bilitas
440 3379 592 3444 maxime
616 3379 783 3462 publicae
807 3380 913 3443 saluti
936 3379 1075 3443 intenta
1106 3389 1161 3444 est
1188 3389 1227 3442 ut
1254 3382 1300 3442 ad
1330 3379 1570 3443 reformandos

299 3508 415 3550 mores
439 3487 524 3550 cleri
548 3486 761 3551 Germaniae
784 3487 911 3569 aliquis
937 3495 1134 3551 conventus
1157 3487 1353 3568 indicatur,
1384 3487 1422 3550 in
1447 3507 1514 3569 quo
1534 3495 1568 3547 tu

299 3597 432 3658 debeas
455 3595 667 3657 auctoritate
684 3604 721 3657 et
736 3593 815 3658 vice
834 3603 957 3657 nostra
972 3594 1197 3676 praesidere;
1221 3596 1310 3659 haec
1334 3593 1428 3658 enim
1452 3592 1568 3677 petitio

300 3710 336 3764 et
361 3699 501 3763 illorum
535 3699 704 3783 optimam
728 3701 948 3763 voluntatem
977 3719 1123 3782 prorsus
1150 3701 1256 3764 nobis
1286 3699 1422 3764 indicat
1444 3710 1481 3764 et
1501 3718 1568 3762 reru

297 3808 454 3890 postulat
489 3817 528 3868 ut
562 3807 775 3870 arbitramur
810 3809 1020 3882 salutarem;
1057 3827 1135 3871 cum
1170 3807 1380 3889 praesertim
1415 3810 1461 3872 ad
1495 3825 1567 3870 eum

298 3934 439 3997 quoque
462 3912 567 3976 finem
591 3913 795 3976 instituatur
818 3923 856 3976 ut
871 3914 1151 3977 scismaticorum
1170 3923 1207 3977 et
1222 3935 1334 3998 prave
1350 3914 1568 3978 sentientium

298 4020 440 4085 omnino
465 4019 703 4084 confundatur
724 4019 911 4102 iniquitas:
937 4040 1081 4103 paxque
1101 4031 1138 4083 et
1153 4021 1390 4104 tranquillitas
1410 4022 1459 4103 (id
1482 4017 1568 4102 quod

298 4149 363 4192 nos
386 4127 539 4191 maxime
564 4124 778 4212 expetimus)
802 4127 868 4191 toti
883 4126 1097 4192 Germaniae
1116 4128 1297 4192 reddatur.
1337 4127 1567 4209 Quamobrem

298 4255 376 4300 cum
401 4233 515 4298 omnis
538 4233 700 4298 ordinum
724 4233 1046 4298 ecclesiasticorum
1071 4234 1245 4298 correctio
1268 4234 1493 4317 iampridem
1512 4251 1565 4296 no·

297 4341 353 4406 bis
384 4343 600 4423 desyderata
630 4339 689 4422 sit,
722 4352 759 4404 et
792 4341 980 4423 quominus
1012 4341 1059 4404 ad
1087 4362 1165 4405 eam
1203 4341 1322 4405 statim
1356 4341 1567 4406 tractandam

299 4448 545 4512 devenerimus
572 4448 628 4512 his
658 4449 767 4512 totius
797 4448 1064 4512 christianitatis
1094 4450 1271 4513 bellorum
1301 4458 1339 4513 et
1367 4449 1566 4512 seditionum

298 4555 471 4620 incendiis
499 4555 669 4620 fuerimus
699 4554 877 4638 impediti,
913 4557 1097 4638 aperiente
1131 4556 1226 4619 viam
1260 4555 1365 4619 nobis
1396 4555 1475 4620 Deo
1509 4571 1566 4636 per

298 4663 464 4728 virtutem
489 4672 525 4726 et
548 4665 679 4727 bonam
702 4673 856 4726 mentem
879 4663 1027 4726 istorum
1050 4662 1242 4728 Germanic
1267 4663 1473 4746 Principum
1502 4670 1565 4724 tam

298 4769 546 4852 temporalium
569 4790 674 4851 quam
699 4769 1037 4853 ecclesiasticorum,
1061 4769 1378 4854 Circumspectioni
1401 4780 1482 4832 tuae
1502 4766 1564 4828 dic·

298 4886 372 4940 tum
396 4886 611 4940 conventum
635 4876 841 4940 celebrandi
865 4897 907 4939 ac
931 4877 1180 4942 auctoritatem
1194 4877 1287 4941 illius
1310 4875 1377 4940 tibi
1399 4869 1564 4940 tribuendi
