3425 5700
832 594 1079 651 θ-ΜΊΒΕΗ

319 735 489 817 eundem,
525 760 595 801 non
629 738 663 801 in
688 741 755 802 hac
791 740 914 822 modo,
950 742 996 803 ad
1032 762 1138 823 quam
1173 741 1318 804 indubie
1355 762 1426 804 non
1461 743 1592 821 absque

318 839 443 905 Sancti
468 843 621 926 Spiritus
645 847 762 929 gratia
786 856 934 910 vocatus
958 848 1220 930 estdignitate,
1246 848 1446 912 confirmari
1464 860 1500 911 et
1516 867 1592 910 con·

318 952 464 1032 servari,
489 953 553 1015 sed
576 954 699 1017 maiori
725 955 830 1018 etiam
848 957 1113 1019 commodorum
1137 966 1334 1020 mereretur
1351 955 1458 1037 affici,
1491 965 1591 1017 etex

287 1056 290 1062 '
318 1076 360 1119 eo
374 1058 598 1123 Trarectensi
613 1061 805 1141 Ecclesiae,
829 1061 899 1125 iam
921 1063 1017 1124 bello
1034 1061 1266 1141 disturbatae,
1290 1066 1382 1126 bene
1398 1061 1593 1126 consultum

321 1163 363 1225 iri
397 1166 595 1247 cupiamuS,
633 1187 746 1250 eoque
780 1169 1026 1232 vehementius
1065 1170 1325 1247 desideremus,
1361 1171 1456 1251 quod
1492 1170 1595 1251 plane

318 1271 494 1335 noscimus
513 1272 722 1337 Caesaream
740 1274 965 1338 Maiestatem
989 1275 1087 1339 cuius
1110 1296 1182 1339 non
1206 1277 1310 1359 parvi
1333 1277 1493 1357 interest,
1518 1295 1594 1356 qua·

319 1378 361 1440 lis
385 1378 615 1461 Episcopatui
646 1381 696 1444 illi
720 1382 755 1445 in
779 1382 860 1445 imis
884 1382 985 1464 quasi
1016 1382 1195 1446 inferioris
1218 1383 1428 1465 Burgundio
1459 1381 1594 1445 visceri·

319 1486 385 1547 bus
410 1487 601 1551 constituto
626 1488 746 1569 presit,
771 1489 949 1571 prefatum
975 1490 1138 1570 electum,
1162 1501 1330 1571 tanquam
1351 1489 1596 1572 gratissimum,

319 1592 492 1674 precipuo
520 1594 645 1659 favore
673 1595 855 1677 prosequi;
888 1606 996 1677 atque
1021 1598 1174 1661 eundem
1204 1616 1270 1679 pro
1294 1596 1414 1659 valido
1444 1594 1596 1677 presidio

320 1697 473 1763 afflictae
498 1701 737 1765 Traiectensis
760 1702 944 1765 Ecclesiae
969 1702 1136 1781 stabiliri,
1160 1703 1196 1767 in
1220 1703 1313 1767 votis
1337 1702 1480 1783 haberi,
1506 1703 1596 1765 unde

320 1808 567 1889 tranquillitas
593 1809 904 1890 desideratumque
928 1809 1129 1873 Christiano
1154 1812 1288 1892 populo
1313 1810 1448 1891 ocium,
1480 1812 1596 1872 subse·

321 1914 380 1995 qui
416 1918 567 1997 poterit,
603 1926 639 1979 et
674 1916 757 1997 quia
789 1919 857 1979 hoc
893 1916 969 1979 sine
1005 1916 1176 1998 precipua
1212 1896 1426 1980 Sanctitatis'
1448 1917 1598 1979 Vestrae

323 2020 556 2103 benignitate,
580 2022 713 2104 gratia,
749 2024 874 2087 favore
907 2033 944 2085 et
967 2043 1055 2105 ope,
1091 2044 1156 2087 nec
1190 2024 1360 2106 consequi
1396 2023 1498 2104 licet,
1537 2042 1600 2085 nec

322 2127 416 2191 effici
438 2139 574 2211 potest;
600 2152 750 2212 namque
775 2130 853 2212 ipsa
877 2129 1115 2194 Traiectensis
1138 2131 1341 2213 provincia,
1365 2150 1431 2213 per
1455 2129 1600 2194 Geldrie

322 2236 458 2299 Ducem
482 2237 532 2300 ita
556 2238 784 2320 opprimitur,
815 2249 854 2300 ut
878 2239 1047 2301 nonnulla
1081 2248 1198 2302 castra
1229 2249 1264 2302 et
1288 2237 1422 2319 oppida
1446 2236 1602 2299 eiusdem

322 2343 572 2426 Episcopatus,
596 2345 632 2408 vi
656 2345 901 2427 occupaverit,
926 2345 1099 2425 detineat,
1136 2356 1171 2408 et
1200 2366 1266 2427 per
1291 2366 1334 2409 ea
1357 2344 1459 2426 quasi
1482 2362 1604 2407 omnes

323 2449 557 2533 Episcopales
581 2452 742 2516 redditus
766 2452 946 2527 sublevet;
984 2473 1050 2515 nec
1084 2452 1200 2515 indies
1224 2452 1295 2515 alia
1318 2453 1364 2515 ad
1387 2472 1427 2515 se
1450 2453 1603 2528 trahere,

325 2577 366 2618 ac
394 2566 504 2620 totam
540 2558 792 2641 Episcopalem
828 2558 1062 2622 substantiam
1098 2560 1250 2641 perdere
1287 2568 1421 2638 cesset,
1457 2565 1605 2638 propter

323 2666 418 2744 quod
440 2684 512 2727 non
535 2665 676 2729 videtur
699 2665 874 2748 possibile
899 2664 994 2729 dicto
1010 2665 1135 2729 Electo
1150 2664 1351 2729 huiusmodi
1368 2662 1604 2727 adversitates

322 2773 498 2853 repellere
510 2792 627 2856 posse,
641 2773 715 2836 sine
728 2772 928 2836 retentione
952 2771 1173 2835 coadiutorie
1186 2770 1465 2835 Wormaciensis
1489 2778 1527 2832 et
1551 2788 1603 2832 ce

324 2864 479 2943 terorum
496 2900 637 2944 suorum
652 2881 915 2960 beneficiorum,
931 2901 1013 2944 nam
1028 2881 1058 2944 si
1071 2881 1142 2944 illis
1159 2881 1419 2960 destitueretur,
1445 2876 1606 2941 eveniret

323 2985 438 3064 facile,
463 2989 558 3068 quod
582 2987 742 3051 Ecclesia
766 2987 1015 3069 Traiectensis,
1039 2987 1111 3050 suis
1134 2987 1270 3050 viribus
1294 3007 1333 3049 se
1356 2985 1471 3068 ipsam
1495 2982 1603 3047 tutari

326 3114 395 3156 non
419 3105 569 3174 potens,
600 3104 676 3158 tota
700 3094 846 3158 Geldrie
871 3095 982 3158 Ducis
1004 3094 1153 3176 imperio
1177 3094 1405 3172 subderetur,
1430 3087 1606 3153 intellexi·

326 3220 402 3263 mus
428 3202 533 3264 etiam
558 3203 653 3284 quod
678 3202 754 3284 ipse
784 3205 918 3266 electus
932 3202 1060 3285 ,potius
1090 3201 1345 3283 Episcopatum
1372 3197 1471 3261 illum
1502 3195 1606 3260 relin-

326 3327 434 3389 quere
460 3310 583 3388 vellet,
618 3328 723 3390 quam
754 3309 830 3374 sine
858 3307 1006 3372 aliorum
1035 3307 1289 3372 beneficiorum
1317 3304 1533 3385 retentione,
1570 3322 1608 3365 se

326 3413 433 3477 tantis
458 3416 551 3478 curis
575 3427 611 3478 et
635 3417 805 3480 molestiis
828 3416 1056 3480 submittere:
1081 3417 1179 3497 quod
1202 3415 1232 3477 si
1254 3413 1374 3494 fieret,
1410 3411 1607 3475 verendum

326 3530 435 3603 esset,
471 3544 515 3586 ne
540 3523 629 3586 alius
653 3522 816 3587 Caesaris
840 3523 1018 3586 Maiestati
1050 3543 1120 3585 non
1150 3522 1239 3584 adeo
1270 3529 1394 3602 gratus
1423 3517 1543 3581 fidelis
1566 3536 1609 3579 ac

327 3631 497 3711 devotus,
527 3630 601 3692 eius
631 3632 711 3694 loco
742 3630 990 3711 preficeretur,
1023 3631 1117 3710 quod
1150 3627 1329 3691 Maiestati
1357 3646 1443 3688 suae
1473 3625 1511 3687 in
1536 3642 1609 3687 non

327 3755 476 3817 parvum
515 3737 764 3801 detrimentum
802 3740 964 3812 cederet3
1004 3737 1082 3818 Quo
1128 3735 1222 3799 circa
1254 3753 1325 3798 non
1367 3729 1610 3794 dubitavimus

327 3844 589 3908 Beatitudinem
603 3845 768 3909 Vestram
792 3845 922 3908 nostris
938 3845 1167 3925 interpellare
1182 3841 1360 3925 precibus,
1384 3838 1558 3902 maiorem
1574 3837 1611 3900 in

327 3953 469 4014 modum
494 3962 678 4035 rogantes,
713 3974 782 4035 quo
807 3963 842 4016 et
866 3961 1156 4029 memoratorum,
1182 3958 1216 4013 et
1240 3945 1506 4011 intercessionis
1532 3965 1611 4008 nos·

327 4067 404 4121 trae
428 4059 572 4140 intuitu,
602 4059 696 4122 dicto
729 4062 843 4122 electo
873 4080 918 4122 ne
950 4060 1031 4120 dum
1057 4057 1232 4121 electione
1257 4051 1456 4117 huiusmodi
1479 4052 1551 4114 rite
1576 4060 1612 4114 et

329 4167 499 4230 canonice
514 4167 647 4230 factum
663 4167 872 4231 confirmare
889 4177 924 4230 et
939 4165 1125 4245 ratificare,
1149 4164 1213 4228 sed
1228 4162 1334 4226 etiam
1349 4159 1612 4224 coadiutoriam

329 4271 608 4337 Wormaciensis
623 4294 701 4337 cum
717 4273 845 4338 ceteris
868 4274 940 4337 suis
964 4271 1147 4336 beneficiis
1171 4289 1357 4334 reservare
1381 4276 1417 4330 et
1439 4266 1614 4344 retinere,

329 4379 514 4462 ipsumque
546 4381 623 4444 aliis
647 4381 829 4463 quibusvis
853 4380 985 4464 graciis
1009 4389 1045 4442 et
1068 4377 1253 4441 favoribus
1277 4373 1480 4458 oportunis,
1504 4373 1615 4436 unice

331 4497 366 4551 et
389 4488 581 4569 gratiosius
606 4491 889 4554 commendatum
913 4487 1093 4568 suscipere
1118 4485 1298 4566 dignetur,
1321 4483 1357 4545 in
1382 4500 1452 4563 quo
1469 4477 1616 4544 Sancti·

331 4606 386 4657 tas
410 4595 540 4658 Vestra
564 4616 634 4659 non
659 4597 764 4660 modo
788 4615 854 4677 pro
880 4592 1050 4676 pastorali
1075 4612 1138 4655 suo
1163 4589 1298 4669 officio,
1322 4589 1520 4670 innataque
1547 4590 1617 4650 cle·

331 4701 463 4765 mentia
479 4701 726 4766 Traiectenses
751 4721 943 4784 oppressos
966 4702 1011 4762 ab
1036 4697 1164 4761 iniuria
1186 4694 1391 4775 vindicabit,
1415 4693 1481 4756 sed
1505 4695 1619 4758 etiam

332 4809 446 4891 ipsum
471 4810 636 4891 electum,
660 4819 697 4873 et
719 4819 828 4872 totam
853 4807 1091 4889 palatinorum
1114 4803 1299 4883 familiam,
1324 4801 1434 4883 digno
1458 4799 1532 4864 sibi
1558 4803 1618 4863 de-

331 4917 464 4982 vinciet
486 4916 672 5002 beneficio,
697 4937 767 5007 quo
792 4913 898 4986 etiam
915 4912 1024 4985 Sacre
1049 4911 1226 4983 caesareo
1250 4919 1286 4977 et
1302 4907 1488 4976 catholice
1504 4907 1619 4995 Maje-
