3425 5700
853 551 1100 606 0<11192ῐὲ><>

337 693 843 776 11111111101111111110Ν.8η
863 696 961 759 facto
985 701 1077 759 tutto
1101 698 1221 778 quello
1245 716 1309 759 ere
1331 701 1366 760 in
1390 699 1465 760 5111
1480 697 1531 760 5¹⁴
1548 717 1601 779 per

336 801 549 865 remediarli.
597 801 649 864 La
673 823 757 866 cosa
780 824 851 867 non
875 806 1052 885 potrebbe
1077 824 1196 867 essere
1229 804 1264 866 di
1294 803 1356 886 piu
1386 803 1600 885 imporianza,

341 909 384 972 nd
415 907 475 971 voi
505 909 566 991 piir
601 910 750 973 ardente
775 909 810 974 in
835 910 860 972 li
884 909 1019 973 servitii
1044 910 1080 972 di
1104 907 1177 974 Sua
1201 907 1253 973 Si*
1281 920 1317 974 et
1341 912 1435 974 della
1458 909 1496 974 S.
1520 908 1600 974 Sede

338 1015 567 1097 Apostolica;
592 1037 657 1098 per
682 1019 705 1080 il
730 1019 797 1080 che
821 1037 893 1080 non
917 1017 953 1080 vi
977 1017 1112 1080 faremo
1138 1018 1227 1080 altra
1252 1018 1513 1100 exhortatione,
1535 1021 1601 1082 sclc

336 1123 371 1186 vi
395 1122 607 1186 ricordiamo
639 1145 710 1188 non
741 1124 871 1188 essersi
902 1127 1022 1188 vincto
1052 1123 1168 1188 finche
1201 1125 1230 1186 ci
1263 1135 1360 1188 resta
1389 1126 1538 1207 reliquie
1565 1127 1602 1188 de

336 1230 477 1311 inimici,
503 1240 537 1293 et
553 1231 647 1294 istud
671 1251 785 1314 genus
809 1231 1076 1296 daemoniorum
1104 1231 1174 1295 iam
1209 1252 1280 1295 non
1311 1242 1431 1314 potest
1460 1233 1538 1297 eiici
1564 1233 1603 1296 ie·

336 1337 439 1400 runiis
464 1346 499 1400 et
522 1337 741 1401 orationibus
766 1347 826 1402 aut
851 1338 976 1402 edictis
1001 1338 1203 1419 Caesareis,
1226 1359 1367 1421 verum,
1390 1350 1429 1402 ut
1452 1340 1603 1421 scribitis,

336 1444 541 1508 adhibenda
565 1445 707 1509 omnino
732 1455 814 1508 sunt
836 1446 986 1509 fortiora
1009 1446 1178 1510 remedia.
1224 1442 1348 1529 ltaque
1364 1457 1486 1511 curate
1511 1448 1604 1511 etiam

336 1561 443 1632 atque
469 1551 573 1614 etiam
597 1561 636 1614 ut
660 1552 938 1634 quibuscum'que
972 1551 1049 1616 fieri
1077 1562 1198 1635 potest
1220 1553 1387 1617 remediis
1409 1553 1604 1618 saevissima

336 1657 532 1721 istiusmodi
557 1659 761 1743 pestilentia
786 1672 821 1724 et
846 1651 1014 1743 contagio
1042 1656 1137 1723 illico
1174 1663 1210 1724 et
1233 1664 1279 1724 ab
1309 1660 1489 1724 radicibus
1522 1660 1604 1724 exci-

336 1767 449 1829 datur.
496 1767 597 1829 Bene
620 1769 749 1830 valete.
797 1765 853 1829 Ex
877 1767 1074 1848 Florentia,
1112 1771 1160 1831 18.
1185 1765 1408 1849 Septembris
1431 1766 1604 1830 MDXXI.

426 1872 518 1954 Quel
548 1874 738 1936 maladicto
762 1875 968 1938 Lutherano
999 1875 1119 1957 priore
1151 1875 1187 1938 di
1210 1874 1465 1956 Augustiniani
1497 1875 1560 1937 che
1590 1873 1607 1934 e

336 1989 479 2044 tornato
504 2002 525 2043 a
548 1981 736 2063 predicare
759 1981 795 2044 in
820 1984 996 2064 Anversa,
1020 1983 1095 2045 fate
1118 2003 1230 2064 opera
1253 2003 1322 2045 con
1345 1982 1478 2045 Cesare
1502 1992 1537 2044 et
1558 1981 1607 2043 ccl

337 2089 556 2152 Reverendo
589 2090 701 2171 padre
733 2089 926 2153 Confessor
958 2097 995 2153 et
1034 2109 1102 2153 con
1142 2089 1223 2153 tutti
1253 2090 1278 2152 li
1317 2088 1403 2152 boni
1434 2088 1495 2151 voi
1527 2096 1562 2151 et
1587 2086 1608 2147 il

338 2195 460 2258 nuntio
492 2197 558 2259 che
590 2195 633 2258 sii
665 2197 845 2278 gastigato
876 2217 916 2259 se
948 2205 1080 2279 puncto
1118 2197 1346 2260 contraviene
1385 2198 1455 2259 allo
1488 2194 1608 2272 edicto,

338 2301 527 2366 altrimenti
555 2324 593 2365 se
619 2301 692 2366 Sua
715 2304 855 2368 Maesta
878 2304 915 2366 in
939 2325 1023 2368 cosa
1046 2314 1146 2368 tanto
1176 2313 1301 2368 sancta
1336 2314 1372 2368 et
1400 2303 1608 2384 importante

338 2429 409 2473 non
433 2409 462 2472 si
485 2410 523 2472 fa
545 2410 710 2474 ubbidire
735 2411 828 2474 etin
853 2411 1034 2494 presentia
1057 2432 1131 2492 sua,
1156 2413 1222 2475 che
1246 2433 1286 2476 se
1308 2411 1387 2474 fara
1410 2410 1446 2472 in
1467 2411 1488 2471 l'
1508 2409 1610 2473 altre?

337 2517 367 2580 E
390 2516 479 2580 siate
503 2516 648 2580 insieme
672 2519 728 2580 col
751 2518 838 2581 Rdo
864 2517 1069 2582 Caracciolo
1093 2528 1130 2581 et
1156 2518 1322 2581 amendui
1346 2527 1381 2581 et
1405 2520 1547 2580 ciascun
1571 2515 1612 2575 da

338 2644 376 2686 se
400 2623 474 2686 fate
498 2644 598 2687 come
622 2634 746 2706 sapete
770 2635 806 2687 et
829 2626 942 2687 solete
966 2623 1063 2706 fare,
1097 2627 1164 2688 che
1194 2624 1254 2706 gia
1286 2627 1323 2687 la
1345 2643 1454 2687 causa
1477 2643 1547 2687 non
1570 2623 1613 2684 he

336 2729 489 2812 bisogno
513 2730 549 2793 di
573 2730 698 2794 minori
723 2732 899 2796 advocati.

872 2965 1076 2978 mmmm

940 3196 1015 3262 125.

603 3312 1063 3393 vicecancellarius
1094 3312 1348 3393 nicandro.

772 3452 917 3524 (1111111111.
936 3452 1061 3512 German.
1079 3450 1110 3509 1..
1129 3450 1180 3521 at)

805 3563 860 3631 (27.
880 3564 1042 3629 Septembris
1065 3560 1151 3631 1521.)

427 3692 460 3753 A
485 3692 518 3753 le
542 3699 662 3753 vostre
687 3691 731 3752 de
756 3688 813 3751 IX
839 3688 897 3750 del
919 3696 1088 3769 presente
1105 3708 1176 3750 non
1192 3687 1325 3750 accade
1348 3688 1441 3749 altra
1464 3686 1619 3767 risposta

337 3800 403 3863 che
428 3798 546 3879 quella
570 3796 599 3859 si
623 3796 643 3859 ὲ
667 3796 771 3859 solito
794 3796 850 3858 far
865 3816 887 3857 a
902 3803 993 3858 tutte
1008 3797 1186 3874 levcstre,
1212 3795 1440 3857 commendat
1464 3795 1501 3856 la
1525 3792 1619 3871 fede,

336 3904 525 3985 industria,
560 3912 595 3967 et
627 3902 772 3966 solertia
803 3910 925 3965 vostra
948 3902 983 3965 in
1008 3911 1135 3984 questa
1158 3901 1313 3983 impresa
1335 3901 1380 3963 de
1405 3898 1619 3980 extinguere

337 4012 373 4075 in
396 4020 488 4074 tutto
517 4012 552 4073 11
575 4011 745 4073 velenosa
776 4009 898 4089 hidra,
933 4010 968 4073 11
999 4010 1103 4090 quale
1137 4018 1270 4090 quanto
1302 4006 1362 4089 pid
1394 4008 1549 4069 molesta
1586 4014 1620 4067 et

338 4116 503 4199 difficile,
535 4126 634 4180 tanto
666 4136 711 4179 ne
734 4119 883 4179 havrete
907 4132 1079 4198 appresso
1110 4115 1153 4180 N.
1177 4112 1230 4177 Sre
1258 4114 1421 4197 maggior
1449 4115 1560 4177 laude
1586 4121 1621 4176 et

336 4224 452 4309 gloria
476 4227 566 4288 oltre
589 4225 625 4286 la
647 4223 945 4287 remuneratione.

425 4332 528 4396 Circa
552 4333 587 4394 lo
615 4332 728 4395 amico
753 4333 819 4394 che
844 4330 996 4393 scrivete
1020 4333 1086 4393 che
1109 4338 1210 4392 tanto
1234 4347 1327 4391 noce
1342 4329 1619 4405 occultamente,

337 4439 489 4520 bisogna
512 4459 578 4521 per
602 4439 754 4501 addesso
779 4447 951 4500 mostrare
976 4437 1011 4499 di
1036 4457 1106 4500 non
1135 4438 1268 4499 vedere
1291 4443 1327 4498 et
1350 4443 1534 4497 accettare
1558 4453 1623 4515 per

336 4548 455 4608 buono
481 4546 600 4625 quello
625 4545 690 4607 che
715 4544 751 4607 vi
774 4547 821 4608 ha
845 4546 944 4607 detto
969 4552 1006 4607 et
1029 4562 1212 4627 promeseo
1236 4541 1296 4624 pid
1313 4542 1411 4605 volte
1435 4562 1457 4603 a
1479 4543 1621 4623 parole.

337 4652 477 4733 Quanto
502 4673 524 4714 a
547 4654 630 4733 quel
652 4652 791 4717 ribaldo
816 4651 936 4733 priore
961 4650 1027 4712 che
1051 4650 1069 4713 ὲ
1094 4659 1236 4713 tornato
1260 4649 1297 4711 in
1320 4648 1537 4729 Antwersa,
1562 4668 1621 4711 ve·

337 4760 419 4822 dete
444 4780 482 4821 se
505 4778 611 4822 senza
635 4759 804 4821 scandalo
829 4757 857 4819 si
882 4767 1026 4839 potesse
1050 4756 1252 4837 gastigare,
1281 4757 1495 4819 altramente
1521 4755 1624 4819 dissi·

337 4866 467 4928 mulate
495 4886 560 4948 per
584 4866 671 4928 hora
696 4873 732 4927 et
755 4885 862 4947 sopra
890 4874 981 4926 tutto
1010 4862 1041 4926 si
1072 4862 1127 4927 usi
1157 4862 1243 4945 ogni
1276 4862 1434 4925 remedio
1466 4882 1539 4945 per
1572 4882 1624 4927 re·
