3425 5700
643 570 890 629 &wlff-⁰

139 718 245 783 sertim
263 740 346 796 curn
363 719 433 782 hoc
449 718 643 782 remedium
658 720 704 782 ad
721 718 939 801 aliquantum
955 728 1094 800 tempus
1108 715 1242 780 differri
1265 723 1405 797 posset;

139 826 190 889 illa
211 846 295 889 vero
320 826 507 907 superiora
530 846 597 889 nec
622 826 774 909 spatium
798 847 864 889 nec
888 846 1022 889 moram
1050 825 1158 888 ullam
1187 832 1406 906 paterentur.

140 932 245 1013 Quare
268 933 297 996 si
326 935 372 995 ab
396 931 596 997 huiusmodi
624 932 765 1015 optimis
789 932 1010 1015 principibus
1033 941 1070 995 et
1091 932 1170 1013 ipse
1193 928 1407 994 Germaniae

140 1049 322 1103 conventus
346 1041 433 1103 haec
457 1060 516 1102 res
540 1042 603 1103 abs
628 1050 663 1104 te
692 1042 903 1123 postulatur,
938 1060 1008 1103 non
1032 1040 1145 1103 solum
1168 1039 1260 1101 hanc
1284 1056 1407 1100 eorum

140 1145 291 1210 virtutem
323 1155 360 1209 et
393 1146 635 1229 dignissimam
667 1147 762 1211 omni
793 1148 891 1211 laudi
923 1147 1141 1211 voluntatem
1176 1145 1213 1208 in
1252 1144 1406 1207 Domino

140 1254 423 1333 commendamus,
454 1255 517 1317 sed
541 1263 682 1337 gratum
713 1254 859 1337 insuper
891 1255 1063 1317 habemus
1093 1253 1190 1333 quod
1224 1252 1277 1315 rei
1304 1249 1407 1314 nobis

140 1360 316 1423 admodum
355 1360 582 1425 desideratae
612 1362 772 1425 laborem
812 1381 876 1424 sua
908 1360 1094 1442 diligentia
1128 1359 1231 1423 nobis
1270 1358 1407 1421 faciunt

140 1466 306 1531 leviorem.
361 1466 436 1531 Sed
466 1467 554 1531 illud
589 1476 642 1531 est
673 1468 944 1551 diligentissime
976 1467 1329 1531 animadvertendum
1360 1465 1406 1528 de

141 1592 202 1654 quo
230 1583 265 1635 tu
295 1574 399 1638 nobis
431 1594 503 1638 non
534 1574 584 1638 ita
616 1577 722 1658 plene
755 1585 952 1656 aperteque
986 1574 1174 1656 scripsisti,
1212 1594 1294 1636 num
1324 1571 1406 1635 huic

141 1689 252 1743 sancto
274 1680 376 1763 operi
399 1700 521 1745 omnes
545 1680 725 1765 principes
749 1682 809 1763 qui
830 1682 867 1745 in
883 1691 1061 1745 conventu
1078 1682 1194 1744 locum
1209 1698 1406 1760 vocemque

141 1786 291 1851 obtinent
330 1797 402 1851 tam
437 1791 654 1869 temporales
694 1810 799 1871 quam
834 1788 1064 1853 ecclesiastici
1099 1786 1339 1860 consentiant;
1377 1784 1407 1848 si

141 1896 221 1957 enim
244 1914 333 1957 unus
358 1903 412 1959 est
435 1896 573 1959 animus
596 1896 751 1960 omnium
782 1906 817 1960 et
847 1917 917 1959 una
947 1917 989 1960 ac
1018 1896 1244 1960 consentiens
1273 1894 1308 1956 in
1337 1896 1406 1957 hoc

139 1998 183 2062 ita
202 1999 260 2064 fiet
282 2002 475 2083 postulatio
483 2050 492 2083 ,
517 2023 562 2067 ne
585 2012 754 2085 punctum
778 2005 921 2086 quidem
944 2003 1115 2085 temporis
1138 2005 1301 2066 volumus
1325 2021 1346 2062 a
1369 2008 1406 2063 te

140 2127 204 2169 rem
226 2108 377 2188 differri,
407 2108 543 2191 tibique
576 2119 611 2173 et
642 2109 872 2193 praesidendi
894 2110 930 2173 in
953 2110 1031 2191 ipso
1055 2118 1231 2172 conventu
1255 2118 1291 2170 et
1314 2126 1406 2188 quae

138 2212 169 2275 in
191 2233 231 2276 eo
254 2214 399 2278 decreta
430 2217 476 2278 ad
509 2237 694 2281 comunem
717 2216 1007 2281 reformationem
1034 2236 1170 2280 morum
1202 2215 1288 2278 cleri
1319 2213 1405 2277 Ger·
1481 2234 1486 2241 ·

139 2319 243 2383 mania
272 2320 424 2385 fecerint
457 2324 682 2406 approbandi
713 2332 748 2387 et
782 2322 1014 2387 confirmandi
1044 2322 1254 2386 auctoritate
1285 2330 1407 2384 nostra

137 2432 251 2490 tenore
287 2429 528 2511 praesentium
563 2432 716 2513 amplam
752 2439 966 2513 potestatem
1005 2429 1108 2495 simul
1143 2439 1179 2493 et
1200 2428 1405 2492 facultatem

138 2534 368 2607 concedimus;
393 2535 448 2600 sin
472 2548 590 2600 autem
605 2537 784 2619 intelligas
800 2557 871 2600 nou
887 2558 927 2600 re
942 2537 1085 2619 publice
1101 2537 1136 2599 in
1152 2535 1406 2599 discussionem

136 2639 296 2723 adducta,
329 2663 374 2707 ne
408 2663 478 2724 qua
501 2645 683 2708 contentio
707 2644 906 2726 exoriatur,
935 2646 1000 2707 sed
1024 2643 1227 2726 singulatim
1251 2642 1405 2706 omnium

135 2748 368 2813 voluntatibus
401 2751 618 2833 perspectis,
654 2751 809 2833 aliquam
838 2762 975 2834 partem
1000 2770 1253 2831 numerumque
1277 2749 1404 2833 princi-

133 2873 211 2934 pum
236 2866 414 2921 eteorum
440 2859 498 2942 qui
522 2859 733 2923 auctoritate
758 2861 896 2942 pollent
924 2860 969 2922 ab
993 2861 1059 2922 hac
1083 2857 1261 2922 sententia
1293 2878 1403 2921 remo·

132 2969 198 3026 tum
231 2983 324 3046 esse,
353 2965 674 3048 pertimescendum
699 2975 782 3029 tunc
815 2966 919 3030 nobis
942 2965 1101 3049 graviter
1124 2973 1297 3047 essetne,
1322 2965 1404 3027 dum

132 3078 266 3134 veteres
288 3072 483 3136 seditiones
512 3092 558 3137 ex
582 3073 643 3135 illa
667 3072 770 3137 nobis
795 3073 1023 3136 dilectissima
1046 3072 1190 3136 natione
1214 3073 1340 3135 tollere
1369 3081 1405 3135 et

131 3175 306 3259 extirpare
329 3199 567 3262 quereremus,
591 3199 704 3243 novas
727 3179 874 3263 insuper
897 3179 1166 3262 concitaremus,
1191 3180 1286 3260 quod
1300 3178 1405 3242 nobis

130 3303 257 3366 magno
281 3286 406 3368 dolori,
430 3287 518 3368 ipsis
542 3285 729 3351 Germanis
753 3288 857 3370 gravi
872 3287 1085 3350 detrimento
1101 3294 1204 3366 esset,
1226 3305 1317 3367 quae
1334 3305 1404 3349 uno

129 3391 270 3470 quidem
292 3394 374 3475 plus
397 3394 506 3457 multo
531 3414 636 3475 quam
660 3393 832 3458 vellemus
861 3392 1090 3456 dissensionis
1117 3412 1249 3475 genere
1272 3392 1403 3454 iamdu-

128 3496 204 3562 dum
228 3498 365 3562 afflicta
389 3510 454 3564 est.
505 3500 606 3563 Facit
629 3499 722 3564 enim
756 3508 791 3563 et
814 3519 915 3562 amor
937 3508 1132 3582 perpetuus
1155 3498 1191 3561 in
1215 3498 1310 3561 illam
1343 3518 1402 3561 na·

125 3603 253 3669 tionem
285 3617 406 3673 noster
442 3616 477 3671 et
501 3627 544 3670 ea
568 3627 651 3689 spes
687 3608 987 3688 quamhabemus
1015 3607 1125 3687 quod,
1157 3605 1219 3668 illa
1242 3605 1335 3667 inter
1363 3625 1402 3667 se

125 3714 292 3778 concordi
324 3713 360 3778 vi
398 3715 555 3796 placata,
588 3713 779 3778 maximum
810 3713 980 3777 auxillum
1011 3734 1052 3776 ac
1091 3711 1307 3795 praesidium
1336 3711 1402 3775 toti

124 3819 371 3886 christianitati
400 3822 531 3885 debeat
566 3841 644 3885 esse
668 3830 846 3904 paratum,
878 3829 916 3883 ut
939 3818 1153 3883 Germaniae
1189 3820 1402 3900 populorum

122 3928 317 3992 commodis
354 3928 659 4010 incommodisque
691 3949 762 3990 non
803 3930 913 3991 semel
949 3926 1145 3990 afficiamur
1186 3946 1226 3989 ac
1261 3925 1402 3989 nostris.

122 4032 219 4098 Hanc
243 4057 325 4100 rem
353 4046 393 4099 ut
423 4036 591 4119 exquiras
620 4035 812 4118 diligenter
835 4055 878 4098 ac
906 4033 1095 4116 percipias
1126 4032 1288 4096 adhibito
1321 4053 1401 4095 con·

122 4139 193 4204 silio
218 4163 348 4206 eorum
385 4163 474 4225 quos
509 4152 545 4206 et
575 4141 785 4205 auctoritate
818 4150 855 4204 et
884 4141 1075 4223 prudentia
1102 4140 1268 4223 publicae
1298 4139 1403 4202 saluti

120 4248 221 4313 totius
246 4249 468 4315 Germaniae
492 4251 615 4313 favere
639 4249 870 4329 intellexeris,
895 4249 972 4312 cir¹¹¹
997 4257 1079 4310 tuae
1111 4247 1326 4330 iniungimus
1348 4266 1397 4309 ra>

121 4355 349 4440 tionibusque
374 4356 537 4420 omnibus
561 4358 653 4420 ultro
678 4365 714 4420 et
737 4356 826 4419 citro
854 4354 971 4436 dictis,
1005 4353 1035 4418 si
1067 4353 1132 4417 tibi
1161 4354 1211 4416 ita
1240 4353 1404 4417 videatur

121 4461 161 4525 ad
182 4484 249 4530 nos
274 4464 436 4539 referas;
468 4485 533 4528 nos
568 4462 662 4527 enim
685 4464 730 4526 ad
755 4462 873 4526 omnia
896 4464 1046 4526 honesta
1070 4471 1106 4525 et
1129 4461 1298 4524 salutaria
1321 4480 1402 4524 con-

121 4570 208 4652 silia,
251 4573 502 4652 voluntatem,
542 4591 684 4633 manum
720 4569 1031 4633 accomodabimus
1070 4576 1105 4630 et
1143 4567 1402 4632 auctoritatem.

121 4673 215 4759 Quod
240 4679 283 4761 si,
310 4678 394 4742 sine
425 4677 545 4759 aliquo
576 4675 680 4760 gravi
712 4685 818 4756 motu,
857 4696 923 4758 per
952 4676 1157 4758 generalem
1187 4673 1402 4738 Germaniae

121 4795 331 4850 conventum
358 4783 545 4867 provideri
567 4783 649 4847 huic
675 4782 919 4846 reformationi
944 4802 1013 4845 non
1037 4800 1144 4863 posse
1168 4780 1317 4861 videris,
1341 4801 1402 4864 po·

121 4893 196 4958 teris
218 4904 268 4976 tu,
293 4893 328 4957 si
353 4891 407 4954 ita
430 4889 627 4974 expediens
650 4889 766 4971 fuerit,
792 4897 827 4952 et
850 4910 916 4972 per
939 4900 975 4951 te
999 4897 1036 4952 et
1058 4909 1124 4971 per
1147 4888 1290 4953 eosdem
1315 4886 1402 4970 opti·
