3425 5700
782 567 840 628 11«Β
880 565 1029 628 soso*

265 738 363 784 arnor
381 718 424 783 de
449 720 484 783 la
507 718 662 801 natione,
688 722 770 801 qual
794 720 887 783 vede
912 719 1090 802 pericolar
1113 718 1189 781 solo
1213 736 1280 801 per
1293 737 1484 781 mancanza
1503 714 1552 779 de

265 828 374 890 buoni
399 828 626 909 predicatori,
651 848 690 889 se
715 826 880 889 offerisce
904 848 925 889 a
949 827 1114 908 predicar
1138 827 1253 908 prima
1280 826 1315 888 in
1339 829 1374 888 la
1398 847 1461 889 sua
1487 846 1550 905 pa-

264 936 333 997 tria
357 946 393 997 et
416 935 472 997 fra
496 934 602 1016 pochi
626 935 712 996 mesi
737 936 895 997 anchora
927 933 962 995 in
992 953 1110 995 mezzo
1145 933 1180 994 di
1212 932 1449 1013 Nurenberga
1482 934 1553 993 che

267 1041 339 1107 cosi
364 1045 411 1104 ha
434 1042 692 1104 intendimento
718 1061 783 1103 con
817 1062 888 1103 una
920 1061 1009 1122 gran
1042 1051 1144 1121 parte
1178 1050 1213 1101 et
1242 1039 1299 1100 dei
1328 1039 1479 1121 migliori
1513 1039 1551 1099 di

265 1151 383 1231 quella
398 1159 508 1219 terra:
534 1151 625 1211 onde
643 1148 692 1211 lui
708 1150 873 1211 havendo
892 1150 1065 1228 mogliera
1080 1149 1184 1227 quale
1202 1166 1306 1226 prese
1324 1146 1383 1227 gii
1400 1145 1551 1226 vergine

266 1267 302 1319 et
337 1258 469 1318 anchor
503 1275 642 1318 nonne
671 1258 717 1317 ha
740 1254 905 1337 figliuoli,
932 1254 1092 1336 supplica
1124 1275 1145 1315 a
1170 1253 1213 1313 V.
1240 1252 1293 1314 δ’*
1316 1255 1352 1314 la
1383 1253 1412 1314 si
1439 1252 1551 1332 degni

267 1362 469 1425 concederli
494 1362 610 1443 gratia
635 1362 670 1423 di
694 1383 820 1443 posser
836 1362 1023 1443 predicare
1048 1381 1114 1422 con
1139 1360 1308 1440 dispensa
1332 1370 1367 1421 et
1391 1360 1448 1421 del
1478 1380 1550 1421 ma-

265 1468 428 1531 trimonio
454 1470 557 1530 etde
591 1469 625 1530 la
657 1467 732 1531 vita
755 1471 930 1541 secolare;
960 1468 1170 1549 supplicone
1195 1470 1328 1529 anchor
1357 1465 1391 1527 io
1416 1478 1552 1547 quanto

265 1596 386 1657 posso,
416 1576 481 1638 che
510 1576 602 1637 vedo
635 1577 669 1637 la
700 1596 784 1639 cosa
808 1596 907 1637 esser
932 1575 967 1635 di
991 1577 1127 1655 grande
1153 1586 1187 1636 et
1212 1574 1335 1635 ottimo
1360 1573 1549 1654 proposito

267 1692 302 1743 et
328 1684 393 1743 che
418 1682 480 1743 tali
504 1681 719 1743 offerendosi
748 1702 819 1743 non
851 1684 928 1743 solo
960 1681 1132 1743 meriteno
1164 1701 1262 1743 esser
1292 1680 1459 1741 accettati
1491 1700 1553 1741 ma

268 1788 399 1851 cereati
425 1798 460 1849 et
484 1808 550 1849 con
575 1789 715 1849 honesti
740 1787 865 1869 premii
890 1789 1065 1851 conciliati
1097 1788 1132 1849 in
1166 1788 1281 1868 questi
1312 1788 1432 1868 tempi.
1482 1786 1554 1849 Lui

265 1917 325 1958 era
349 1896 383 1957 in
410 1895 525 1957 animo
552 1894 736 1957 conferirsi
760 1896 796 1957 in
821 1896 941 1959 Roma
965 1916 1030 1977 per
1053 1915 1180 1976 posses
1196 1895 1326 1975 meglio
1344 1895 1546 1975 exprimere

265 2006 299 2065 la
323 2002 480 2064 divotion
506 2022 580 2064 sua.
629 2003 661 2063 A
687 2023 741 2064 me
767 2003 784 2065 ὁ
817 2022 924 2084 perso
949 2001 1217 2063 dissuadernelo
1246 2001 1346 2063 accio
1376 2002 1400 2063 li
1432 2001 1552 2079 emuli,

266 2110 361 2191 quali
387 2112 495 2171 molto
519 2109 543 2171 il
568 2119 718 2189 temen0,
744 2130 813 2171 non
839 2108 972 2171 habino
996 2107 1056 2188 poi
1081 2108 1199 2169 subito
1224 2107 1410 2169 occasione
1426 2108 1462 2168 di
1477 2108 1550 2188 gri-

267 2219 354 2279 dare
385 2219 418 2278 al
448 2217 603 2297 Pop010,
640 2217 705 2277 che
740 2218 933 2278 subornato
967 2217 1012 2275 da
1046 2215 1170 2295 premii
1203 2216 1295 2277 torni
1329 2236 1349 2276 a
1379 2214 1548 2295 predicar

263 2336 386 2387 contra
409 2325 445 2385 la
468 2322 551 2385 fede
577 2323 795 2404 evangelica,
821 2342 920 2385 come
945 2324 999 2383 lor
1023 2322 1162 2383 dicano.
1210 2321 1253 2384 V.
1272 2320 1324 2381 8¹⁸
1342 2322 1455 2402 potui,
1472 2321 1549 2402 pia·

263 2431 422 2509 cendoli,
455 2429 655 2491 informarsi
681 2430 716 2491 di
740 2430 852 2493 costui
878 2432 924 2489 da
953 2428 1015 2491 Μ’.
1040 2428 1175 2506 Ja'cobo
1201 2427 1337 2508 Zigler,
1369 2429 1450 2507 qual
1480 2448 1551 2507 per

265 2558 383 2601 essere
408 2539 542 2599 anchor
566 2536 613 2597 lui
638 2537 767 2598 huomo
792 2536 990 2598 dottissimo
1016 2547 1051 2596 et
1075 2538 1205 2612 buono,
1230 2556 1301 2595 non
1326 2535 1450 2596 dubito
1466 2537 1550 2596 chel

265 2644 318 2707 sia
341 2646 574 2725 cognosciuto
611 2645 655 2704 da
680 2643 722 2704 V.
750 2642 800 2705 S¹l
825 2665 845 2705 a
879 2644 901 2705 li
931 2642 1028 2724 piedi
1059 2645 1103 2703 de
1128 2645 1163 2703 la
1187 2643 1291 2722 quale
1316 2640 1550 2703 humilmente

268 2772 323 2813 me
348 2752 573 2827 ricomand0,
610 2760 645 2811 et
680 2750 807 2831 priego
839 2751 908 2812 Dio
941 2753 975 2811 la
1002 2749 1165 2811 conservi
1196 2751 1423 2829 longamente
1448 2761 1482 2811 et
1509 2749 1545 2811 in

265 2860 368 2921 selice
394 2869 496 2921 stato.
547 2857 602 2918 lla
626 2855 855 2938 Onospachio
880 2860 936 2920 nel
963 2857 1077 2917 XXV
1102 2856 1136 2916 di
1164 2858 1326 2936 Augusto
1343 2855 1547 2918 Moxxt'.

427 2965 470 3026 lli
496 2965 541 3026 V.
562 2961 629 3025 8¹³1.
1060 2995 1064 3002 ·

1002 3071 1198 3119 Humillissinro
1218 3071 1351 3118 Servilore

856 3160 896 3220 1ο.
916 3161 1031 3222 allent
1051 3159 1198 3221 luthero
1217 3158 1475 3230 tirrannum.

867 3642 942 3707 250.

701 3757 912 3860 Campegius
941 3758 1114 3838 Sadoleto.

673 3907 814 3975 (Nuntiat.
840 3905 966 3964 German
984 3906 1060 3964 Lm
1078 3906 1149 3975 tto.)

761 4026 815 4089 (27·
836 4027 951 4088 Augusti
975 4030 1059 4088 1525.)

358 4163 429 4225 Alli
454 4159 585 4224 XXVI
610 4159 645 4221 di
671 4171 795 4240 questo
826 4181 844 4222 a
870 4169 968 4221 notte
992 4160 1102 4221 hebbi
1125 4161 1158 4221 le
1183 4161 1219 4220 di
1247 4159 1287 4222 V.
1321 4160 1357 4222 S.
1389 4161 1433 4221 de
1467 4161 1550 4222 XX

267 4291 332 4332 con
357 4272 391 4332 la
416 4270 517 4350 copia
542 4270 587 4330 de
612 4271 644 4329 le
669 4269 795 4329 lettere
821 4268 879 4328 del
903 4266 1134 4345 Tridentino,
1169 4268 1202 4328 le
1234 4266 1328 4346 quali
1364 4271 1434 4328 ben
1459 4269 1552 4328 lette

267 4387 302 4438 et
326 4377 567 4453 considerate,
598 4375 692 4437 circa
716 4377 749 4436 le
783 4374 922 4454 ragioni
958 4374 1023 4434 che
1058 4375 1091 4435 le
1128 4374 1315 4435 adducono
1351 4373 1481 4454 perche
1518 4374 1552 4436 si

267 4485 385 4546 debba
409 4483 579 4545 mandare
604 4481 639 4543 ld
664 4483 753 4543 oltre
778 4501 824 4542 un
850 4481 1002 4561 Legat0,
1028 4481 1182 4541 anchora
1208 4479 1274 4540 che
1297 4482 1332 4540 le
1355 4479 1484 4560 palano
1510 4481 1551 4542 di

267 4590 417 4671 qualche
442 4589 632 4666 evidentia,
657 4607 724 4669 pur
748 4609 768 4649 a
793 4587 869 4649 dire
901 4587 1134 4648 liberamento
1158 4588 1193 4648 la
1224 4585 1391 4666 opinione
1422 4587 1493 4648 mia
1525 4609 1553 4650 a

267 4717 322 4758 me
346 4715 416 4758 non
442 4695 638 4758 satisfanno
664 4703 699 4757 et
722 4695 996 4757 maximamente
1022 4703 1154 4774 quanto
1178 4713 1200 4754 a
1217 4693 1298 4774 quel
1314 4691 1553 4756 fondamento

267 4801 332 4866 che
356 4806 444 4866 hora
469 4803 502 4865 le
527 4823 609 4864 cose
634 4822 704 4864 non
730 4802 828 4863 sieno
854 4802 889 4863 in
916 4799 996 4883 quei
1020 4799 1123 4881 primi
1147 4799 1298 4878 termini,
1323 4820 1379 4861 ma
1395 4801 1462 4861 che
1479 4822 1554 4862 am·

271 4909 452 4974 maestrati
475 4909 534 4992 gii
559 4909 640 4991 quei
664 4907 787 4990 populi
813 4910 859 4970 da
884 4909 917 4969 le
942 4906 1192 4969 incommoditit
1223 4917 1258 4967 et
1282 4906 1389 4969 donni
1412 4909 1556 4988 passati
