3425 5700
684 607 913 664 o<Mitte-0

165 752 326 833 pestifere
355 771 577 834 quocumque
606 773 793 834 possumus
817 755 977 818 remedio
1002 755 1147 817 salutari
1172 775 1359 818 occurrere
1383 775 1438 817 cu-

165 859 307 942 pientes,
340 868 375 922 et
398 879 442 922 ne
471 860 673 923 huiusmodi
703 863 847 924 morbus
877 861 1049 942 pestilens
1080 874 1265 924 excrescat
1292 861 1439 924 ulterius

165 969 220 1029 sed
245 977 464 1047 cooperante
488 966 630 1030 domino
645 968 816 1030 radicitus
833 971 1016 1048 evellatur,
1043 969 1232 1032 salubriter
1247 969 1438 1050 providere

166 1077 331 1154 volentes,
355 1093 396 1135 ac
418 1084 603 1155 sperantes
619 1075 714 1155 quod
740 1075 1010 1157 circumspectio
1034 1085 1094 1138 tua
1119 1077 1281 1157 Alberte,
1305 1096 1439 1138 memor

165 1182 270 1262 galeri
293 1181 393 1243 istius
417 1179 520 1243 rubei
543 1201 647 1262 quem
671 1190 793 1264 gestas
817 1181 1019 1263 significare
1043 1192 1081 1244 ut
1108 1203 1174 1264 pro
1199 1181 1283 1245 fidei
1308 1182 1438 1245 Christi

165 1291 292 1352 honore
316 1287 526 1368 sanguinem
550 1287 733 1352 effundere
758 1308 827 1352 non
852 1290 1004 1369 dubites,
1028 1309 1093 1370 per
1116 1299 1176 1351 tue
1193 1289 1438 1353 sollicitudinis

166 1396 309 1458 studium
333 1397 452 1458 labem
475 1394 674 1458 huiusmodi
700 1396 882 1478 extirpare
907 1404 943 1457 et
966 1397 1165 1459 ortodoxae
1186 1395 1269 1458 fidei
1284 1396 1437 1458 fructuo-

166 1525 215 1566 sos
246 1503 409 1585 palmites
440 1504 604 1584 plantare
632 1523 698 1585 pro
722 1514 783 1566 tua
807 1501 900 1565 virili
925 1503 1120 1566 conaberis.
1168 1503 1223 1566 De
1246 1513 1307 1564 tua
1330 1503 1438 1583 igitur

165 1611 472 1693 circumspectione
497 1610 687 1692 prudentia
711 1630 753 1672 ac
777 1609 948 1691 singulari
972 1611 1134 1673 doctrina
1164 1629 1353 1691 rerumque
1379 1629 1437 1671 ex-

167 1718 346 1799 perientia,
377 1736 516 1780 necnon
540 1717 576 1780 in
601 1737 666 1779 nos
700 1729 735 1779 et
766 1719 887 1780 sedem
919 1717 1152 1798 apostolicam
1184 1717 1375 1779 devotione
1402 1725 1438 1778 et

166 1823 228 1887 lide
251 1825 414 1887 fiduciam
437 1825 626 1904 habentes,
659 1832 694 1886 te
720 1833 844 1887 contra
867 1826 959 1886 hanc
983 1834 1022 1886 ut
1045 1821 1260 1906 premittitur
1283 1821 1436 1884 heresim

167 1934 274 1995 labem
302 1942 338 1995 et
369 1940 506 2013 pestem
538 1930 638 1994 acin
664 1951 706 1994 ea
730 1929 998 2012 quomodolibet
1022 1928 1218 2011 culpabiles
1242 1928 1437 1992 existentes

168 2041 362 2119 generalem
394 2039 429 2101 in
463 2048 539 2102 tota
571 2039 755 2121 germania
788 2037 1031 2120 inquisitorem
1063 2037 1220 2100 heretice
1251 2035 1438 2117 pravitatis

167 2146 356 2209 huiusmodi
389 2145 538 2209 facimus
567 2145 811 2209 constituimus
844 2165 1005 2209 creamus
1039 2154 1075 2206 et
1103 2143 1325 2226 deputamuS,
1358 2162 1436 2204 curn

167 2255 272 2334 plenis
294 2253 526 2316 facultatibus
551 2262 586 2316 et
609 2263 788 2334 potestate
813 2273 882 2334 que
906 2253 941 2314 in
966 2252 1137 2314 similibus
1161 2272 1182 2312 a
1204 2251 1290 2330 Jure
1313 2269 1436 2312 conce·

168 2361 288 2424 duntur
319 2381 360 2424 ac
392 2359 471 2422 aliis
502 2359 757 2423 infradicendis
789 2379 928 2423 necnon
959 2359 1024 2421 tibi
1050 2369 1086 2420 et
1110 2359 1211 2420 vobis
1234 2357 1370 2420 nunciis
1394 2376 1437 2418 ac

168 2467 304 2531 notariis
328 2465 477 2548 prefatis
502 2476 538 2530 et
561 2475 717 2529 vestrum
743 2467 890 2530 cuilibet
914 2476 1037 2528 contra
1062 2466 1206 2527 eosdem
1229 2464 1278 2527 M.
1294 2463 1353 2528 W.
1380 2463 1436 2529 Ul.

169 2581 200 2634 et
221 2574 270 2637 La
292 2575 346 2655 Jo.
371 2571 448 2660 (sic)
472 2593 513 2636 ac
538 2572 627 2635 alios
657 2593 745 2654 quos
769 2573 947 2636 hereticos
971 2572 1049 2635 fore
1081 2579 1116 2634 et
1144 2591 1223 2634 esse
1251 2591 1317 2652 per
1350 2570 1438 2632 alias

169 2691 297 2743 nostras
340 2681 478 2744 litteras
516 2680 774 2744 declaravimus
814 2689 850 2742 et
881 2680 917 2742 in
954 2678 1152 2742 litterarum
1184 2677 1437 2741 declarationis

167 2785 355 2852 huiusmodi
387 2787 628 2870 publicatione
659 2785 834 2850 nominari
873 2806 979 2869 posse
1018 2785 1211 2867 voluimus,
1244 2804 1437 2866 eorumque

169 2896 371 2959 adherentes
396 2896 588 2976 complices
613 2905 648 2957 et
671 2894 830 2958 fautores
854 2905 960 2975 atque
985 2903 1230 2975 receptatores
1246 2892 1436 2956 cuiuscum-

169 3019 231 3080 que
254 3012 363 3065 status
387 3003 521 3083 gradus
545 3002 679 3064 ordinis
704 3000 918 3064 conditionis
942 3004 999 3063 vel
1016 3000 1253 3083 preminentia
1277 3000 1383 3063 etiam
1408 2999 1436 3061 si

169 3105 293 3189 imperii
319 3111 504 3189 electoreS,
537 3116 572 3170 et
595 3109 865 3171 communitates
896 3107 1145 3170 universitates
1176 3117 1213 3169 et
1245 3106 1435 3187 municipia

169 3212 297 3296 fuerint,
322 3216 525 3297 ubicunque
549 3216 706 3278 locorum
732 3236 793 3279 eos
818 3236 896 3278 esse
920 3214 1165 3296 compereritis
1190 3214 1322 3295 agendi
1356 3233 1434 3294 pro·

170 3323 309 3387 cedendi
342 3344 475 3405 eosque
507 3322 671 3404 capiendi
704 3342 745 3385 ac
777 3322 981 3385 carceribus
1012 3320 1237 3403 mancipandi
1270 3330 1305 3382 et
1335 3320 1436 3381 iuxta

171 3430 350 3493 canonicas
375 3427 587 3492 Sanctiones
612 3438 647 3491 et
672 3439 873 3492 sanctorum
898 3438 1039 3511 patrum
1062 3427 1223 3491 instituta
1250 3437 1357 3509 prout
1381 3448 1435 3489 cu·

170 3532 285 3616 iusque
310 3537 462 3619 qualitas
487 3535 606 3599 delicti
631 3536 795 3616 exegerit
818 3536 989 3619 puniendi
1013 3544 1048 3599 et
1071 3536 1253 3597 brachium
1278 3536 1437 3597 seculare

170 3650 201 3701 et
223 3642 415 3726 Imperiale,
446 3644 476 3707 si
500 3664 589 3725 opus
613 3643 731 3723 fuerit,
764 3654 890 3706 contra
914 3645 1058 3707 eosdem
1081 3642 1272 3706 invocandi
1297 3662 1434 3706 necnon

170 3748 211 3807 ad
233 3750 389 3814 veritatis
421 3752 538 3813 lumen
563 3751 680 3813 redire
710 3759 745 3812 et
769 3750 968 3813 huiusmodi
992 3750 1143 3813 heresim
1178 3750 1343 3813 abiurare
1376 3768 1435 3811 vo-

170 3853 275 3915 lentes
296 3857 323 3919 si
349 3857 438 3919 alias
461 3857 593 3939 relapsi
618 3877 689 3919 non
714 3856 855 3937 fuerint,
879 3867 1026 3939 recepta
1049 3861 1096 3920 ab
1120 3858 1171 3920 eis
1195 3858 1308 3939 prima
1339 3856 1434 3919 abiu-

171 3960 295 4025 ratione
318 3964 454 4027 heresis
487 3974 523 4027 et
547 3984 705 4026 errorum
728 3964 929 4027 huiusmodi
952 3964 1109 4045 legitime
1142 3975 1178 4027 et
1209 3964 1352 4045 publice
1384 3964 1432 4025 fa·

171 4065 287 4131 cienda
306 4072 538 4153 prestitoque,
558 4090 623 4152 per
640 4091 702 4133 eos
718 4072 924 4150 Juramento
949 4072 1044 4152 quod
1069 4072 1155 4133 talia
1170 4071 1339 4152 deinceps
1364 4091 1433 4133 non

171 4176 386 4257 committent,
411 4198 476 4241 nec
500 4178 586 4241 talia
615 4180 672 4241 vel
696 4178 784 4241 alias
808 4178 875 4241 hiis
898 4179 1026 4241 similia
1049 4178 1348 4240 committentibus
1373 4198 1435 4240 seu

171 4280 413 4347 adherentibus
429 4285 596 4347 auxilium
622 4285 805 4347 consilium
831 4287 888 4347 vel
911 4286 1071 4348 favorem
1094 4306 1161 4367 per
1185 4306 1222 4347 se
1246 4288 1304 4348 vel
1328 4285 1434 4347 alium

171 4404 227 4447 seu
258 4390 339 4453 alios
372 4395 584 4473 prestabunt
614 4402 649 4454 et
685 4392 773 4454 alias
796 4390 831 4453 in
856 4392 971 4454 forma
996 4392 1146 4455 ecclesie
1171 4401 1351 4473 consueta,
1377 4412 1434 4453 ex·

171 4493 276 4573 ceptis
301 4506 415 4560 tamen
447 4498 536 4561 Mar.
562 4497 633 4561 Wi.
659 4508 694 4560 et
720 4498 842 4561 Ulrico
868 4508 903 4561 et
926 4500 981 4577 Jo.
1005 4498 1192 4581 predictis:
1226 4518 1373 4579 quorum
1399 4509 1434 4560 et

172 4599 343 4667 cuiuslibet
359 4624 480 4667 eorum
497 4615 675 4685 tamquam
701 4605 816 4686 magis
833 4606 972 4669 notorie
996 4606 1226 4688 culpabilium
1243 4606 1432 4668 absolutio·

172 4724 254 4785 nem,
278 4711 303 4770 si
325 4733 400 4775 eam
425 4712 603 4775 humiliter
626 4722 662 4775 et
685 4713 720 4774 in
746 4712 862 4775 forma
885 4712 979 4793 Juris
1002 4723 1126 4795 petere
1152 4712 1338 4793 voluerint,
1373 4734 1431 4775 no-

172 4810 220 4873 bis
242 4823 276 4875 et
297 4820 368 4881 sedi
394 4820 590 4902 apostolice
623 4820 828 4901 specialiter
852 4832 888 4883 et
922 4841 1093 4903 expresse
1116 4840 1341 4883 reservamus
1374 4823 1433 4883 ab·

174 4920 320 4989 solvendi
343 4938 377 4991 et
402 4928 447 4990 ad
472 4938 628 4991 nostrum
654 4938 688 4991 et
713 4926 869 4991 eiusdem
895 4929 989 4992 sedis
1006 4928 1179 5012 gremium
1204 4948 1341 4991 necnon
1355 4947 1432 5008 gra·

1242 5034 1275 5090 2‘
