<?xml version="1.0" encoding="UTF-8"?>
<!DOCTYPE html PUBLIC "-//W3C//DTD XHTML 1.0 Transitional//EN"
    "http://www.w3.org/TR/xhtml1/DTD/xhtml1-transitional.dtd">
<html xmlns="http://www.w3.org/1999/xhtml" xml:lang="en" lang="en">
 <head>
  <title>
</title>
<meta http-equiv="Content-Type" content="text/html;charset=utf-8" />
  <meta name='ocr-system' content='tesseract 3.04.00' />
  <meta name='ocr-capabilities' content='ocr_page ocr_carea ocr_par ocr_line ocrx_word'/>
</head>
<body>
  <div class='ocr_page' id='page_1' title='image "./monumentareform00unkngoog/monumentareform00unkngoog_0425.png"; bbox 0 0 3425 5700; ppageno 0'>
   <div class='ocr_carea' id='block_1_1' title="bbox 616 538 863 602">
    <p class='ocr_par' dir='ltr' id='par_1_1' title="bbox 616 538 863 602">
     <span class='ocr_line' id='line_1_1' title="bbox 616 538 863 602; baseline -0.012 0"><span class='ocrx_word' id='word_1_1' title='bbox 616 538 863 602; x_wconf 45' lang='grc' dir='ltr'>ο433838»0</span> 
     </span>
    </p>
   </div>
   <div class='ocr_carea' id='block_1_2' title="bbox 118 686 1385 2266">
    <p class='ocr_par' dir='ltr' id='par_1_2' title="bbox 118 686 1383 1839">
     <span class='ocr_line' id='line_1_2' title="bbox 191 686 1377 775; baseline 0.003 -25"><span class='ocrx_word' id='word_1_2' title='bbox 191 686 229 751; x_wconf 90' lang='lat' dir='ltr'>Io</span> <span class='ocrx_word' id='word_1_3' title='bbox 251 709 298 753; x_wconf 93' lang='lat' dir='ltr'>vo</span> <span class='ocrx_word' id='word_1_4' title='bbox 323 710 391 772; x_wconf 90' lang='lat' dir='ltr'>pur</span> <span class='ocrx_word' id='word_1_5' title='bbox 413 690 633 755; x_wconf 89' lang='lat' dir='ltr'>intendendo</span> <span class='ocrx_word' id='word_1_6' title='bbox 657 692 723 755; x_wconf 87' lang='lat' dir='ltr'>che</span> <span class='ocrx_word' id='word_1_7' title='bbox 749 692 847 755; x_wconf 90' lang='lat' dir='ltr'>molti</span> <span class='ocrx_word' id='word_1_8' title='bbox 871 692 908 755; x_wconf 93' lang='lat' dir='ltr'>di</span> <span class='ocrx_word' id='word_1_9' title='bbox 932 691 1048 775; x_wconf 87' lang='lat' dir='ltr'><strong>questi</strong></span> <span class='ocrx_word' id='word_1_10' title='bbox 1070 691 1224 775; x_wconf 82' lang='lat' dir='ltr'>principi</span> <span class='ocrx_word' id='word_1_11' title='bbox 1240 692 1276 754; x_wconf 93' lang='lat' dir='ltr'>di</span> <span class='ocrx_word' id='word_1_12' title='bbox 1291 690 1377 756; x_wconf 88' lang='lat' dir='ltr'>Ger·</span> 
     </span>
     <span class='ocr_line' id='line_1_3' title="bbox 118 795 1377 881; baseline 0.005 -25"><span class='ocrx_word' id='word_1_13' title='bbox 118 795 218 859; x_wconf 91' lang='lat' dir='ltr'>mania</span> <span class='ocrx_word' id='word_1_14' title='bbox 240 806 367 861; x_wconf 87' lang='lat' dir='ltr'>stanno</span> <span class='ocrx_word' id='word_1_15' title='bbox 392 818 459 861; x_wconf 92' lang='lat' dir='ltr'>con</span> <span class='ocrx_word' id='word_1_16' title='bbox 484 798 533 879; x_wconf 88' lang='lat' dir='ltr'>gli</span> <span class='ocrx_word' id='word_1_17' title='bbox 558 800 659 862; x_wconf 90' lang='lat' dir='ltr'>occhi</span> <span class='ocrx_word' id='word_1_18' title='bbox 684 800 798 881; x_wconf 89' lang='lat' dir='ltr'>aperti</span> <span class='ocrx_word' id='word_1_19' title='bbox 823 821 844 862; x_wconf 88' lang='lat' dir='ltr'>a</span> <span class='ocrx_word' id='word_1_20' title='bbox 867 801 1000 863; x_wconf 86' lang='lat' dir='ltr'>vedere</span> <span class='ocrx_word' id='word_1_21' title='bbox 1023 820 1062 863; x_wconf 92' lang='lat' dir='ltr'>se</span> <span class='ocrx_word' id='word_1_22' title='bbox 1086 802 1119 862; x_wconf 89' lang='lat' dir='ltr'>le</span> <span class='ocrx_word' id='word_1_23' title='bbox 1144 820 1227 863; x_wconf 89' lang='lat' dir='ltr'>cose</span> <span class='ocrx_word' id='word_1_24' title='bbox 1256 800 1292 862; x_wconf 93' lang='lat' dir='ltr'>di</span> <span class='ocrx_word' id='word_1_25' title='bbox 1316 799 1377 863; x_wconf 85' lang='lat' dir='ltr'>Ce-</span> 
     </span>
     <span class='ocr_line' id='line_1_4' title="bbox 118 904 1379 990; baseline 0.004 -27"><span class='ocrx_word' id='word_1_26' title='bbox 118 922 183 965; x_wconf 88' lang='lat' dir='ltr'>sare</span> <span class='ocrx_word' id='word_1_27' title='bbox 206 923 271 967; x_wconf 89' lang='lat' dir='ltr'>con</span> <span class='ocrx_word' id='word_1_28' title='bbox 288 904 425 967; x_wconf 89' lang='lat' dir='ltr'>Franza</span> <span class='ocrx_word' id='word_1_29' title='bbox 450 906 698 985; x_wconf 82' lang='lat' dir='ltr'>declinassino,</span> <span class='ocrx_word' id='word_1_30' title='bbox 723 926 789 969; x_wconf 92' lang='lat' dir='ltr'>eon</span> <span class='ocrx_word' id='word_1_31' title='bbox 811 907 980 989; x_wconf 87' lang='lat' dir='ltr'>dissegno</span> <span class='ocrx_word' id='word_1_32' title='bbox 997 908 1063 969; x_wconf 90' lang='lat' dir='ltr'>che</span> <span class='ocrx_word' id='word_1_33' title='bbox 1079 908 1220 990; x_wconf 89' lang='lat' dir='ltr'>quando</span> <span class='ocrx_word' id='word_1_34' title='bbox 1238 906 1379 970; x_wconf 90' lang='lat' dir='ltr'>vedano</span> 
     </span>
     <span class='ocr_line' id='line_1_5' title="bbox 119 1008 1380 1094; baseline 0.004 -24"><span class='ocrx_word' id='word_1_35' title='bbox 119 1010 172 1071; x_wconf 90' lang='lat' dir='ltr'>che</span> <span class='ocrx_word' id='word_1_36' title='bbox 193 1008 243 1071; x_wconf 92' lang='lat' dir='ltr'>sia</span> <span class='ocrx_word' id='word_1_37' title='bbox 266 1031 331 1093; x_wconf 89' lang='lat' dir='ltr'>per</span> <span class='ocrx_word' id='word_1_38' title='bbox 358 1032 477 1075; x_wconf 87' lang='lat' dir='ltr'>essere</span> <span class='ocrx_word' id='word_1_39' title='bbox 502 1024 676 1093; x_wconf 86' lang='lat' dir='ltr'>occupato</span> <span class='ocrx_word' id='word_1_40' title='bbox 707 1018 735 1075; x_wconf 83' lang='lat' dir='ltr'>sl</span> <span class='ocrx_word' id='word_1_41' title='bbox 769 1014 834 1075; x_wconf 91' lang='lat' dir='ltr'>che</span> <span class='ocrx_word' id='word_1_42' title='bbox 857 1014 880 1075; x_wconf 87' lang='lat' dir='ltr'>&#39;l</span> <span class='ocrx_word' id='word_1_43' title='bbox 915 1034 985 1077; x_wconf 91' lang='lat' dir='ltr'>non</span> <span class='ocrx_word' id='word_1_44' title='bbox 1019 1023 1162 1094; x_wconf 83' lang='lat' dir='ltr'>potesse</span> <span class='ocrx_word' id='word_1_45' title='bbox 1191 1012 1312 1077; x_wconf 90' lang='lat' dir='ltr'>venire</span> <span class='ocrx_word' id='word_1_46' title='bbox 1343 1012 1380 1075; x_wconf 93' lang='lat' dir='ltr'>in</span> 
     </span>
     <span class='ocr_line' id='line_1_6' title="bbox 119 1114 1381 1201; baseline 0.002 -24"><span class='ocrx_word' id='word_1_47' title='bbox 119 1114 292 1180; x_wconf 84' lang='lat' dir='ltr'>Germania</span> <span class='ocrx_word' id='word_1_48' title='bbox 315 1119 381 1181; x_wconf 91' lang='lat' dir='ltr'>che</span> <span class='ocrx_word' id='word_1_49' title='bbox 407 1121 441 1182; x_wconf 92' lang='lat' dir='ltr'>lo</span> <span class='ocrx_word' id='word_1_50' title='bbox 471 1117 794 1183; x_wconf 88' lang='lat' dir='ltr'>ricercharebbono</span> <span class='ocrx_word' id='word_1_51' title='bbox 830 1121 876 1182; x_wconf 91' lang='lat' dir='ltr'>ad</span> <span class='ocrx_word' id='word_1_52' title='bbox 910 1122 1010 1183; x_wconf 89' lang='lat' dir='ltr'>voler</span> <span class='ocrx_word' id='word_1_53' title='bbox 1042 1118 1163 1183; x_wconf 90' lang='lat' dir='ltr'>venire</span> <span class='ocrx_word' id='word_1_54' title='bbox 1199 1129 1259 1181; x_wconf 90' lang='lat' dir='ltr'>aut</span> <span class='ocrx_word' id='word_1_55' title='bbox 1293 1118 1381 1201; x_wconf 92' lang='lat' dir='ltr'>ipsis</span> 
     </span>
     <span class='ocr_line' id='line_1_7' title="bbox 119 1223 1381 1309; baseline 0.002 -25"><span class='ocrx_word' id='word_1_56' title='bbox 119 1223 286 1304; x_wconf 85' lang='lat' dir='ltr'>resignare</span> <span class='ocrx_word' id='word_1_57' title='bbox 303 1224 490 1307; x_wconf 89' lang='lat' dir='ltr'>imperium</span> <span class='ocrx_word' id='word_1_58' title='bbox 515 1244 580 1306; x_wconf 86' lang='lat' dir='ltr'>per</span> <span class='ocrx_word' id='word_1_59' title='bbox 605 1228 774 1309; x_wconf 88' lang='lat' dir='ltr'>eleggere</span> <span class='ocrx_word' id='word_1_60' title='bbox 799 1246 842 1289; x_wconf 89' lang='lat' dir='ltr'>un</span> <span class='ocrx_word' id='word_1_61' title='bbox 868 1228 967 1289; x_wconf 74' lang='lat' dir='ltr'>altro‘</span> <span class='ocrx_word' id='word_1_62' title='bbox 984 1226 1168 1309; x_wconf 87' lang='lat' dir='ltr'>pigliando</span> <span class='ocrx_word' id='word_1_63' title='bbox 1192 1246 1258 1308; x_wconf 93' lang='lat' dir='ltr'>per</span> <span class='ocrx_word' id='word_1_64' title='bbox 1282 1245 1381 1289; x_wconf 89' lang='lat' dir='ltr'>occa·</span> 
     </span>
     <span class='ocr_line' id='line_1_8' title="bbox 119 1328 1381 1396; baseline 0.002 -6"><span class='ocrx_word' id='word_1_65' title='bbox 119 1328 203 1391; x_wconf 87' lang='lat' dir='ltr'>sione</span> <span class='ocrx_word' id='word_1_66' title='bbox 227 1339 262 1392; x_wconf 86' lang='lat' dir='ltr'>et</span> <span class='ocrx_word' id='word_1_67' title='bbox 286 1331 516 1395; x_wconf 84' lang='lat' dir='ltr'>fondamento</span> <span class='ocrx_word' id='word_1_68' title='bbox 541 1333 575 1394; x_wconf 91' lang='lat' dir='ltr'>la</span> <span class='ocrx_word' id='word_1_69' title='bbox 591 1332 818 1396; x_wconf 61' lang='lat' dir='ltr'>&#39;dissensione</span> <span class='ocrx_word' id='word_1_70' title='bbox 843 1333 880 1394; x_wconf 92' lang='lat' dir='ltr'>di</span> <span class='ocrx_word' id='word_1_71' title='bbox 904 1332 1096 1395; x_wconf 85' lang='lat' dir='ltr'>Germania</span> <span class='ocrx_word' id='word_1_72' title='bbox 1128 1342 1163 1395; x_wconf 87' lang='lat' dir='ltr'>et</span> <span class='ocrx_word' id='word_1_73' title='bbox 1195 1331 1220 1394; x_wconf 94' lang='lat' dir='ltr'>li</span> <span class='ocrx_word' id='word_1_74' title='bbox 1243 1330 1381 1395; x_wconf 90' lang='lat' dir='ltr'>tumulti</span> 
     </span>
     <span class='ocr_line' id='line_1_9' title="bbox 120 1437 1381 1522; baseline 0.003 -25"><span class='ocrx_word' id='word_1_75' title='bbox 120 1444 147 1497; x_wconf 89' lang='lat' dir='ltr'>et</span> <span class='ocrx_word' id='word_1_76' title='bbox 167 1437 300 1500; x_wconf 87' lang='lat' dir='ltr'>heresie</span> <span class='ocrx_word' id='word_1_77' title='bbox 325 1458 370 1500; x_wconf 93' lang='lat' dir='ltr'>ne</span> <span class='ocrx_word' id='word_1_78' title='bbox 395 1439 427 1500; x_wconf 90' lang='lat' dir='ltr'>le</span> <span class='ocrx_word' id='word_1_79' title='bbox 453 1458 536 1501; x_wconf 87' lang='lat' dir='ltr'>cose</span> <span class='ocrx_word' id='word_1_80' title='bbox 560 1441 606 1502; x_wconf 90' lang='lat' dir='ltr'>de</span> <span class='ocrx_word' id='word_1_81' title='bbox 630 1441 664 1502; x_wconf 88' lang='lat' dir='ltr'>la</span> <span class='ocrx_word' id='word_1_82' title='bbox 688 1439 781 1520; x_wconf 90' lang='lat' dir='ltr'>fede,</span> <span class='ocrx_word' id='word_1_83' title='bbox 806 1440 839 1505; x_wconf 88' lang='lat' dir='ltr'>le</span> <span class='ocrx_word' id='word_1_84' title='bbox 858 1440 955 1521; x_wconf 91' lang='lat' dir='ltr'>quali</span> <span class='ocrx_word' id='word_1_85' title='bbox 977 1460 1049 1503; x_wconf 92' lang='lat' dir='ltr'>non</span> <span class='ocrx_word' id='word_1_86' title='bbox 1074 1458 1194 1522; x_wconf 90' lang='lat' dir='ltr'>ponno</span> <span class='ocrx_word' id='word_1_87' title='bbox 1218 1449 1314 1502; x_wconf 89' lang='lat' dir='ltr'>stare</span> <span class='ocrx_word' id='word_1_88' title='bbox 1337 1439 1381 1502; x_wconf 72' lang='lat' dir='ltr'>ne</span> 
     </span>
     <span class='ocr_line' id='line_1_10' title="bbox 120 1541 1381 1629; baseline 0.003 -26"><span class='ocrx_word' id='word_1_89' title='bbox 120 1541 233 1623; x_wconf 87' lang='lat' dir='ltr'>pigliar</span> <span class='ocrx_word' id='word_1_90' title='bbox 256 1543 382 1607; x_wconf 91' lang='lat' dir='ltr'>ordine</span> <span class='ocrx_word' id='word_1_91' title='bbox 406 1566 513 1608; x_wconf 85' lang='lat' dir='ltr'>senza</span> <span class='ocrx_word' id='word_1_92' title='bbox 536 1548 572 1609; x_wconf 92' lang='lat' dir='ltr'>la</span> <span class='ocrx_word' id='word_1_93' title='bbox 594 1566 750 1627; x_wconf 89' lang='lat' dir='ltr'>persona</span> <span class='ocrx_word' id='word_1_94' title='bbox 774 1548 904 1609; x_wconf 83' lang='lat' dir='ltr'>denno</span> <span class='ocrx_word' id='word_1_95' title='bbox 928 1548 994 1609; x_wconf 92' lang='lat' dir='ltr'>che</span> <span class='ocrx_word' id='word_1_96' title='bbox 1011 1556 1097 1629; x_wconf 87' lang='lat' dir='ltr'>agat</span> <span class='ocrx_word' id='word_1_97' title='bbox 1115 1547 1381 1627; x_wconf 65' lang='lat' dir='ltr'>imperatorem</span> 
     </span>
     <span class='ocr_line' id='line_1_11' title="bbox 121 1650 1383 1735; baseline 0.002 -24"><span class='ocrx_word' id='word_1_98' title='bbox 121 1669 193 1712; x_wconf 90' lang='lat' dir='ltr'>sono</span> <span class='ocrx_word' id='word_1_99' title='bbox 219 1650 306 1713; x_wconf 87' lang='lat' dir='ltr'>forsi</span> <span class='ocrx_word' id='word_1_100' title='bbox 337 1650 487 1714; x_wconf 88' lang='lat' dir='ltr'>discorsi</span> <span class='ocrx_word' id='word_1_101' title='bbox 523 1673 543 1713; x_wconf 94' lang='lat' dir='ltr'>o</span> <span class='ocrx_word' id='word_1_102' title='bbox 573 1652 694 1716; x_wconf 90' lang='lat' dir='ltr'>iudicii</span> <span class='ocrx_word' id='word_1_103' title='bbox 725 1654 790 1716; x_wconf 90' lang='lat' dir='ltr'>che</span> <span class='ocrx_word' id='word_1_104' title='bbox 826 1652 887 1735; x_wconf 88' lang='lat' dir='ltr'>poi</span> <span class='ocrx_word' id='word_1_105' title='bbox 910 1650 984 1716; x_wconf 86' lang='lat' dir='ltr'>cosi</span> <span class='ocrx_word' id='word_1_106' title='bbox 1017 1653 1220 1716; x_wconf 89' lang='lat' dir='ltr'>facilmente</span> <span class='ocrx_word' id='word_1_107' title='bbox 1250 1671 1320 1714; x_wconf 92' lang='lat' dir='ltr'>non</span> <span class='ocrx_word' id='word_1_108' title='bbox 1354 1650 1383 1713; x_wconf 89' lang='lat' dir='ltr'>si</span> 
     </span>
     <span class='ocr_line' id='line_1_12' title="bbox 121 1758 1355 1839; baseline 0.003 -21"><span class='ocrx_word' id='word_1_109' title='bbox 121 1774 223 1835; x_wconf 89' lang='lat' dir='ltr'>ponno</span> <span class='ocrx_word' id='word_1_110' title='bbox 248 1758 429 1839; x_wconf 84' lang='lat' dir='ltr'>exequire.</span> <span class='ocrx_word' id='word_1_111' title='bbox 1353 1769 1355 1772; x_wconf 83' lang='lat'>&#39;</span> 
     </span>
    </p>

    <p class='ocr_par' dir='ltr' id='par_1_3' title="bbox 123 1862 1385 2266">
     <span class='ocr_line' id='line_1_13' title="bbox 196 1862 1383 1948; baseline -0.001 -21"><span class='ocrx_word' id='word_1_112' title='bbox 196 1862 260 1927; x_wconf 62' lang='lat' dir='ltr'>(iia</span> <span class='ocrx_word' id='word_1_113' title='bbox 285 1864 412 1948; x_wconf 92' lang='lat' dir='ltr'>cinque</span> <span class='ocrx_word' id='word_1_114' title='bbox 436 1864 552 1947; x_wconf 82' lang='lat' dir='ltr'>giomi</span> <span class='ocrx_word' id='word_1_115' title='bbox 577 1866 626 1928; x_wconf 91' lang='lat' dir='ltr'>fui</span> <span class='ocrx_word' id='word_1_116' title='bbox 652 1868 687 1929; x_wconf 87' lang='lat' dir='ltr'>di</span> <span class='ocrx_word' id='word_1_117' title='bbox 712 1886 830 1930; x_wconf 89' lang='lat' dir='ltr'>nuovo</span> <span class='ocrx_word' id='word_1_118' title='bbox 855 1866 1097 1929; x_wconf 87' lang='lat' dir='ltr'>crudelmente</span> <span class='ocrx_word' id='word_1_119' title='bbox 1120 1867 1308 1929; x_wconf 86' lang='lat' dir='ltr'>molestato</span> <span class='ocrx_word' id='word_1_120' title='bbox 1338 1865 1383 1926; x_wconf 92' lang='lat' dir='ltr'>da</span> 
     </span>
     <span class='ocr_line' id='line_1_14' title="bbox 123 1971 1384 2055; baseline 0.003 -27"><span class='ocrx_word' id='word_1_121' title='bbox 123 1987 160 2031; x_wconf 87' lang='lat' dir='ltr'>un</span> <span class='ocrx_word' id='word_1_122' title='bbox 181 1971 299 2034; x_wconf 91' lang='lat' dir='ltr'>dolore</span> <span class='ocrx_word' id='word_1_123' title='bbox 324 1971 360 2034; x_wconf 91' lang='lat' dir='ltr'>di</span> <span class='ocrx_word' id='word_1_124' title='bbox 384 1972 492 2053; x_wconf 85' lang='lat' dir='ltr'>piade</span> <span class='ocrx_word' id='word_1_125' title='bbox 515 1992 581 2054; x_wconf 86' lang='lat' dir='ltr'>per</span> <span class='ocrx_word' id='word_1_126' title='bbox 607 1993 651 2035; x_wconf 92' lang='lat' dir='ltr'>un</span> <span class='ocrx_word' id='word_1_127' title='bbox 676 1972 805 2055; x_wconf 82' lang='lat' dir='ltr'>giorno</span> <span class='ocrx_word' id='word_1_128' title='bbox 838 1982 874 2035; x_wconf 90' lang='lat' dir='ltr'>et</span> <span class='ocrx_word' id='word_1_129' title='bbox 904 1992 974 2035; x_wconf 90' lang='lat' dir='ltr'>una</span> <span class='ocrx_word' id='word_1_130' title='bbox 1012 1981 1126 2042; x_wconf 89' lang='lat' dir='ltr'>notte;</span> <span class='ocrx_word' id='word_1_131' title='bbox 1157 1971 1219 2053; x_wconf 91' lang='lat' dir='ltr'>poi</span> <span class='ocrx_word' id='word_1_132' title='bbox 1256 1971 1303 2033; x_wconf 93' lang='lat' dir='ltr'>mi</span> <span class='ocrx_word' id='word_1_133' title='bbox 1337 1971 1384 2033; x_wconf 88' lang='lat' dir='ltr'>ha</span> 
     </span>
     <span class='ocr_line' id='line_1_15' title="bbox 123 2075 1383 2162; baseline 0.002 -26"><span class='ocrx_word' id='word_1_134' title='bbox 123 2075 247 2158; x_wconf 80' lang='lat' dir='ltr'>lassato,</span> <span class='ocrx_word' id='word_1_135' title='bbox 271 2098 329 2141; x_wconf 93' lang='lat' dir='ltr'>ma</span> <span class='ocrx_word' id='word_1_136' title='bbox 352 2099 469 2162; x_wconf 89' lang='lat' dir='ltr'>zoppo</span> <span class='ocrx_word' id='word_1_137' title='bbox 489 2090 529 2141; x_wconf 87' lang='lat' dir='ltr'>et</span> <span class='ocrx_word' id='word_1_138' title='bbox 552 2089 788 2162; x_wconf 89' lang='lat' dir='ltr'>conquassato</span> <span class='ocrx_word' id='word_1_139' title='bbox 815 2081 918 2146; x_wconf 84' lang='lat' dir='ltr'>assai.</span> <span class='ocrx_word' id='word_1_140' title='bbox 965 2078 1081 2160; x_wconf 89' lang='lat' dir='ltr'>Spero</span> <span class='ocrx_word' id='word_1_141' title='bbox 1097 2078 1186 2160; x_wconf 79' lang='lat' dir='ltr'>pero</span> <span class='ocrx_word' id='word_1_142' title='bbox 1203 2079 1383 2141; x_wconf 88' lang='lat' dir='ltr'>convaler-</span> 
     </span>
     <span class='ocr_line' id='line_1_16' title="bbox 123 2182 1385 2266; baseline 0.002 -23"><span class='ocrx_word' id='word_1_143' title='bbox 123 2182 171 2262; x_wconf 88' lang='lat' dir='ltr'>mi,</span> <span class='ocrx_word' id='word_1_144' title='bbox 193 2184 231 2247; x_wconf 68' lang='lat' dir='ltr'>ni</span> <span class='ocrx_word' id='word_1_145' title='bbox 254 2185 301 2247; x_wconf 88' lang='lat' dir='ltr'>mi</span> <span class='ocrx_word' id='word_1_146' title='bbox 325 2188 546 2249; x_wconf 89' lang='lat' dir='ltr'>occorrendo</span> <span class='ocrx_word' id='word_1_147' title='bbox 580 2188 671 2249; x_wconf 90' lang='lat' dir='ltr'>altro</span> <span class='ocrx_word' id='word_1_148' title='bbox 702 2185 749 2250; x_wconf 93' lang='lat' dir='ltr'>mi</span> <span class='ocrx_word' id='word_1_149' title='bbox 777 2188 1015 2249; x_wconf 89' lang='lat' dir='ltr'>raccomando</span> <span class='ocrx_word' id='word_1_150' title='bbox 1045 2186 1105 2248; x_wconf 88' lang='lat' dir='ltr'>alli</span> <span class='ocrx_word' id='word_1_151' title='bbox 1137 2183 1197 2248; x_wconf 75' lang='lat'>8¹⁰¹</span> <span class='ocrx_word' id='word_1_152' title='bbox 1228 2185 1324 2266; x_wconf 92' lang='lat' dir='ltr'>piedi</span> <span class='ocrx_word' id='word_1_153' title='bbox 1347 2182 1385 2245; x_wconf 91' lang='lat' dir='ltr'>di</span> 
     </span>
    </p>
   </div>
   <div class='ocr_carea' id='block_1_3' title="bbox 124 2286 1384 2465">
    <p class='ocr_par' dir='ltr' id='par_1_4' title="bbox 124 2286 1384 2465">
     <span class='ocr_line' id='line_1_17' title="bbox 124 2286 1384 2375; baseline 0.002 -25"><span class='ocrx_word' id='word_1_154' title='bbox 124 2286 155 2353; x_wconf 82' lang='lat' dir='ltr'>S.</span> <span class='ocrx_word' id='word_1_155' title='bbox 176 2290 230 2352; x_wconf 55' lang='grc' dir='ltr'>ΒΜ</span> <span class='ocrx_word' id='word_1_156' title='bbox 259 2302 296 2355; x_wconf 88' lang='lat' dir='ltr'>et</span> <span class='ocrx_word' id='word_1_157' title='bbox 319 2314 340 2355; x_wconf 92' lang='lat' dir='ltr'>a</span> <span class='ocrx_word' id='word_1_158' title='bbox 363 2314 397 2355; x_wconf 88' lang='lat' dir='ltr'>v.</span> <span class='ocrx_word' id='word_1_159' title='bbox 423 2314 449 2357; x_wconf 91' lang='lat' dir='ltr'>s.</span> <span class='ocrx_word' id='word_1_160' title='bbox 475 2314 566 2375; x_wconf 90' lang='lat' dir='ltr'>quae</span> <span class='ocrx_word' id='word_1_161' title='bbox 589 2294 794 2358; x_wconf 86' lang='lat' dir='ltr'>felicissime</span> <span class='ocrx_word' id='word_1_162' title='bbox 818 2296 938 2357; x_wconf 89' lang='lat' dir='ltr'>valeat</span> <span class='ocrx_word' id='word_1_163' title='bbox 995 2293 1156 2356; x_wconf 88' lang='lat' dir='ltr'>Viennae</span> <span class='ocrx_word' id='word_1_164' title='bbox 1180 2292 1255 2354; x_wconf 86' lang='lat' dir='ltr'>XV</span> <span class='ocrx_word' id='word_1_165' title='bbox 1280 2290 1384 2355; x_wconf 89' lang='lat' dir='ltr'>Octo·</span> 
     </span>
     <span class='ocr_line' id='line_1_18' title="bbox 125 2396 421 2465; baseline 0.027 -8"><span class='ocrx_word' id='word_1_166' title='bbox 125 2396 185 2459; x_wconf 90' lang='lat' dir='ltr'>bris</span> <span class='ocrx_word' id='word_1_167' title='bbox 205 2398 421 2465; x_wconf 88' lang='lat' dir='ltr'>MDXXIV.</span> 
     </span>
    </p>
   </div>
   <div class='ocr_carea' id='block_1_4' title="bbox 713 2918 785 2983">
    <p class='ocr_par' dir='ltr' id='par_1_5' title="bbox 713 2918 785 2983">
     <span class='ocr_line' id='line_1_19' title="bbox 713 2918 785 2983; baseline 0.014 -1"><span class='ocrx_word' id='word_1_168' title='bbox 713 2918 785 2983; x_wconf 79' lang='grc'><strong>174.</strong></span> 
     </span>
    </p>
   </div>
   <div class='ocr_carea' id='block_1_5' title="bbox 428 3033 1067 3118">
    <p class='ocr_par' dir='ltr' id='par_1_6' title="bbox 428 3033 1067 3118">
     <span class='ocr_line' id='line_1_20' title="bbox 428 3033 1067 3118; baseline -0.002 -2"><span class='ocrx_word' id='word_1_169' title='bbox 428 3036 564 3116; x_wconf 85' lang='lat' dir='ltr'>Paulus</span> <span class='ocrx_word' id='word_1_170' title='bbox 592 3037 761 3118; x_wconf 80' lang='lat' dir='ltr'>Naidaker</span> <span class='ocrx_word' id='word_1_171' title='bbox 790 3033 963 3115; x_wconf 78' lang='lat' dir='ltr'>Clementi</span> <span class='ocrx_word' id='word_1_172' title='bbox 989 3033 1067 3115; x_wconf 76' lang='lat' dir='ltr'>vu</span> 
     </span>
    </p>
   </div>
   <div class='ocr_carea' id='block_1_6' title="bbox 559 3181 935 3368">
    <p class='ocr_par' dir='ltr' id='par_1_7' title="bbox 559 3181 935 3368">
     <span class='ocr_line' id='line_1_21' title="bbox 559 3181 935 3257; baseline -0.005 -15"><span class='ocrx_word' id='word_1_173' title='bbox 559 3183 658 3257; x_wconf 64' lang='lat' dir='ltr'>(Epiri.</span> <span class='ocrx_word' id='word_1_174' title='bbox 675 3182 790 3257; x_wconf 74' lang='lat' dir='ltr'>princip.</span> <span class='ocrx_word' id='word_1_175' title='bbox 809 3181 844 3240; x_wconf 89' lang='lat'>11.</span> <span class='ocrx_word' id='word_1_176' title='bbox 865 3181 935 3251; x_wconf 73' lang='grc'><strong>307.)</strong></span> 
     </span>
     <span class='ocr_line' id='line_1_22' title="bbox 595 3301 903 3368; baseline -0.006 -16"><span class='ocrx_word' id='word_1_177' title='bbox 595 3301 649 3368; x_wconf 76' lang='lat'>(24</span> <span class='ocrx_word' id='word_1_178' title='bbox 670 3303 795 3352; x_wconf 84' lang='lat' dir='ltr'>Octobris</span> <span class='ocrx_word' id='word_1_179' title='bbox 818 3303 903 3365; x_wconf 66' lang='lat'>1524.)</span> 
     </span>
    </p>
   </div>
   <div class='ocr_carea' id='block_1_7' title="bbox 33 3451 1332 3536">
    <p class='ocr_par' dir='ltr' id='par_1_8' title="bbox 33 3451 1332 3536">
     <span class='ocr_line' id='line_1_23' title="bbox 33 3451 1332 3536; baseline -0.004 -20"><span class='ocrx_word' id='word_1_180' title='bbox 33 3455 34 3472; x_wconf 62' lang='lat'><em>*</em></span> <span class='ocrx_word' id='word_1_181' title='bbox 135 3505 139 3508; x_wconf 95' lang='lat'>.</span> <span class='ocrx_word' id='word_1_182' title='bbox 204 3455 408 3519; x_wconf 90' lang='lat' dir='ltr'>Beatissime</span> <span class='ocrx_word' id='word_1_183' title='bbox 434 3455 550 3536; x_wconf 89' lang='lat' dir='ltr'>Pater,</span> <span class='ocrx_word' id='word_1_184' title='bbox 575 3463 657 3536; x_wconf 89' lang='lat' dir='ltr'>post</span> <span class='ocrx_word' id='word_1_185' title='bbox 682 3455 812 3516; x_wconf 88' lang='lat' dir='ltr'>devota</span> <span class='ocrx_word' id='word_1_186' title='bbox 836 3455 1021 3515; x_wconf 90' lang='lat' dir='ltr'>beatorum</span> <span class='ocrx_word' id='word_1_187' title='bbox 1046 3451 1177 3531; x_wconf 90' lang='lat' dir='ltr'>pedum</span> <span class='ocrx_word' id='word_1_188' title='bbox 1201 3451 1332 3512; x_wconf 90' lang='lat' dir='ltr'>oscula.</span> 
     </span>
    </p>
   </div>
   <div class='ocr_carea' id='block_1_8' title="bbox 124 3573 1391 3869">
    <p class='ocr_par' dir='ltr' id='par_1_9' title="bbox 124 3573 1391 3869">
     <span class='ocr_line' id='line_1_24' title="bbox 207 3573 1391 3661; baseline -0.008 -18"><span class='ocrx_word' id='word_1_189' title='bbox 207 3579 287 3644; x_wconf 89' lang='lat' dir='ltr'>Cum</span> <span class='ocrx_word' id='word_1_190' title='bbox 319 3599 388 3661; x_wconf 89' lang='lat' dir='ltr'>ego</span> <span class='ocrx_word' id='word_1_191' title='bbox 417 3577 557 3641; x_wconf 91' lang='lat' dir='ltr'>humilis</span> <span class='ocrx_word' id='word_1_192' title='bbox 588 3597 712 3640; x_wconf 85' lang='lat' dir='ltr'>servus</span> <span class='ocrx_word' id='word_1_193' title='bbox 736 3575 772 3641; x_wconf 89' lang='lat' dir='ltr'>S.</span> <span class='ocrx_word' id='word_1_194' title='bbox 798 3576 842 3640; x_wconf 92' lang='lat' dir='ltr'>V.</span> <span class='ocrx_word' id='word_1_195' title='bbox 874 3573 994 3657; x_wconf 91' lang='lat' dir='ltr'>quiin</span> <span class='ocrx_word' id='word_1_196' title='bbox 1017 3576 1105 3636; x_wconf 89' lang='lat' dir='ltr'>urbe</span> <span class='ocrx_word' id='word_1_197' title='bbox 1137 3582 1171 3636; x_wconf 90' lang='lat' dir='ltr'>et</span> <span class='ocrx_word' id='word_1_198' title='bbox 1196 3580 1391 3656; x_wconf 89' lang='lat' dir='ltr'>conspectu</span> 
     </span>
     <span class='ocr_line' id='line_1_25' title="bbox 126 3680 1391 3764; baseline -0.006 -15"><span class='ocrx_word' id='word_1_199' title='bbox 126 3683 159 3749; x_wconf 65' lang='lat' dir='ltr'>E„</span> <span class='ocrx_word' id='word_1_200' title='bbox 182 3686 224 3751; x_wconf 91' lang='lat' dir='ltr'>V.</span> <span class='ocrx_word' id='word_1_201' title='bbox 247 3686 281 3750; x_wconf 91' lang='lat' dir='ltr'>S.</span> <span class='ocrx_word' id='word_1_202' title='bbox 307 3690 353 3751; x_wconf 88' lang='lat' dir='ltr'>ab</span> <span class='ocrx_word' id='word_1_203' title='bbox 377 3686 636 3764; x_wconf 84' lang='lat' dir='ltr'>adolescentia,</span> <span class='ocrx_word' id='word_1_204' title='bbox 667 3685 790 3747; x_wconf 89' lang='lat' dir='ltr'>decem</span> <span class='ocrx_word' id='word_1_205' title='bbox 815 3691 851 3745; x_wconf 88' lang='lat' dir='ltr'>et</span> <span class='ocrx_word' id='word_1_206' title='bbox 875 3692 955 3744; x_wconf 89' lang='lat' dir='ltr'>octo</span> <span class='ocrx_word' id='word_1_207' title='bbox 980 3701 1092 3762; x_wconf 89' lang='lat' dir='ltr'>usque</span> <span class='ocrx_word' id='word_1_208' title='bbox 1117 3701 1246 3762; x_wconf 92' lang='lat' dir='ltr'>annos,</span> <span class='ocrx_word' id='word_1_209' title='bbox 1275 3680 1391 3743; x_wconf 91' lang='lat' dir='ltr'>causis</span> 
     </span>
     <span class='ocr_line' id='line_1_26' title="bbox 124 3786 1391 3869; baseline -0.003 -17"><span class='ocrx_word' id='word_1_210' title='bbox 124 3791 155 3854; x_wconf 94' lang='lat' dir='ltr'>in</span> <span class='ocrx_word' id='word_1_211' title='bbox 177 3805 290 3858; x_wconf 91' lang='lat' dir='ltr'>vestro</span> <span class='ocrx_word' id='word_1_212' title='bbox 315 3793 503 3858; x_wconf 88' lang='lat' dir='ltr'>Auditorio</span> <span class='ocrx_word' id='word_1_213' title='bbox 517 3792 648 3869; x_wconf 58' lang='lat' dir='ltr'>‚Rotae</span> <span class='ocrx_word' id='word_1_214' title='bbox 673 3789 870 3854; x_wconf 91' lang='lat' dir='ltr'>scribendis</span> <span class='ocrx_word' id='word_1_215' title='bbox 895 3798 930 3852; x_wconf 90' lang='lat' dir='ltr'>et</span> <span class='ocrx_word' id='word_1_216' title='bbox 954 3787 1163 3867; x_wconf 81' lang='lat' dir='ltr'>tractandis,</span> <span class='ocrx_word' id='word_1_217' title='bbox 1194 3795 1230 3850; x_wconf 95' lang='lat' dir='ltr'>et</span> <span class='ocrx_word' id='word_1_218' title='bbox 1253 3786 1282 3850; x_wconf 91' lang='lat' dir='ltr'>si</span> <span class='ocrx_word' id='word_1_219' title='bbox 1307 3787 1391 3868; x_wconf 92' lang='lat' dir='ltr'>quid</span> 
     </span>
    </p>
   </div>
   <div class='ocr_carea' id='block_1_9' title="bbox 125 3893 1392 3984">
    <p class='ocr_par' dir='ltr' id='par_1_10' title="bbox 33 3883 1392 3993">
     <span class='ocr_line' id='line_1_27' title="bbox 125 3893 1392 3984; baseline -0.002 -25.203"><span class='ocrx_word' id='word_1_220' title='bbox 125 3901 245 3964; x_wconf 88' lang='lat' dir='ltr'>residui</span> <span class='ocrx_word' id='word_1_221' title='bbox 273 3900 444 3984; x_wconf 86' lang='lat' dir='ltr'>temporis</span> <span class='ocrx_word' id='word_1_222' title='bbox 474 3898 724 3981; x_wconf 87' lang='lat' dir='ltr'>facultatisque</span> <span class='ocrx_word' id='word_1_223' title='bbox 748 3897 1036 3979; x_wconf 87' lang='lat' dir='ltr'>permittebatur,</span> <span class='ocrx_word' id='word_1_224' title='bbox 1073 3893 1257 3956; x_wconf 87' lang='lat' dir='ltr'>conductis</span> <span class='ocrx_word' id='word_1_225' title='bbox 1286 3893 1392 3956; x_wconf 88' lang='lat' dir='ltr'>etiam</span> 
     </span>
    </p>
   </div>
   <div class='ocr_carea' id='block_1_10' title="bbox 38 5050 46 5147">
    <p class='ocr_par' dir='ltr' id='par_1_11' title="bbox 37 5019 46 5147">
     <span class='ocr_line' id='line_1_28' title="bbox 38 5050 46 5147; baseline 0 0"><span class='ocrx_word' id='word_1_226' title='bbox 38 5050 46 5147; x_wconf 81' lang='grc' dir='ltr'><strong>ἰ</strong></span> 
     </span>
    </p>
   </div>
   <div class='ocr_carea' id='block_1_11' title="bbox 33 4001 1392 4090">
    <p class='ocr_par' dir='ltr' id='par_1_12' title="bbox 33 4001 1392 4090">
     <span class='ocr_line' id='line_1_29' title="bbox 33 4001 1392 4090; baseline -0.005 -20"><span class='ocrx_word' id='word_1_227' title='bbox 33 4007 35 4052; x_wconf 68' lang='grc' dir='ltr'><em>ῑ</em></span> <span class='ocrx_word' id='word_1_228' title='bbox 125 4009 218 4085; x_wconf 81' lang='lat' dir='ltr'>gravi</span> <span class='ocrx_word' id='word_1_229' title='bbox 238 4029 318 4073; x_wconf 90' lang='lat' dir='ltr'>aere</span> <span class='ocrx_word' id='word_1_230' title='bbox 338 4005 527 4090; x_wconf 83' lang='lat' dir='ltr'>magistris,</span> <span class='ocrx_word' id='word_1_231' title='bbox 552 4004 656 4068; x_wconf 89' lang='lat' dir='ltr'>bonis</span> <span class='ocrx_word' id='word_1_232' title='bbox 671 4003 797 4067; x_wconf 90' lang='lat' dir='ltr'>litteris</span> <span class='ocrx_word' id='word_1_233' title='bbox 812 4022 959 4084; x_wconf 88' lang='lat' dir='ltr'>operam</span> <span class='ocrx_word' id='word_1_234' title='bbox 975 4001 1157 4074; x_wconf 89' lang='lat' dir='ltr'>dederam;</span> <span class='ocrx_word' id='word_1_235' title='bbox 1181 4008 1392 4063; x_wconf 83' lang='lat' dir='ltr'>renascente</span> 
     </span>
    </p>
   </div>
   <div class='ocr_carea' id='block_1_12' title="bbox 124 4107 1394 4838">
    <p class='ocr_par' dir='ltr' id='par_1_13' title="bbox 124 4107 1394 4838">
     <span class='ocr_line' id='line_1_30' title="bbox 125 4107 1392 4198; baseline -0.004 -24"><span class='ocrx_word' id='word_1_236' title='bbox 125 4124 230 4178; x_wconf 87' lang='lat' dir='ltr'>autem</span> <span class='ocrx_word' id='word_1_237' title='bbox 253 4135 367 4198; x_wconf 91' lang='lat' dir='ltr'>nuper</span> <span class='ocrx_word' id='word_1_238' title='bbox 390 4113 425 4176; x_wconf 93' lang='lat' dir='ltr'>in</span> <span class='ocrx_word' id='word_1_239' title='bbox 450 4114 575 4176; x_wconf 88' lang='lat' dir='ltr'>eadem</span> <span class='ocrx_word' id='word_1_240' title='bbox 600 4113 688 4174; x_wconf 88' lang='lat' dir='ltr'>urbe</span> <span class='ocrx_word' id='word_1_241' title='bbox 712 4109 911 4192; x_wconf 89' lang='lat' dir='ltr'>epidemiae</span> <span class='ocrx_word' id='word_1_242' title='bbox 935 4111 1010 4188; x_wconf 87' lang='lat' dir='ltr'>lue,</span> <span class='ocrx_word' id='word_1_243' title='bbox 1036 4107 1110 4170; x_wconf 92' lang='lat' dir='ltr'>eius</span> <span class='ocrx_word' id='word_1_244' title='bbox 1134 4107 1278 4186; x_wconf 84' lang='lat' dir='ltr'>timore,</span> <span class='ocrx_word' id='word_1_245' title='bbox 1312 4107 1392 4169; x_wconf 91' lang='lat' dir='ltr'>loco</span> 
     </span>
     <span class='ocr_line' id='line_1_31' title="bbox 125 4213 1393 4300; baseline -0.006 -19"><span class='ocrx_word' id='word_1_246' title='bbox 125 4223 310 4287; x_wconf 86' lang='lat' dir='ltr'>cedendum</span> <span class='ocrx_word' id='word_1_247' title='bbox 333 4232 433 4285; x_wconf 91' lang='lat' dir='ltr'>ratus</span> <span class='ocrx_word' id='word_1_248' title='bbox 442 4268 450 4300; x_wconf 90' lang='lat'>‚</span> <span class='ocrx_word' id='word_1_249' title='bbox 485 4220 529 4283; x_wconf 89' lang='lat' dir='ltr'>ad</span> <span class='ocrx_word' id='word_1_250' title='bbox 553 4218 658 4282; x_wconf 87' lang='lat' dir='ltr'>finem</span> <span class='ocrx_word' id='word_1_251' title='bbox 683 4216 818 4299; x_wconf 89' lang='lat' dir='ltr'>Aprilis</span> <span class='ocrx_word' id='word_1_252' title='bbox 842 4214 1032 4278; x_wconf 90' lang='lat' dir='ltr'>novissime</span> <span class='ocrx_word' id='word_1_253' title='bbox 1058 4213 1234 4292; x_wconf 87' lang='lat' dir='ltr'>abscessi,</span> <span class='ocrx_word' id='word_1_254' title='bbox 1267 4233 1323 4274; x_wconf 89' lang='lat' dir='ltr'>me</span> <span class='ocrx_word' id='word_1_255' title='bbox 1348 4213 1393 4275; x_wconf 90' lang='lat' dir='ltr'>ad</span> 
     </span>
     <span class='ocr_line' id='line_1_32' title="bbox 126 4318 1393 4410; baseline -0.006 -21"><span class='ocrx_word' id='word_1_256' title='bbox 126 4331 233 4393; x_wconf 87' lang='lat' dir='ltr'>natale</span> <span class='ocrx_word' id='word_1_257' title='bbox 256 4331 378 4410; x_wconf 89' lang='lat' dir='ltr'>solum,</span> <span class='ocrx_word' id='word_1_258' title='bbox 403 4326 590 4391; x_wconf 88' lang='lat' dir='ltr'>Civitatem</span> <span class='ocrx_word' id='word_1_259' title='bbox 607 4323 741 4387; x_wconf 87' lang='lat' dir='ltr'>scilicet</span> <span class='ocrx_word' id='word_1_260' title='bbox 760 4325 850 4395; x_wconf 84' lang='lat' dir='ltr'>hanc</span> <span class='ocrx_word' id='word_1_261' title='bbox 867 4321 1171 4400; x_wconf 84' lang='lat' dir='ltr'>Bambergensem</span> <span class='ocrx_word' id='word_1_262' title='bbox 1193 4318 1229 4381; x_wconf 92' lang='lat' dir='ltr'>in</span> <span class='ocrx_word' id='word_1_263' title='bbox 1247 4318 1393 4382; x_wconf 89' lang='lat' dir='ltr'>Germa·</span> 
     </span>
     <span class='ocr_line' id='line_1_33' title="bbox 125 4424 1394 4514; baseline -0.007 -18"><span class='ocrx_word' id='word_1_264' title='bbox 125 4437 210 4500; x_wconf 88' lang='lat' dir='ltr'>niam</span> <span class='ocrx_word' id='word_1_265' title='bbox 243 4437 449 4514; x_wconf 82' lang='lat' dir='ltr'>conferens,</span> <span class='ocrx_word' id='word_1_266' title='bbox 484 4433 545 4496; x_wconf 91' lang='lat' dir='ltr'>ubi</span> <span class='ocrx_word' id='word_1_267' title='bbox 586 4441 622 4495; x_wconf 91' lang='lat' dir='ltr'>et</span> <span class='ocrx_word' id='word_1_268' title='bbox 654 4430 682 4493; x_wconf 91' lang='lat' dir='ltr'>si</span> <span class='ocrx_word' id='word_1_269' title='bbox 715 4430 751 4493; x_wconf 94' lang='lat' dir='ltr'>in</span> <span class='ocrx_word' id='word_1_270' title='bbox 786 4429 864 4492; x_wconf 90' lang='lat' dir='ltr'>aliis</span> <span class='ocrx_word' id='word_1_271' title='bbox 898 4426 1088 4491; x_wconf 88' lang='lat' dir='ltr'>Germanie</span> <span class='ocrx_word' id='word_1_272' title='bbox 1121 4424 1324 4488; x_wconf 88' lang='lat' dir='ltr'>civitatibus</span> <span class='ocrx_word' id='word_1_273' title='bbox 1358 4433 1394 4487; x_wconf 93' lang='lat' dir='ltr'>et</span> 
     </span>
     <span class='ocr_line' id='line_1_34' title="bbox 124 4530 1392 4628; baseline -0.009 -25"><span class='ocrx_word' id='word_1_274' title='bbox 124 4543 222 4626; x_wconf 76' lang='lat' dir='ltr'>lociS,</span> <span class='ocrx_word' id='word_1_275' title='bbox 244 4545 375 4628; x_wconf 88' lang='lat' dir='ltr'>passim</span> <span class='ocrx_word' id='word_1_276' title='bbox 399 4541 506 4622; x_wconf 90' lang='lat' dir='ltr'>impia</span> <span class='ocrx_word' id='word_1_277' title='bbox 530 4541 716 4602; x_wconf 90' lang='lat' dir='ltr'>lutherana</span> <span class='ocrx_word' id='word_1_278' title='bbox 740 4533 890 4619; x_wconf 89' lang='lat' dir='ltr'>perfidia</span> <span class='ocrx_word' id='word_1_279' title='bbox 914 4533 1102 4614; x_wconf 92' lang='lat' dir='ltr'>plurimum</span> <span class='ocrx_word' id='word_1_280' title='bbox 1126 4531 1322 4614; x_wconf 89' lang='lat' dir='ltr'>grassavit,</span> <span class='ocrx_word' id='word_1_281' title='bbox 1357 4530 1392 4592; x_wconf 92' lang='lat' dir='ltr'>in</span> 
     </span>
     <span class='ocr_line' id='line_1_35' title="bbox 125 4637 1391 4726; baseline -0.009 -16"><span class='ocrx_word' id='word_1_282' title='bbox 125 4648 264 4714; x_wconf 85' lang='lat' dir='ltr'>Civitate</span> <span class='ocrx_word' id='word_1_283' title='bbox 294 4661 413 4714; x_wconf 89' lang='lat' dir='ltr'>tamen</span> <span class='ocrx_word' id='word_1_284' title='bbox 438 4649 523 4726; x_wconf 85' lang='lat' dir='ltr'>hac,</span> <span class='ocrx_word' id='word_1_285' title='bbox 559 4655 594 4708; x_wconf 90' lang='lat' dir='ltr'>et</span> <span class='ocrx_word' id='word_1_286' title='bbox 628 4645 703 4707; x_wconf 90' lang='lat' dir='ltr'>eius</span> <span class='ocrx_word' id='word_1_287' title='bbox 727 4643 845 4724; x_wconf 91' lang='lat' dir='ltr'>ampla</span> <span class='ocrx_word' id='word_1_288' title='bbox 870 4639 1022 4719; x_wconf 90' lang='lat' dir='ltr'>diocesi,</span> <span class='ocrx_word' id='word_1_289' title='bbox 1056 4638 1211 4702; x_wconf 83' lang='lat' dir='ltr'>maxime</span> <span class='ocrx_word' id='word_1_290' title='bbox 1241 4658 1327 4700; x_wconf 90' lang='lat' dir='ltr'>vero</span> <span class='ocrx_word' id='word_1_291' title='bbox 1357 4637 1391 4699; x_wconf 92' lang='lat' dir='ltr'>in</span> 
     </span>
     <span class='ocr_line' id='line_1_36' title="bbox 124 4744 1394 4838; baseline -0.009 -21"><span class='ocrx_word' id='word_1_292' title='bbox 124 4755 346 4823; x_wconf 83' lang='lat' dir='ltr'>famosissimo</span> <span class='ocrx_word' id='word_1_293' title='bbox 383 4753 515 4838; x_wconf 92' lang='lat' dir='ltr'>alioqui</span> <span class='ocrx_word' id='word_1_294' title='bbox 557 4753 664 4835; x_wconf 89' lang='lat' dir='ltr'>opido</span> <span class='ocrx_word' id='word_1_295' title='bbox 700 4747 992 4830; x_wconf 86' lang='lat' dir='ltr'>Nurenbergensi</span> <span class='ocrx_word' id='word_1_296' title='bbox 1028 4745 1188 4808; x_wconf 86' lang='lat' dir='ltr'>martium</span> <span class='ocrx_word' id='word_1_297' title='bbox 1224 4744 1394 4826; x_wconf 86' lang='lat' dir='ltr'>empori0,</span> 
     </span>
    </p>
   </div>
   <div class='ocr_carea' id='block_1_13' title="bbox 35 4850 1395 4944">
    <p class='ocr_par' dir='ltr' id='par_1_14' title="bbox 35 4850 1395 4944">
     <span class='ocr_line' id='line_1_37' title="bbox 35 4850 1395 4944; baseline -0.01 -17"><span class='ocrx_word' id='word_1_298' title='bbox 35 4852 41 4869; x_wconf 83' lang='lat'>&#39;</span> <span class='ocrx_word' id='word_1_299' title='bbox 125 4864 271 4929; x_wconf 87' lang='lat' dir='ltr'>eiusdem</span> <span class='ocrx_word' id='word_1_300' title='bbox 294 4862 461 4944; x_wconf 86' lang='lat' dir='ltr'>diocesis,</span> <span class='ocrx_word' id='word_1_301' title='bbox 485 4877 685 4941; x_wconf 83' lang='lat' dir='ltr'>exuperare</span> <span class='ocrx_word' id='word_1_302' title='bbox 708 4857 860 4936; x_wconf 89' lang='lat' dir='ltr'>videtur,</span> <span class='ocrx_word' id='word_1_303' title='bbox 884 4854 945 4916; x_wconf 93' lang='lat' dir='ltr'>ubi</span> <span class='ocrx_word' id='word_1_304' title='bbox 960 4852 1198 4915; x_wconf 89' lang='lat' dir='ltr'>Ecclesiarum</span> <span class='ocrx_word' id='word_1_305' title='bbox 1222 4850 1395 4934; x_wconf 90' lang='lat' dir='ltr'>prepositi</span> 
     </span>
    </p>
   </div>
   <div class='ocr_carea' id='block_1_14' title="bbox 0 0 1734 5700">
    <p class='ocr_par' dir='ltr' id='par_1_15' title="bbox 0 0 1734 5700">
     <span class='ocr_line' id='line_1_38' title="bbox 0 0 1734 5700; baseline 0 0"><span class='ocrx_word' id='word_1_306' title='bbox 0 0 1734 5700; x_wconf 95' lang='lat' dir='ltr'> </span> 
     </span>
    </p>
   </div>
  </div>
 </body>
</html>
