3425 5700
662 569 892 622 0-‘337ffl

64 719 65 728 ’
148 711 257 775 stianis
290 734 369 775 esse
402 714 447 776 ad
481 734 584 795 quem
610 713 723 794 magis
748 735 853 795 quam
878 716 924 777 ad
948 713 1194 778 celsitudinem
1220 723 1317 777 tuam
1342 735 1418 795 per-

147 819 245 883 tineat
275 820 460 883 nobiscum
492 841 558 902 pro
590 821 787 884 catholicae
819 820 904 883 fidei
936 821 1072 884 unitate
1100 823 1265 883 laborare
1291 841 1418 901 oppor-

148 935 288 1006 tuneque
320 928 528 1009 providere,
554 937 589 989 et
614 929 709 1008 quod
734 937 875 990 veteres
900 928 1065 990 catholici
1090 927 1324 1009 imperatores
1347 938 1420 990 tam

148 1031 332 1096 eGraecia
363 1053 469 1115 quam
494 1033 663 1098 Germani
694 1055 765 1097 non
793 1037 906 1098 solum
942 1035 1048 1097 exilio
1074 1044 1110 1097 et
1132 1035 1236 1117 penis
1260 1036 1324 1097 sed
1348 1035 1420 1097 suis

148 1139 239 1202 etiam
264 1140 512 1204 sacratissimis
544 1141 685 1224 legibus
720 1162 842 1204 omnes
868 1164 888 1204 a
913 1142 1121 1205 Catholicae
1144 1142 1329 1224 religionis
1352 1151 1419 1204 tra-

147 1246 217 1310 mite
243 1248 428 1310 deviantes
452 1250 629 1311 hereticos
654 1249 806 1330 censeri,
840 1271 881 1312 ac
907 1249 940 1311 ei
969 1249 1149 1312 hominum
1177 1249 1302 1330 generi
1332 1249 1419 1311 nihil

147 1375 183 1415 ex
205 1354 401 1418 rationibus
426 1356 513 1417 nihil
538 1377 584 1420 ex
608 1357 749 1439 legibus
774 1377 960 1419 commune
993 1377 1071 1419 cum
1104 1356 1271 1436 caeteris,
1306 1355 1418 1437 publi-

147 1481 283 1542 cumque
305 1463 375 1524 hoc
402 1463 532 1526 crimen
559 1483 638 1526 esse
663 1465 876 1537 decrevere3
901 1463 984 1544 quia
1008 1464 1105 1544 quod
1129 1463 1163 1526 in
1189 1463 1419 1542 Religionem

146 1567 289 1632 divinam
313 1569 543 1632 committitur
566 1569 601 1632 in
627 1591 750 1633 omnes
775 1571 944 1634 committi
969 1591 1011 1633 ac
1037 1571 1200 1633 omnibus
1223 1570 1349 1651 injuria
1370 1569 1418 1631 in·

145 1674 220 1737 ferri
248 1677 407 1756 videtur,
442 1686 477 1738 et
510 1698 571 1740 eos
604 1679 663 1759 qui
696 1678 781 1742 talia
812 1689 1060 1760 presumerent
1090 1679 1126 1739 in
1151 1678 1317 1740 Romano
1342 1677 1418 1740 solo

147 1783 376 1845 commorandi
400 1804 471 1846 non
496 1785 629 1848 debere
654 1787 788 1848 habere
812 1785 1039 1865 facultatem,
1073 1783 1230 1866 quinimo
1254 1783 1339 1847 nihil
1365 1783 1420 1845 his

147 1889 381 1970 reliquendum
411 1891 481 1954 loci
513 1912 592 1954 esse
626 1893 686 1974 qui
711 1892 798 1975 ipsis
823 1893 930 1955 etiam
960 1892 1145 1957 elementis
1175 1891 1338 1954 iniuriam
1369 1891 1419 1953 fa-

147 2006 271 2068 cerent;
306 2017 373 2060 nec
406 2001 521 2060 solum
550 1999 788 2062 hereticorum
812 2020 985 2082 personas
1010 2000 1073 2062 sed
1097 2020 1219 2062 eorum
1244 1999 1353 2061 libros
1378 2021 1419 2062 ac

148 2114 360 2168 monumenta
385 2105 574 2188 persecuti,
600 2107 660 2169 illa
683 2107 826 2188 ignibus
850 2107 943 2169 tradi
961 2107 1230 2185 mandaverunt,
1255 2127 1299 2169 ne
1324 2105 1418 2169 vide-

148 2211 219 2274 licet
252 2213 342 2275 adeo
379 2212 579 2276 facinorose
615 2215 861 2296 perversitatis
896 2213 1050 2294 vestigia
1091 2222 1258 2276 extarent
1301 2215 1421 2294 aliqua

149 2319 202 2379 sed
222 2317 369 2381 flammis
393 2322 579 2383 combusta
603 2323 745 2402 penitus
770 2343 816 2384 ex
840 2321 1040 2403 hujusmodi
1066 2320 1177 2383 oculis
1199 2330 1235 2382 et
1251 2321 1420 2383 memoria

150 2426 344 2490 tollerentur
361 2447 403 2489 ac
420 2427 647 2509 immaginem
664 2428 808 2491 sceleris
822 2438 858 2490 et
871 2427 1049 2509 sacrilegii
1063 2427 1341 2508 magnitudinem
1354 2448 1420 2508 par

150 2551 231 2611 pena
260 2543 478 2616 sequeretur.
526 2535 627 2598 Haec
656 2557 720 2598 nos
746 2537 864 2598 clarae
888 2555 1078 2597 memor:ae
1103 2535 1418 2616 praedecessorum

151 2649 275 2703 tuorum
299 2640 460 2704 facinora
486 2643 635 2723 egregia
658 2645 766 2724 plena
791 2641 988 2725 sapientiae
1014 2651 1049 2704 et
1073 2662 1181 2704 verae
1196 2641 1350 2723 pietatiS,
1374 2643 1418 2704 de

152 2766 282 2826 quorum
298 2750 415 2831 gloria
435 2750 531 2813 nulla
555 2771 709 2832 unquam
735 2759 834 2812 aetas
860 2748 1087 2829 conticescet,
1112 2748 1216 2810 nobis
1240 2758 1323 2810 ante
1339 2768 1418 2810 ocu-

151 2854 196 2917 los
210 2867 448 2939 proponentes
474 2878 515 2920 ac
540 2879 618 2921 cum
642 2869 704 2921 tua
728 2858 940 2921 celsitudine
965 2858 1203 2937 conferentes,
1228 2876 1291 2937 spe
1320 2867 1419 2919 certa

153 2982 254 3026 sumus
277 2985 367 3047 quos
391 2976 428 3026 tu
454 2966 619 3028 coelestis
644 2986 731 3047 erga
755 2986 792 3027 se
818 2964 1075 3028 beneficentiae
1100 2964 1201 3028 donis
1223 2963 1338 3027 vicisti
1356 2984 1418 3026 eos

153 3070 243 3133 etiam
256 3072 389 3153 pietate
413 3072 449 3135 in
464 3073 579 3135 Deum
604 3085 639 3135 et
664 3072 758 3135 omni
783 3073 914 3136 virtute
929 3074 981 3136 Te
1006 3081 1263 3153 superaturum.
1305 3069 1418 3151 Quem

153 3176 232 3239 enim
255 3199 405 3260 unquam
420 3180 519 3242 Deus
543 3201 606 3242 sua
631 3179 782 3243 mirabili
806 3179 1033 3261 providentia
1057 3188 1127 3242 tam
1154 3177 1279 3240 virenti
1301 3188 1418 3240 aetate

153 3284 191 3343 ad
220 3306 383 3350 summum
413 3286 600 3369 imperium
631 3287 792 3367 vocavit,
829 3287 885 3349 cui
916 3286 1051 3369 largius
1083 3296 1119 3347 et
1148 3285 1183 3347 in
1214 3287 1350 3347 honore
1383 3295 1420 3346 et

152 3387 181 3451 in
195 3390 309 3457 iuditio
325 3394 472 3457 indulsit
487 3397 662 3475 unquam?
695 3394 808 3474 Quem
834 3393 1025 3475 majoribus
1049 3402 1085 3455 et
1107 3391 1322 3455 firmioribus
1346 3412 1418 3455 sur-

153 3514 229 3574 gere
257 3500 494 3565 fundamentis
526 3512 560 3562 et
593 3500 658 3563 nisi
691 3502 735 3563 ad
762 3500 1013 3582 amplissimam
1038 3501 1179 3561 laudern
1204 3500 1418 3580 sperandam

153 3604 267 3685 voluit,
296 3606 453 3678 accinxit
476 3620 511 3670 te
536 3619 699 3671 terrenae
730 3608 919 3689 potestatis
943 3627 1110 3688 supremo
1142 3606 1262 3687 gladio
1270 3653 1279 3684 ,
1313 3626 1417 3687 quern

153 3706 270 3774 frustra
301 3715 464 3797 profecto
494 3714 630 3778 sereres
658 3717 761 3797 juxta
787 3716 889 3778 Pauli
914 3713 1082 3796 Apostoli
1114 3712 1326 3775 sententiam
1352 3710 1418 3773 nisi

152 3836 188 3876 eo
211 3829 341 3885 uterere
366 3844 446 3884 cum
470 3824 642 3885 adversus
667 3821 829 3886 infideles
853 3832 927 3885 tum
952 3831 1075 3884 contra
1091 3820 1291 3883 infidelibus
1308 3821 1416 3882 multo

151 3922 331 3992 deteriores
364 3928 573 3993 haereticos.
622 3930 699 3992 Hac
734 3950 822 4012 ergo
860 3943 942 3992 tuae
978 3926 1239 4010 magnitudinis,
1273 3948 1344 4007 qua
1380 3935 1418 3988 ut

151 4022 287 4111 irfiperio
307 4036 355 4099 ita
383 4038 518 4119 pietate
542 4058 621 4100 esse
646 4038 800 4100 maxima
831 4039 953 4118 debes,
987 4057 1051 4118 spe
1084 4019 1176 4113 freti,
1209 4033 1415 4115 tibique‘in

149 4141 338 4207 memoriam
370 4146 583 4207 reducentes
615 4145 707 4207 hanc
735 4145 884 4225 primam
910 4165 988 4207 esse
1014 4144 1169 4206 oblatam
1195 4141 1415 4204 occasionem

151 4242 339 4312 declarandi
363 4271 468 4331 quam
495 4251 557 4313 tibi
581 4251 698 4313 unitas
723 4262 758 4312 et
782 4250 881 4332 quies
907 4249 1103 4312 catholicae
1129 4249 1302 4311 ecclesiae
1318 4248 1417 4311 cordi

149 4348 197 4427 sit,
221 4354 461 4420 celsitudinem
486 4368 583 4419 tuam
607 4360 791 4420 hortamur
814 4360 849 4420 in
867 4357 1020 4419 Domino
1046 4365 1081 4418 et
1106 4376 1172 4437 per
1195 4356 1334 4417 viscera
1358 4354 1416 4416 nii·

148 4456 350 4529 sericordiae
380 4465 449 4527 Dei
482 4465 736 4547 omnipotentis
767 4465 977 4546 requirimus
1007 4475 1063 4543 ut,
1090 4463 1294 4526 eorumdem
1318 4483 1416 4525 more

147 4566 450 4637 praedecessorum
475 4582 614 4634 tuorum
639 4573 697 4654 qui
717 4572 891 4635 Romanis
908 4569 1141 4634 Pontificibus
1165 4572 1415 4652 praedecesso-

147 4664 235 4732 ribus
266 4678 389 4740 nostris
420 4678 455 4739 in
480 4682 587 4741 rebus
613 4680 729 4741 dubiis
753 4700 795 4741 ac
819 4678 1029 4761 periculosis
1053 4698 1193 4760 semper
1217 4679 1415 4756 astiterunt,

146 4776 228 4839 velis
252 4790 415 4864 tanquam
441 4786 607 4867 princeps
635 4787 845 4865 catholicus,
872 4796 907 4848 et
931 4787 975 4848 de
999 4807 1069 4867 quo
1095 4785 1212 4847 omnia
1236 4806 1327 4866 quae
1352 4805 1416 4867 per

145 4888 177 4941 te
199 4904 264 4963 pro
290 4886 368 4954 fidei
391 4893 588 4957 catholicae
613 4897 831 4957 exaltatione
856 4892 1008 4975 prestari
1032 4902 1192 4974 possunt,
1217 4892 1320 4955 nobis
1337 4912 1414 4974 pro-
