3425 5700
823 920 899 985 261.

372 1037 587 1119 Theodotius
615 1038 776 1135 Herium)
804 1036 922 1116 Blosio
950 1036 988 1116 ll.
1017 1036 1055 1117 ll.
1083 1036 1118 1117 P.
1148 1034 1352 1116 Soorelario.

621 1184 710 1257 (artu
729 1186 760 1243 etl
778 1184 856 1243 aller.
875 1183 958 1257 epiri.
976 1182 1022 1242 fol.
1040 1182 1109 1251 ilo.)

712 1304 766 1370 (26.
786 1304 895 1356 Octobr.
919 1300 1006 1371 1525.)

314 1440 565 1533 Superioribus
598 1447 723 1511 diebus
747 1446 863 1529 pridie
888 1466 992 1527 quam
1016 1466 1062 1508 ex
1087 1447 1174 1507 urbe
1198 1444 1233 1506 in
1257 1444 1410 1527 patriam
1434 1446 1505 1506 dis-

224 1557 388 1619 cederem
422 1554 568 1618 tradidit
602 1553 685 1618 mihi
709 1552 915 1615 Dominatio
941 1550 985 1615 V.
1020 1552 1091 1613 duo
1122 1550 1340 1613 memorialia
1363 1552 1433 1613 R¹¹²i
1459 1553 1506 1613 l).

222 1662 289 1725 mei
314 1661 473 1744 episcopi
496 1660 703 1724 veronensis
728 1658 875 1739 datarii,
900 1678 1048 1740 quorum
1081 1658 1194 1721 altero
1219 1658 1295 1719 R¹¹¹⁸
1324 1657 1392 1719 Duo
1417 1658 1508 1737 eius,

222 1789 243 1832 a
268 1790 338 1851 qua
361 1777 397 1831 et
421 1768 657 1848 subscriptum
682 1776 769 1847 erat,
794 1764 878 1828 mihi
902 1764 1084 1828 mandavit
1115 1784 1161 1826 ex
1184 1773 1288 1845 parte
1312 1764 1370 1827 8¹⁰¹
1393 1767 1434 1828 D.
1459 1764 1507 1827 N.

226 1892 265 1939 ut
287 1884 475 1957 postquam
500 1874 696 1937 Lovanium
722 1861 898 1936 venissem
922 1872 1101 1934 studerem
1125 1891 1204 1933 cum
1228 1872 1442 1935 dexteritate
1468 1884 1508 1934 et

225 1985 360 2064 absque
392 1984 542 2044 tumultu
567 1983 706 2043 duobus
734 1979 803 2042 illis
827 1979 1005 2059 theologis
1030 1977 1263 2041 Lovaniensis
1287 1979 1508 2042 Academiae

225 2089 361 2153 Erasmi
385 2088 636 2167 Roterodami‚
670 2098 707 2150 ut
738 2087 815 2168 ipse
849 2086 1017 2167 queritur,
1040 2085 1321 2167 traductoribus,
1351 2085 1505 2167 Egmon·

221 2196 315 2257 dano
339 2194 482 2275 inquam
506 2205 542 2257 et
558 2192 760 2273 Vincenti0‚
785 2193 963 2255 silentium
991 2202 1028 2255 et
1054 2192 1306 2255 abstinentiam
1335 2195 1381 2255 ab
1410 2192 1507 2256 illius

222 2300 542 2365 obtrectationibus
571 2298 817 2381 morsibusque
852 2299 1048 2381 imponere.
1104 2300 1230 2362 Altero
1266 2320 1370 2375 vero,
1408 2303 1507 2382 quod

228 2408 465 2490 subscriptum
490 2428 561 2472 non
585 2408 662 2489 fuit,
686 2406 771 2469 mihi
796 2405 943 2489 proprio
967 2406 1109 2470 nomine
1133 2406 1271 2470 comisit
1294 2416 1330 2469 et
1352 2406 1509 2469 iniunxit

224 2527 262 2577 ut
287 2516 382 2597 apud
406 2514 650 2577 Lovanienses
674 2515 718 2577 ad
744 2533 833 2595 quos
857 2523 1055 2595 spectaret,
1092 2512 1271 2575 efficerem
1304 2525 1344 2577 ut
1372 2514 1416 2579 D.
1444 2514 1503 2592 Ju-

222 2622 317 2684 liano
341 2621 474 2684 Baccio
509 2621 553 2684 de
585 2618 741 2702 Organis
776 2619 942 2682 familiari
979 2640 1044 2682 suo
1081 2620 1288 2702 pensionem
1326 2622 1508 2702 quandam

223 2727 300 2790 XX
327 2728 443 2791 ducat.
467 2727 519 2791 illi
543 2748 651 2809 super
675 2726 848 2789 fructibus
872 2726 1104 2790 canonicatus
1128 2736 1164 2789 et
1179 2728 1409 2808 praebendae
1425 2727 1506 2790 Col·

222 2834 377 2918 legiatae
413 2834 595 2899 Ecclesiae
634 2832 672 2900 S.
718 2831 917 2897 Salvatoris
953 2832 1230 2898 Harlebecensis
1267 2834 1507 2899 Tornacensis

222 2942 396 3005 dioecesis
426 2952 645 3005 reservatam
674 2943 808 3005 salvam
841 2951 878 3004 et
909 2941 1085 3024 integram
1121 2962 1200 3005 esse
1241 2942 1407 3005 iuberent
1437 2962 1507 3024 per

222 3049 319 3112 illum
345 3047 552 3129 magistrum
577 3049 622 3111 de
646 3047 783 3130 gremio
808 3068 882 3127 suo,
910 3047 969 3130 qui
993 3068 1032 3111 se
1056 3049 1092 3110 in
1116 3048 1232 3111 dictos
1255 3049 1506 3113 canonicatum

223 3170 258 3220 et
281 3154 524 3237 praebendam
547 3155 748 3218 intrusisset
805 3155 942 3218 Horum
965 3155 1087 3236 itaque
1110 3156 1355 3218 mandatorum
1369 3176 1508 3220 memor

223 3282 304 3344 ego,
328 3261 422 3324 illico
448 3270 555 3343 atque
580 3261 777 3326 Lovanium
800 3261 894 3340 veni,
918 3263 964 3324 de
988 3271 1138 3343 utroque
1156 3262 1318 3344 negocio,
1335 3272 1505 3345 quantum

223 3379 296 3432 tum
320 3379 460 3450 tempus
484 3368 624 3432 ferebat
647 3378 684 3431 et
707 3369 743 3432 in
767 3389 822 3432 me
859 3379 952 3450 erat,
985 3371 1123 3431 locutus
1157 3386 1234 3431 sum
1267 3378 1304 3432 et
1337 3371 1508 3433 mandata

223 3497 321 3556 mea,
358 3474 485 3557 quibus
517 3476 625 3538 debui
651 3485 685 3538 et
709 3475 823 3557 potui,
853 3475 1014 3557 exposui.
1061 3475 1117 3556 Et,
1140 3483 1180 3537 ut
1203 3475 1301 3558 prius
1326 3476 1371 3540 de
1393 3477 1508 3558 priori

223 3593 259 3647 et
282 3581 527 3664 principaliori
551 3583 687 3664 loquar,
712 3582 783 3644 adii
807 3582 1045 3663 personaliter
1068 3582 1200 3645 dictum
1219 3581 1506 3665 Egmondanum,

224 3689 327 3770 eique
353 3689 532 3752 declaravi
549 3699 585 3753 et
609 3691 771 3771 querelas
796 3709 887 3770 quae
912 3689 958 3752 ad
982 3686 1073 3751 ΞΜ
1088 3690 1133 3752 D.
1157 3688 1199 3752 N.
1225 3691 1270 3751 de
1294 3710 1338 3753 eo
1362 3691 1508 3754 delatae

225 3795 388 3874 fuissent,
419 3807 455 3858 et
483 3795 655 3877 quidsua
684 3795 736 3858 δ”
751 3815 858 3877 super
882 3794 925 3858 iis
949 3797 996 3858 ab
1020 3815 1063 3858 eo
1086 3795 1162 3858 fieri
1187 3797 1295 3858 vellet
1320 3797 1509 3880 explicans

223 3911 260 3966 et
283 3922 408 3965 causas
431 3902 662 3965 rationabiles
670 3951 678 3982 ,
712 3922 803 3984 quae
836 3902 987 3964 eandem
1018 3902 1081 3963 8⁰¹³
1104 3903 1150 3964 ad
1175 3901 1225 3965 ita
1252 3904 1444 3967 volendum
1468 3917 1508 3968 et

222 4009 514 4092 praecipiendum
553 4009 801 4073 adduxissent:
837 4028 990 4091 ususque
1026 4029 1103 4071 sum
1137 4028 1202 4090 per
1236 4009 1355 4073 omnia
1383 4011 1508 4076 verbis

223 4137 315 4199 quae
343 4116 520 4178 hominem
545 4116 693 4180 delinire
724 4115 842 4198 potius
875 4136 980 4198 quam
1009 4115 1147 4178 irritare
1177 4126 1341 4197 possent;
1378 4117 1509 4200 quibus

223 4223 284 4286 ille
307 4221 436 4286 auditis
461 4242 542 4286 mox
567 4222 642 4286 sine
668 4225 738 4287 ulla
762 4222 998 4286 haesitatione
1021 4222 1224 4304 respondit:
1261 4225 1354 4287 velle
1387 4245 1425 4288 se
1453 4227 1510 4289 uti

226 4334 358 4393 bonum
383 4338 418 4391 et
442 4329 667 4394 obedientem
691 4330 800 4393 filium
836 4331 892 4393 ὃ8ο
922 4328 1128 4394 Catholicae
1162 4340 1198 4393 et
1229 4331 1418 4394 Romanae
1440 4331 1508 4396 Ec·

224 4436 355 4500 clesiae
386 4435 530 4518 eiusque
567 4439 722 4519 pastoris
753 4447 789 4500 et
819 4435 992 4520 principis
1024 4435 1154 4499 Christi
1178 4435 1314 4500 Vicarii
1348 4440 1509 4522 deceret,

224 4563 290 4627 per
325 4542 441 4606 omnia
473 4563 600 4624 parere
637 4544 811 4607 mandatis
842 4542 1083 4627 Apostolicis,
1117 4553 1286 4624 quantum
1314 4565 1393 4608 cum
1423 4547 1509 4611 Deo

226 4659 262 4712 et
285 4650 385 4712 salva
407 4649 614 4733 integritate
638 4649 721 4713 fidei
750 4671 792 4714 ac
822 4651 1008 4733 religionis
1044 4661 1181 4732 posset;
1215 4672 1281 4715 nec
1317 4652 1509 4735 quicquam

301 4879 319 4947 ¹)
340 4881 505 4932 Theodotius
524 4882 567 4931 hic
588 4883 672 4931 luerat
690 4883 845 4931 secretarius
866 4885 955 4948 Papae
974 4883 1106 4932 Hadriani
1126 4885 1172 4932 VI.
