3425 5700
795 506 1024 562 04312C>=0

270 653 442 732 Joannem
459 655 605 719 Echium
630 657 762 720 litteris
778 657 985 740 apostolicis
1009 658 1055 720 ad
1071 660 1337 740 procedendum
1358 659 1463 740 juxta
1479 681 1546 722 mo·

270 763 353 825 dum
379 772 414 825 et
437 763 585 826 formam
606 765 647 850 rin
672 765 804 828 eisdem
830 766 963 828 licteris
989 767 1167 829 contentis
1184 777 1308 829 contra
1325 777 1361 829 et
1376 769 1549 830 adversus

270 872 447 951 quendam
472 871 617 934 fratrem
640 873 832 935 Martinum
859 873 992 934 Luther
1025 884 1060 935 et
1091 874 1165 956 ejus
1196 874 1329 956 scripta
1360 874 1548 937 fuissemus

270 978 441 1060 requisiti,
465 999 619 1041 necnon
643 980 746 1042 nobis
770 981 846 1042 sine
863 1001 1048 1057 consensu,
1074 991 1172 1043 certa
1189 982 1348 1062 scientia,
1364 982 1547 1043 voluntate

270 1087 413 1148 decreto
446 1096 481 1148 et
511 1089 677 1150 mandato
713 1097 853 1150 vestrae
878 1087 1054 1150 Caesaree
1083 1097 1119 1149 et
1143 1087 1325 1150 Catholice
1349 1089 1547 1170 Majestatis

270 1192 319 1254 uti
344 1193 514 1274 principis
539 1204 573 1256 et
597 1194 796 1257 fundatoris
829 1194 940 1256 nostri
965 1197 1162 1276 procedere
1193 1196 1228 1257 in
1252 1206 1324 1257 tam
1349 1198 1460 1258 arduo
1490 1217 1545 1258 ne-

269 1300 374 1381 gocio
406 1300 519 1363 licuit:
575 1301 693 1381 Quare
724 1321 867 1365 causam
899 1303 1012 1384 ipsam
1045 1304 1091 1364 ad
1122 1302 1320 1365 Caesareae
1351 1312 1387 1365 et
1419 1303 1545 1366 Catho-

269 1405 587 1494 licaeLMajestatis
622 1409 771 1472 Vestrae
808 1410 973 1473 noticiam
1012 1411 1272 1472 devolvendam
1309 1411 1474 1473 duximus
1510 1419 1547 1472 et

268 1515 362 1576 illius
387 1516 575 1580 occasione
591 1518 884 1598 protestationem
910 1519 1104 1580 solemnem
1120 1517 1268 1579 fecimus
1284 1527 1319 1580 et
1334 1517 1545 1600 interposui-

269 1643 344 1684 mus
368 1623 560 1704 copiasque
585 1625 740 1713 ejusdem
765 1627 811 1687 ad
842 1625 1008 1687 Vestram
1033 1624 1243 1687 Caesaream
1269 1634 1302 1687 et
1326 1625 1545 1688 Catholicam

268 1730 489 1811 Maiestatem
514 1731 791 1811 transmittimus
808 1732 985 1794 humiliter
1000 1734 1151 1795 eandem
1162 1742 1315 1794 vestram
1333 1732 1545 1795 Caesaream

269 1849 303 1899 et
329 1837 545 1901 Catholicam
570 1839 792 1921 Majestatem
826 1843 979 1920 desuper
1008 1839 1147 1902 devotis
1179 1839 1346 1920 precibus
1370 1849 1545 1921 petentes,

268 1947 435 2028 dignetur
452 1947 496 2008 de
514 1955 630 2009 mente
648 1955 683 2010 et
698 1946 895 2010 intentione
911 1958 1051 2009 vestrae
1065 1948 1264 2010 Caesareae
1279 1968 1319 2009 ac
1339 1947 1544 2009 Catholicae

218 2113 220 2117 .
267 2054 463 2135 Majestatis
487 2074 551 2116 nos
571 2054 741 2116 certiores
762 2054 916 2134 efficere,
941 2055 1025 2136 quid
1050 2057 1095 2116 ad
1121 2062 1255 2116 tantam
1272 2030 1544 2135 exquisitionem

267 2161 369 2224 nobis
394 2163 572 2244 agendum
595 2161 725 2224 veniat.
765 2162 948 2224 Noluimus
973 2162 1065 2223 enim
1090 2162 1125 2223 in
1150 2170 1249 2223 tanto
1274 2181 1392 2223 rerum
1423 2161 1542 2223 discri·

267 2269 360 2331 mine
385 2290 430 2331 ex
456 2269 571 2332 causis
596 2279 631 2331 et
656 2269 796 2332 motivis
820 2269 855 2331 in
880 2272 1004 2331 eadem
1020 2269 1278 2351 protestatione
1300 2269 1462 2330 deductis
1485 2289 1543 2331 ve-

267 2386 374 2439 stram
400 2376 611 2439 Caesaream
641 2387 676 2440 et
701 2376 919 2439 Catholicam
943 2377 1166 2457 Majestatem
1204 2375 1387 2457 preteriri,
1428 2397 1544 2457 neque

265 2485 359 2550 illius
384 2485 570 2546 occasione
596 2482 789 2564 Majestatis
820 2494 962 2546 vestrae
986 2483 1254 2565 indignationen
1279 2482 1449 2564 incidere,
1480 2485 1544 2545 sed

266 2595 485 2657 voluntatem
511 2602 662 2654 mentem
695 2601 730 2653 et
754 2591 968 2653 decisionem
995 2590 1150 2670 ejusdem
1174 2589 1372 2670 Maiestatis
1401 2598 1544 2652 vestrae

267 2710 475 2784 expectare:
509 2700 573 2763 Cui
609 2719 674 2762 nos
712 2719 921 2780 omnemque
955 2719 1100 2780 operam
1132 2709 1289 2760 nostram
1327 2698 1544 2760 devovemus

266 2809 456 2874 subicimus
490 2819 525 2871 et
558 2805 749 2871 humillime
784 2806 832 2868 uti
856 2805 1010 2889 principi
1041 2818 1076 2868 et
1094 2805 1289 2892 jfundatori
1317 2816 1439 2868 nostro
1474 2805 1541 2867 cle-

265 2918 480 2981 mentissimo
506 2915 801 2977 commendamus

355 3028 485 3088 Datum
501 3024 664 3085 Viennae
681 3022 738 3085 die
754 3024 859 3085 lunae
884 3021 1022 3084 decima
1047 3021 1246 3084 decembris
1271 3019 1543 3113 AnnolDomini

265 3135 453 3198 Vicesimo.
479 3132 538 3195 Sic
556 3132 791 3212 subscriptum
810 3130 962 3193 Vestrae
980 3130 1178 3192 Caesareae
1195 3136 1231 3191 et
1247 3126 1453 3190 Catholicae
1469 3128 1542 3189 Ma·

262 3243 399 3324 jestatis
422 3241 572 3303 humiles
597 3238 792 3321 Capellani,
817 3238 972 3316 Rector,
1002 3238 1178 3299 Doctores
1210 3247 1245 3298 et
1269 3234 1432 3317 Magistri
1463 3235 1544 3296 Uni-

264 3348 443 3411 versitatis
467 3348 641 3412 Viennae.
669 3383 705 3393 —
733 3347 774 3409 ln
799 3348 897 3409 dorso
928 3345 1140 3408 litterarum:
1171 3343 1434 3407 Gloriosissimo
1464 3343 1543 3404 lllu-

266 3457 436 3519 strissimo
452 3467 486 3517 et
499 3454 728 3517 invictissimo
746 3453 899 3535 principi
912 3452 1106 3514 etDomino
1115 3451 1266 3515 Domino
1274 3450 1403 3513 Carolo
1411 3450 1542 3511 Roma·

265 3584 388 3627 norum
405 3562 614 3646 Imperatori
630 3582 670 3623 ac
688 3561 939 3643 Hispaniarum
961 3560 1142 3639 utriusque
1160 3557 1301 3620 Siciliae
1327 3567 1362 3619 et
1379 3555 1543 3634 Jherusa·

265 3676 333 3735 lem
357 3672 455 3753 Regi
479 3669 673 3734 Archiduci
705 3670 835 3731 austrie
867 3677 903 3730 et
935 3668 1088 3730 Domino
1122 3679 1243 3730 nostro
1275 3668 1543 3749 gratiosissimo.

266 3818 308 3824 —
333 3780 379 3841 ln·
404 3774 726 3863 NominenssDomini
758 3777 865 3839 Anno
897 3796 918 3837 a
943 3775 1137 3837 Nativitate
1170 3776 1327 3857 ejusdem
1356 3774 1544 3839 millesimo

266 3884 549 3967 quingentesimo
566 3884 749 3966 vigesimo,
774 3883 968 3946 indictione
987 3896 1124 3960 octava,
1150 3883 1206 3946 die
1223 3903 1310 3945 vero
1328 3884 1433 3944 lunae
1449 3902 1544 3963 quae

266 4002 343 4055 erat
374 3992 511 4055 decima
543 3992 672 4055 mensis
703 3992 913 4056 Decembris
949 3993 1037 4053 hora
1072 4000 1200 4053 octava
1238 4002 1321 4052 ante
1359 3989 1544 4054 meridiem

265 4100 492 4182 pontificatus
517 4100 727 4163 sanctissimi
751 4100 786 4161 in
811 4100 951 4162 Christo
976 4098 1088 4180 patris
1113 4108 1147 4160 et
1164 4096 1306 4159 Domini
1336 4096 1447 4158 nostri
1473 4098 1543 4159 Do·

266 4207 349 4270 mini
381 4207 511 4270 Leonis
545 4207 665 4269 divina
695 4206 921 4288 providentia
953 4207 1075 4287 Papae
1106 4204 1233 4266 decimi
1266 4224 1358 4265 anno
1393 4216 1542 4270 octavo:

265 4315 476 4398 Magnificus
500 4336 542 4377 ac
567 4314 744 4397 Egregius
768 4314 833 4375 Vir
858 4313 1197 4401 JoanneslUbeulhe
1223 4312 1372 4373 Heirser
1402 4310 1544 4376 Artium

267 4434 301 4484 et
326 4424 577 4486 saluberrimae
602 4422 800 4485 medicinae
817 4422 963 4500 Doctor‚
981 4420 1233 4481 Universitatis
1256 4420 1362 4482 studii
1380 4421 1544 4511 Viennae

267 4541 393 4607 rector,
418 4530 565 4607 Decani,
590 4539 850 4611 procuratores,
877 4527 1084 4607 Consiliarii,
1118 4538 1151 4588 et
1182 4548 1381 4591 assessores
1412 4531 1544 4594 dictam

266 4638 532 4700 universitatem
550 4645 880 4718 repraesentantes:
905 4636 944 4697 ln
962 4635 1029 4697 mei
1046 4633 1181 4697 Notarii
1199 4635 1332 4716 publici
1347 4648 1383 4699 et
1401 4638 1544 4701 testium

264 4743 569 4825 infrascriptorum
592 4744 773 4826 presentia
797 4746 842 4805 ad
867 4744 933 4805 hoc
959 4742 1160 4824 specialiter
1185 4753 1391 4806 vocatorum
1423 4753 1459 4807 et
1489 4766 1542 4809 ro-

265 4862 428 4935 gatorum
446 4852 682 4934 personaliter
707 4852 900 4932 constituti,
924 4850 960 4912 in
984 4850 1089 4912 solita
1114 4850 1199 4914 dicti
1214 4851 1356 4915 Domini
1373 4837 1543 4917 Rectoris
