3425 5700
820 538 878 591 e<3
922 538 1067 592 102&

301 685 396 746 disse
425 685 572 745 haverlo
600 683 691 745 fatto
719 685 851 765 perche
887 704 957 747 non
987 704 1049 746 era
1078 694 1200 747 tenuto
1228 706 1249 745 a
1274 686 1400 748 credet
1428 686 1463 747 la
1489 686 1579 747 bulla

301 812 399 854 esser
422 811 519 869 vera,
542 789 615 853 fino
639 791 705 853 che
728 791 751 852 l’
768 792 919 853 havesse
944 790 1038 853 visto
1063 791 1084 852 l’
1103 791 1268 873 original,
1294 802 1329 855 et
1354 792 1387 854 io
1405 790 1576 855 reflecten-
1689 810 1690 813 ’

301 900 374 962 doli
404 899 425 960 l'
442 907 652 980 argumento
680 898 835 978 resposi,
869 899 935 960 che
966 898 1008 959 ne
1034 899 1148 961 anche
1174 900 1223 961 lui
1252 900 1367 962 devea
1390 900 1579 981 publicarla

301 1026 399 1069 esser
422 1005 524 1085 falsa,
548 1003 620 1067 fino
645 1004 711 1067 che
735 1005 887 1067 havessc
912 1005 1044 1067 veduto
1070 1005 1091 1067 l’
1110 1004 1274 1087 original,
1305 1007 1436 1087 perche
1461 1016 1578 1087 questo
1689 1006 1690 1011 ’

302 1134 363 1176 era
387 1113 448 1195 pin
473 1131 584 1193 grave
610 1131 709 1174 error
734 1112 941 1174 condennar
964 1113 1000 1173 la
1024 1133 1108 1174 cosa
1125 1113 1191 1175 che
1207 1112 1229 1175 l'
1245 1114 1352 1175 homo
1370 1133 1440 1175 non
1457 1132 1505 1192 sa,
1528 1134 1578 1175 ma

302 1222 348 1282 da
371 1221 546 1302 prudente
571 1238 632 1280 era
656 1238 677 1280 o
702 1218 747 1280 de
771 1227 872 1281 tacer
895 1238 916 1280 o
940 1219 1001 1302 pin
1027 1228 1121 1282 tosto
1140 1218 1194 1281 dir
1211 1221 1243 1283 el
1258 1220 1391 1302 meglio
1407 1222 1487 1283 chel
1501 1241 1579 1303 peg-

300 1327 372 1409 gio.
398 1326 457 1388 Ad
481 1327 571 1388 haec
595 1345 660 1406 per
684 1326 800 1387 Deum
825 1326 966 1387 erubuit
990 1335 1026 1388 et
1051 1326 1236 1406 obmutuit,
1262 1326 1357 1389 etio
1385 1328 1578 1391 vedendolo

302 1432 449 1497 confuso
475 1434 509 1495 la
532 1432 648 1495 buttai
672 1431 707 1493 in
732 1432 803 1495 riso
828 1431 987 1509 insieme,
1013 1442 1049 1494 et
1064 1432 1333 1513 ragionassemo
1349 1434 1385 1495 di
1400 1436 1489 1497 altre
1505 1455 1579 1497 cose

302 1549 336 1602 et
365 1541 493 1608 alcuna
521 1540 620 1601 volta
646 1538 681 1601 io
705 1540 740 1600 lo
764 1540 919 1600 laudava
943 1538 1023 1600 chel
1047 1558 1118 1601 non
1142 1539 1259 1602 hevea
1281 1539 1373 1603 fatto
1397 1561 1497 1604 come
1521 1540 1580 1603 Lu·

301 1650 389 1726 ther,
415 1655 450 1710 et
474 1644 720 1709 confortavalo
745 1667 766 1708 a
790 1644 948 1707 scrivere
972 1665 1016 1707 ea
1041 1664 1133 1726 quae
1157 1644 1378 1727 edificarent,
1406 1668 1475 1712 non
1501 1648 1577 1711 divi-

299 1757 425 1819 derent
453 1754 655 1834 ecclesiam,
685 1773 784 1815 come
812 1752 930 1815 havea
960 1751 1050 1813 fatto
1076 1752 1219 1817 Luther.
1268 1746 1361 1817 Anci
1385 1755 1446 1837 pin
1471 1757 1580 1818 dicen-

300 1863 395 1925 domi
428 1862 477 1925 lui
509 1862 621 1923 haver
654 1862 697 1922 de
729 1860 882 1941 bisogno
917 1858 1027 1920 veder
1061 1860 1176 1921 alcuni
1205 1860 1288 1923 libri
1317 1862 1413 1924 della
1441 1862 1582 1925 libraria

299 1969 464 2032 Palatina
480 1971 515 2032 lo
534 1968 659 2030 invitai
684 1967 849 2044 bRoma,
874 1967 1152 2047 promettendoli
1178 1970 1243 2030 che
1268 1972 1422 2033 sarebbe
1447 1973 1517 2033 ben
1537 1970 1582 2032 vi-

299 2087 370 2157 sto,
404 2086 440 2140 et
468 2084 614 2138 trattato
644 2076 691 2137 da
715 2075 846 2137 Nostro
871 2071 1026 2155 Signore
1057 2083 1093 2137 et
1116 2074 1249 2137 Vostra
1274 2073 1445 2157 Signoria
1469 2077 1582 2139 Reve-

299 2183 524 2265 rendissima,
559 2193 594 2246 et
622 2180 697 2245 cosi
725 2200 953 2243 consumamo
984 2200 1018 2259 5,
1044 2200 1065 2243 o
1091 2184 1125 2260 6,
1155 2184 1242 2244 hore
1271 2182 1329 2245 del
1354 2184 1398 2245 Dl
1424 2184 1582 2253 insieme:

299 2292 360 2374 poi
384 2312 452 2355 con
476 2294 597 2353 buona
619 2290 737 2373 gratia
761 2291 806 2351 de
830 2286 1015 2368 ambedoi,
1048 2288 1097 2349 lui
1122 2288 1152 2349 si
1175 2289 1280 2368 parti.
1326 2289 1366 2351 Li
1392 2290 1452 2353 doi
1476 2289 1511 2352 di
1536 2311 1582 2353 se-

300 2400 424 2480 guenti
452 2399 672 2460 intendendo
700 2396 750 2458 lui
779 2396 845 2457 che
874 2396 904 2457 si
932 2414 1136 2477 preparare
1160 2395 1216 2457 fer
1240 2396 1262 2458 l’
1279 2406 1353 2460 atto
1379 2400 1526 2461 solenne
1551 2397 1585 2459 di

299 2505 381 2568 libri
406 2506 442 2567 di
457 2506 601 2579 Luther,
626 2503 755 2566 mando
780 2501 800 2563 ὲ
824 2500 1061 2564 rechiedermi
1086 2503 1119 2564 el
1144 2503 1334 2583 colloquio
1371 2503 1410 2566 Io
1436 2506 1502 2567 che
1527 2525 1586 2567 era

299 2612 472 2693 impedito
496 2613 690 2672 scorrendo
715 2629 786 2690 qua
809 2616 845 2669 et
869 2607 914 2688 lb,
942 2608 1105 2689 pregailo
1130 2610 1197 2671 che
1221 2631 1276 2673 me
1301 2611 1453 2674 lassasse
1480 2633 1586 2695 expe-

300 2720 356 2780 dir
379 2727 477 2780 certa
500 2717 664 2798 incende,
689 2717 749 2798 poi
773 2716 963 2779 saressimo
989 2715 1147 2778 insieme.
1185 2716 1322 2779 Perche
1338 2717 1373 2780 io
1390 2738 1502 2802 sapea
1517 2722 1587 2783 ben

299 2828 366 2889 che
389 2825 440 2889 lui
462 2844 519 2888 me
542 2824 648 2888 volea
670 2823 764 2886 tenir
788 2822 808 2886 zi
831 2824 942 2904 bada,
972 2821 1070 2886 accio
1094 2842 1274 2887 scorresse
1298 2823 1324 2887 il
1354 2835 1489 2909 temp0,
1521 2828 1588 2892 che

300 2955 362 2997 era
384 2933 607 3012 brevissimo,
632 2942 668 2993 et
688 2929 797 2994 Cesar
820 2931 962 2994 interim
986 2951 1024 2993 se
1049 2931 1202 3012 partisse
1228 2931 1362 2995 infecta
1385 2953 1425 2996 re
1448 2945 1588 2998 nostra:

298 3041 360 3103 Ma
384 3041 443 3123 poi
468 3039 558 3102 fatto
581 3039 604 3102 l'
619 3038 797 3120 incendi0‚
821 3041 892 3101 mai
916 3039 978 3120 pili
995 3038 1143 3100 Erasmo
1165 3058 1361 3121 comparse,
1386 3050 1422 3103 et
1438 3043 1474 3104 la
1488 3053 1590 3106 corte

299 3148 393 3230 parti
417 3167 483 3229 per
504 3146 703 3229 Moguntia,
729 3166 773 3208 ne
798 3148 889 3209 altro
914 3147 976 3228 poi
1000 3145 1018 3208 ὲ
1044 3147 1218 3208 accaduto
1243 3129 1309 3209 che
1335 3147 1368 3209 io
1393 3149 1501 3230 sapii:
1552 3148 1591 3212 Si

300 3258 366 3319 che
389 3274 504 3336 prego
519 3254 651 3316 Nostro
668 3252 822 3335 Signore
847 3275 919 3316 non
944 3252 1042 3316 credi
1067 3252 1113 3315 ad
1128 3253 1277 3317 Erasmo
1302 3254 1335 3316 in
1362 3265 1502 3336 questo,
1528 3257 1591 3340 pin

300 3364 366 3425 che
390 3384 412 3424 a
434 3383 502 3441 me,
526 3363 657 3443 perche
682 3358 757 3423 cosi
782 3362 800 3424 ὲ
825 3370 861 3424 et
884 3363 968 3424 holo
993 3360 1115 3422 scritto
1141 3359 1215 3422 cosi
1235 3383 1256 3423 a
1271 3361 1381 3443 lungo
1397 3364 1499 3426 accio
1517 3363 1594 3427 Sua

300 3466 439 3532 Santitb
470 3477 506 3530 et
533 3469 666 3531 Vostra
695 3466 866 3551 Signoria
894 3467 1213 3531 Reverendissima
1241 3489 1387 3551 sapesse
1416 3473 1450 3533 el
1485 3480 1592 3552 tutto,

300 3587 336 3640 et
360 3597 381 3638 a
405 3577 674 3639 corroboration
698 3577 735 3637 di
760 3586 886 3656 questo
910 3575 970 3656 pol
1000 3575 1236 3657 comprender
1261 3575 1394 3638 Vostra
1418 3575 1595 3660 Signoria

300 3681 619 3747 Reverendissima
643 3684 676 3746 el
700 3703 786 3746 vero
811 3684 857 3746 da
878 3682 946 3745 mie
961 3682 1122 3763 proxime
1138 3684 1222 3746 date
1239 3682 1355 3764 lettre,
1381 3685 1477 3748 nelle
1493 3685 1595 3769 quali

299 3791 333 3852 io
358 3790 497 3852 scrivea
521 3791 586 3852 che
611 3811 720 3854 encor
744 3791 810 3853 che
827 3789 977 3852 Erasmo
1001 3787 1098 3852 fusse
1123 3790 1155 3852 el
1180 3809 1270 3870 gran
1295 3790 1534 3856 fundamento
1559 3793 1596 3856 di

300 3906 427 3979 questa
458 3897 612 3976 heresia,
646 3899 837 3960 tuttavolta
865 3917 902 3960 se
937 3898 1051 3959 devea
1084 3896 1320 3960 dissimularlo
1352 3918 1419 3979 per
1444 3902 1595 3966 adesso,

300 4003 344 4066 Et
373 4012 491 4065 tamen
521 4013 605 4066 tunc
630 4003 840 4085 ignorabam
866 4004 902 4064 id
927 4003 1022 4084 quod
1047 4013 1173 4084 postea
1198 4025 1244 4066 ex
1268 4004 1395 4067 litteris
1419 4026 1596 4086 procura-

300 4109 388 4172 toris
410 4109 481 4172 mei
506 4109 665 4171 intellexi
690 4110 875 4173 Erasmum
900 4110 944 4170 ad
969 4111 1093 4171 urbem
1110 4109 1197 4172 talia
1213 4109 1408 4191 scripsisse.
1439 4111 1598 4180 Summa

299 4236 513 4279 summarum
538 4216 700 4298 supplico
726 4216 745 4278 ὲ
769 4216 901 4279 Nostro
926 4215 1079 4297 Signore
1105 4226 1141 4280 et
1165 4217 1297 4280 Vostra
1321 4215 1494 4299 Signoria
1520 4223 1597 4286 Re-

299 4323 557 4387 verendissima
585 4325 651 4387 che
679 4344 751 4387 non
779 4324 925 4387 credino
954 4324 1021 4386 che
1048 4323 1082 4386 io
1112 4322 1153 4385 sii
1177 4329 1204 4386 sl
1230 4343 1337 4405 pazzo
1363 4327 1429 4388 che
1454 4327 1491 4390 io
1521 4351 1597 4394 non

299 4431 383 4494 vedi
407 4433 442 4494 lo
467 4433 533 4493 che
557 4433 720 4512 besogne
744 4431 798 4493 dir
823 4441 858 4493 et
881 4440 1016 4512 tacere,
1047 4431 1112 4494 che
1137 4431 1296 4494 horamai
1320 4453 1365 4496 ne
1389 4453 1455 4496 son
1481 4438 1599 4520 assai,

301 4550 337 4601 et
360 4559 427 4621 pur
451 4549 581 4620 troppo
606 4538 722 4619 perito
747 4538 783 4600 in
807 4547 935 4619 questa
958 4537 1116 4618 materia,
1142 4548 1178 4601 et
1201 4559 1241 4600 so
1265 4541 1335 4602 ben
1351 4541 1418 4602 che
1435 4561 1513 4607 non
1533 4567 1599 4628 op·

300 4654 420 4727 portet
448 4645 551 4707 simul
580 4643 761 4707 concitare
789 4653 842 4706 tot
868 4645 999 4708 hostes.
1047 4645 1122 4708 Imo
1147 4645 1167 4707 l’
1185 4647 1275 4708 altro
1300 4643 1335 4708 di
1360 4646 1426 4709 che
1452 4669 1503 4714 un
1533 4653 1599 4717 vil-

300 4753 383 4814 lano
411 4751 546 4832 portier
575 4751 635 4813 del
662 4750 838 4834 consiglio
864 4751 1167 4815 Lutheranissimo
1195 4773 1251 4815 me
1280 4752 1361 4815 dete
1386 4755 1447 4818 doi
1471 4763 1601 4845 pugni
1691 4795 1692 4800 κ

300 4860 357 4922 nel
382 4867 481 4940 petto
507 4857 526 4920 ὲ
550 4878 640 4941 gran
656 4869 761 4939 torto,
786 4870 822 4921 et
836 4858 902 4920 che
918 4859 998 4920 tutti
1014 4859 1074 4940 qui
1090 4862 1240 4922 aderant
1256 4859 1408 4942 plurimi,
1432 4863 1600 4934 diceano
