3425 5700
622 573 680 625 Η]
719 573 772 627 223
812 571 870 624 [bu

124 721 202 800 apud
226 718 385 804 homines
410 717 619 800 gloriosum:
656 717 759 780 nobis
799 737 884 779 vero
916 716 966 779 ita
989 726 1130 797 gratum
1154 726 1192 777 ut
1216 725 1386 797 quantum

123 825 287 889 devotioni
312 836 394 888 tuae
427 846 493 908 pro
518 846 561 888 eo
593 827 787 888 debeamus
817 826 897 886 loco
930 833 966 886 et
998 834 1157 904 tempore
1189 822 1296 885 simus
1329 823 1386 885 de·

124 933 282 1012 claraturi,
308 932 398 995 sicut
422 933 526 995 latius
550 943 667 995 tecum
691 931 803 994 nuntii
828 931 939 994 nostri
963 941 1085 994 nostro
1102 929 1243 992 nomine
1266 938 1386 1010 agent,

124 1041 234 1122 quibus
270 1039 376 1103 fidem
412 1039 572 1103 habebis,
620 1039 750 1100 Datum
774 1038 968 1101 Malianae'
991 1037 1048 1100 die
1084 1037 1146 1100 IV.
1178 1035 1265 1098 Maii
1305 1057 1315 1097 1
1323 1057 1382 1115 521

124 1169 202 1210 anno
224 1168 327 1211 nono.

645 1363 672 1374 ΛΝ
680 1364 707 1374 ιν-
716 1362 850 1374 »tvvs-*maum-

723 1613 776 1677 88.

535 1728 619 1808 Leo
659 1729 702 1809 X.
742 1727 959 1808 ludensi.

562 1875 702 1944 (unsar.
722 1877 812 1936 aem.
839 1876 870 1934 a.
890 1877 941 1937 aar

508 1993 584 2062 (Cum
613 1996 707 2044 litteris
740 2009 778 2060 14.
804 1996 870 2045 Maii
903 2003 989 2058 1521.)

201 2124 344 2184 Praeter
377 2140 505 2183 nomen
529 2119 668 2183 virtutis
693 2131 728 2183 et
752 2121 948 2183 litterarum
972 2142 1042 2202 quo
1068 2121 1281 2183 fraternitati
1304 2131 1385 2184 tuae

124 2227 338 2311 iampridem
364 2248 503 2290 eramus
527 2227 657 2308 affecti,
682 2248 760 2291 cum
784 2228 1065 2310 intelligeremus
1089 2239 1125 2290 te
1141 2227 1288 2310 egregia
1303 2249 1386 2309 qua·

124 2335 194 2396 dam
216 2335 347 2418 ingenii
373 2346 408 2398 et
432 2335 671 2398 doctrinarum
697 2335 801 2397 laude
826 2333 972 2412 llorere,
997 2335 1135 2398 accedit
1159 2337 1293 2417 duplex
1316 2335 1385 2398 iam

122 2439 262 2504 officium
294 2453 332 2504 ut
356 2443 401 2504 de
426 2454 486 2505 tua
510 2441 544 2504 in
569 2463 738 2504 summum
764 2443 878 2504 Deum
905 2441 1049 2523 pietate,
1073 2442 1107 2504 in
1133 2463 1198 2505 nos
1222 2443 1384 2523 hancque

122 2542 275 2610 Sanctam
300 2549 430 2612 Sedem
457 2547 720 2610 observantiam
746 2549 903 2611 iudicare
927 2549 1063 2630 liquido
1088 2549 1280 2631 possimus;
1306 2569 1385 2611 nam

120 2651 150 2713 in
182 2655 244 2717 hac
269 2657 350 2718 labe
382 2655 554 2737 pestifera
578 2677 669 2736 quae
694 2676 759 2737 per
780 2655 999 2737 impietatem
1024 2665 1060 2718 et
1083 2657 1199 2718 scelus
1222 2657 1385 2718 lutheria-

120 2779 192 2822 num
212 2760 248 2824 in
273 2761 396 2844 gregis
433 2761 535 2825 nobis
560 2763 685 2825 crediti
710 2763 903 2844 perniciem
942 2763 1047 2826 latius
1083 2766 1270 2843 manabat,
1305 2784 1384 2826 cum

119 2870 228 2931 talium
251 2870 407 2932 virorum
432 2869 546 2951 qualis
571 2892 609 2933 es
633 2880 670 2933 tu
695 2871 875 2951 praesidio
899 2871 932 2933 in
950 2870 1073 2951 primis
1089 2870 1289 2933 Christiana
1304 2890 1384 2951 ege-

117 2986 165 3035 ret
187 2976 403 3058 respublica,
434 2977 620 3058 suscepisti
652 2988 689 3039 tu
724 2998 847 3041 munus
872 2998 943 3041 non
968 2980 1080 3040 solum
1103 2978 1235 3059 agendi
1260 2988 1296 3040 et
1319 2998 1385 3060 pro

118 3082 281 3145 catholica
304 3084 375 3146 fide
400 3085 606 3165 laborandi,
641 3086 737 3165 quod
767 3085 831 3147 tibi
856 3084 922 3148 fuit
946 3106 1131 3147 commune
1155 3106 1232 3147 cum
1259 3086 1384 3165 multis,

116 3189 172 3249 sed
203 3190 307 3253 etiam
340 3201 464 3253 contra
494 3191 621 3272 impios
655 3191 883 3255 defendenda
915 3202 1036 3255 vetere
1060 3191 1242 3273 religionis
1266 3196 1384 3255 obser-

115 3295 228 3358 vantia
253 3297 447 3378 scribendi,
477 3296 511 3360 in
545 3318 614 3379 quo
639 3299 869 3381 praecipuam
894 3309 990 3362 certe
1014 3300 1154 3362 laudem
1178 3310 1214 3362 et
1237 3320 1259 3361 a
1283 3299 1386 3361 nobis

113 3399 191 3479 ipsis
214 3412 251 3465 et
266 3404 422 3467 omnium
447 3404 664 3467 eruditorum
688 3405 817 3468 iudicio
843 3428 881 3469 es
905 3416 1127 3487 consecutus
1151 3426 1192 3468 ac
1217 3427 1282 3468 nos
1306 3427 1385 3468 cum

113 3506 200 3572 illam
238 3512 379 3593 quidem
417 3514 637 3593 praeclaram
673 3512 870 3575 orationem
907 3522 1002 3577 tuam
1040 3512 1193 3575 libenter
1223 3512 1385 3595 legimus,

112 3622 176 3677 tum
200 3619 290 3681 haec
318 3619 509 3681 novissima
540 3618 731 3682 laetissime
762 3619 964 3701 accepimus
997 3629 1033 3682 te
1064 3630 1102 3681 ut
1125 3620 1270 3683 Martini
1304 3622 1384 3683 hae-

111 3723 202 3785 retici
227 3726 388 3806 pravitas
413 3735 449 3787 et
472 3724 623 3807 perfidia
646 3726 754 3789 totius
783 3726 933 3789 concilio
958 3726 1170 3789 Germaniae
1205 3729 1384 3789 damnare·

110 3837 170 3907 tur,
194 3831 297 3912 isque
321 3852 387 3914 pro
412 3818 595 3894 haeretico
619 3843 853 3915 reputaretur,
880 3834 974 3895 omni
998 3843 1058 3897 tua
1081 3855 1203 3917 opera,
1227 3834 1385 3914 consilio,

109 3936 237 4017 gratia,
264 3939 475 4003 auctoritate
509 3939 753 4020 contendisse,
785 3961 850 4022 pro
876 3961 945 4022 quo
971 3942 1191 4005 sanctissimo
1216 3962 1325 4023 opere
1350 3949 1386 4003 et

109 4042 224 4108 labore
261 4056 321 4108 tuo
348 4047 485 4126 agimus
519 4046 733 4109 fraternitati
770 4048 851 4110 tuae
886 4069 1033 4130 magnas
1061 4049 1205 4131 gratias
1253 4048 1385 4111 Fecisti

109 4150 192 4214 enim
219 4156 318 4234 quod
343 4163 379 4216 te
405 4152 569 4234 dignum,
594 4158 689 4236 quod
715 4155 835 4217 virtuti
867 4165 949 4219 tuae
975 4167 1010 4219 et
1034 4156 1091 4217 isti
1115 4177 1221 4237 quam
1244 4156 1385 4218 obtines

109 4256 269 4338 dignitati
295 4271 591 4342 consentaneum,
628 4263 690 4324 sed
728 4263 821 4325 idem
853 4264 932 4325 Deo
966 4263 1248 4345 acceptissimum
1281 4263 1385 4325 nobis

107 4366 360 4448 gratissimum,
390 4368 449 4449 qui
482 4370 550 4431 hoc
575 4389 753 4450 nunquam
786 4390 832 4431 ex
866 4369 984 4432 animo
1013 4378 1049 4431 et
1073 4369 1240 4432 memoria
1263 4379 1385 4432 nostra

107 4472 263 4536 amissuri
301 4494 430 4537 sumus.
479 4476 603 4556 itaque
642 4486 677 4538 et
713 4486 834 4538 nostra
871 4476 937 4538 tibi
961 4486 1127 4558 prompta
1160 4477 1325 4539 voluntas
1350 4487 1385 4539 et

94 4578 307 4662 ‘benignitas
331 4580 366 4643 in
397 4581 491 4644 omni
521 4582 707 4645 occasione
731 4583 851 4645 futura
876 4594 930 4645 est
954 4592 1090 4666 parata.
1138 4583 1257 4662 Nunc,
1287 4586 1383 4665 quod

106 4699 273 4769 superest,
300 4708 408 4769 quum
426 4698 464 4751 ut
487 4700 698 4753 exarescant
717 4689 782 4752 rivi
808 4710 931 4752 omnes
947 4710 1108 4752 errorum
1124 4691 1205 4753 fons
1228 4690 1306 4772 ipse
1323 4691 1382 4752 im-

106 4792 239 4869 pietatis
272 4795 418 4877 penitus
443 4796 663 4859 excidendus
695 4806 765 4877 est,
802 4798 983 4859 hortamur
1007 4796 1264 4861 fraternitatem
1288 4807 1383 4860 tuam

106 4896 134 4961 in
160 4902 320 4967 Domino
356 4913 393 4965 ut
429 4922 533 4984 quam
569 4903 730 4967 adhibuit
765 4904 930 4967 virtutem
966 4926 988 4967 a
1023 4904 1199 4990 principio
1233 4907 1383 4969 eandem
