3425 5700
777 509 834 565 ΜΒ
875 509 1037 564 1(ῑῖΙῦ-θ

274 654 526 735 addictissima,
550 655 766 737 praesidium
797 676 867 719 non
902 656 1078 719 modicum
1110 656 1254 720 criticae
1290 651 1356 720 arti
1391 656 1556 728 afferunt:

275 783 355 825 nam
379 763 530 825 saeculis
554 763 757 845 praeteritis
781 763 1004 825 turbationes
1029 773 1064 826 et
1088 765 1282 826 animorum
1311 774 1426 828 motus
1454 768 1557 846 plura

258 872 527 949 obscurarunt,
553 870 701 933 iniustas
725 869 932 950 sententias,
958 879 992 932 et
1016 870 1130 933 minus
1154 891 1286 952 aequas
1312 873 1556 934 conclusiones

274 977 310 1038 in
335 980 463 1059 vulgus
494 978 781 1048 disseminarunt;
817 977 1072 1040 dissidentibus
1105 978 1195 1040 enim
1228 979 1411 1041 honestius
1443 979 1553 1042 visum

276 1097 502 1146 monumenta
517 1085 685 1148 historica
706 1084 874 1164 ignorare
904 1105 966 1146 seu
992 1103 1217 1165 corrumpere
1243 1103 1346 1166 quam
1372 1085 1555 1148 veritatem

274 1190 434 1253 confiteri
463 1212 611 1273 eamque
634 1211 811 1273 generoso
839 1191 956 1254 animo
978 1192 1190 1274 amplexari;
1224 1201 1259 1255 et
1283 1193 1426 1255 saeculo
1452 1191 1553 1254 XVI.

275 1300 356 1361 dum
380 1299 559 1362 hominum
584 1299 797 1381 cupiditates
822 1301 1053 1361 vehementer
1086 1300 1384 1376 accenderentur,
1416 1298 1554 1360 sinceri·

275 1405 340 1466 tati
364 1425 488 1486 parum
513 1405 675 1487 obsequii
698 1405 856 1468 habitum
882 1404 958 1467 fuit.

363 1512 467 1593 Quod
493 1512 633 1595 quidem
658 1513 791 1594 liquido
816 1522 968 1596 apparet
993 1512 1097 1574 etiam
1122 1510 1157 1574 in
1190 1513 1279 1574 actis
1309 1513 1425 1574 dietae
1455 1513 1552 1575 Wor-

274 1619 461 1682 maciensis
486 1619 545 1682 ubi
569 1621 687 1701 agitur
712 1621 755 1681 de
780 1619 927 1682 Lutheri
954 1619 1136 1690 examine3
1162 1619 1222 1680 ille
1247 1617 1339 1680 enim
1363 1619 1455 1681 illius
1473 1641 1552 1682 exa-

273 1727 376 1789 minis
406 1726 615 1788 relationem
651 1726 806 1788 mutilam
846 1726 957 1788 edidit
996 1747 1064 1808 qua
1097 1726 1267 1807 populum
1301 1726 1552 1808 aliquantulum

274 1833 487 1906 concitavit;
512 1854 593 1894 nam
618 1833 894 1914 quamproprie
925 1836 1037 1896 verba
1068 1835 1207 1913 integre
1243 1831 1407 1910 referret,
1444 1835 1554 1895 verba

274 1941 505 2004 Treverensis
529 1940 692 2002 officialis
717 1940 858 2003 omnino
884 1940 1072 2013 conticuit;
1099 1940 1148 2002 sic
1174 1939 1265 2002 enim
1289 1940 1482 2003 lectoribus
1505 1941 1552 2002 in-

274 2047 481 2110 sinuabatur
504 2068 618 2110 vacua
643 2049 701 2109 vel
732 2048 829 2109 nulla
865 2047 1008 2110 omnino
1033 2047 1290 2108 'I'reverensem
1326 2047 1554 2127 respondisse

274 2157 373 2236 quasi
386 2154 548 2216 veritatis
561 2154 820 2235 quodammodo
833 2154 1025 2235 splendore
1050 2156 1304 2220 obcoecaretur
1322 2163 1357 2216 et
1373 2153 1552 2235 inspiratis

273 2262 417 2325 Lutheri
451 2262 570 2324 verbis
594 2270 693 2323 tanta
721 2261 773 2322 vis
803 2261 935 2323 inesset
969 2269 1007 2321 ut
1041 2263 1287 2322 obmutescere
1323 2261 1552 2323 adversarius

273 2381 471 2451 cogeretur.
520 2369 597 2448 Qua
631 2370 675 2430 de
711 2387 818 2430 causa
852 2367 1034 2428 Aleander
1063 2366 1099 2427 in
1130 2366 1201 2428 suis
1226 2367 1352 2429 litteris
1377 2368 1468 2430 datis
1494 2368 1551 2430 die

272 2475 533 2556 decimaquinta
568 2474 653 2535 Maii
690 2474 886 2537 scribebat:
931 2494 1024 2551 ,sum
1062 2494 1153 2535 nunc
1192 2473 1482 2555 occupatissimus
1517 2475 1551 2537 in

273 2582 483 2663 colligendis
508 2581 596 2642 actis
620 2581 719 2643 istius
735 2579 1003 2643 haeresiarchae
1029 2581 1174 2661 eiusque
1200 2580 1384 2652 examinis;
1411 2592 1553 2662 oportet

273 2691 363 2752 enim
388 2689 485 2771 ipsos
510 2709 586 2750 cum
612 2686 816 2750 authentica
841 2698 924 2749 nota
949 2687 1077 2750 notarii
1102 2687 1312 2768 imprimere,
1340 2688 1421 2770 quia
1442 2709 1550 2771 popu-

272 2799 326 2859 lus
362 2795 577 2877 aliquantum
610 2795 806 2857 concitatur
835 2797 881 2855 ob
911 2805 991 2857 acta
1027 2814 1118 2876 quae
1147 2795 1320 2857 Martinus
1352 2815 1414 2857 suo
1447 2798 1551 2858 modo

272 2903 421 2985 scripsit,
444 2902 658 2965 treverensis
683 2900 845 2964 officialis
870 2903 1160 2982 responsionibus
1185 2903 1326 2965 omnino
1351 2903 1550 2984 omissis¹)“.

360 3008 435 3070 Nec
460 3010 602 3071 omnino
626 3008 748 3070 inutile
774 3018 827 3069 est
851 3008 947 3071 aliud
972 3020 1095 3070 contra
1121 3009 1308 3089 episcopos
1331 3010 1549 3073 mendacium

272 3118 462 3196 detegere,
494 3119 540 3177 ab
564 3116 711 3177 Erasmo
736 3117 923 3197 prolatum,
956 3116 1014 3197 qui
1039 3114 1195 3177 Luthero
1221 3114 1411 3196 scripserat
1436 3118 1549 3181 eidem

271 3223 504 3285 favorabilem
530 3223 763 3285 Leodiensem
789 3242 878 3299 esse,
904 3242 1008 3304 quum
1033 3243 1209 3303 nunquam
1241 3225 1345 3286 talem
1371 3228 1548 3305 supradic-

273 3342 344 3392 tum
370 3330 573 3412 episcopum
599 3350 636 3392 se
661 3330 882 3411 praebuerit,
919 3329 988 3391 imo
1014 3330 1046 3390 in
1072 3333 1179 3392 rebus
1204 3331 1386 3411 religionis
1411 3316 1551 3415 semper

272 3448 547 3516 constanterque
595 3436 777 3498 catholicis
818 3436 1018 3498 omnimode
1065 3436 1234 3517 taverle).
1293 3437 1395 3516 Quod
1433 3452 1547 3502 tamen

272 3544 491 3606 mendacium
517 3543 601 3605 nihil
626 3564 772 3624 prorsus
798 3542 1073 3605 extraordinarii
1098 3542 1312 3624 praesefert,
1338 3545 1365 3605 si
1392 3546 1547 3608 conside-

270 3661 367 3713 retur
401 3650 584 3712 Erasmum
616 3660 668 3711 tot
699 3650 844 3729 litteris,
880 3661 933 3711 tot
964 3651 1200 3730 sermonibus,
1234 3652 1548 3732 protestationibus

271 3758 462 3821 innumeris
485 3776 626 3837 semper
647 3776 684 3817 se
703 3756 877 3818 Romanis
895 3756 1125 3818 Pontificibus
1140 3756 1417 3821 addictissimum
1435 3740 1548 3822 osten-

269 3867 422 3943 dentem,
443 3884 570 3926 revera
584 3885 662 3925 cum
678 3865 832 3926 Luthero
847 3864 1073 3946 aliquamdiu,
1091 3884 1169 3925 cum
1184 3864 1344 3926 hostibus
1362 3866 1547 3929 Romanae

269 3970 451 4052 Ecclesiae
476 3969 552 4032 fere
583 3990 740 4051 semper,
766 3972 989 4033 coniunctum
1022 3981 1160 4033 secreto
1196 3970 1316 4034 fuisse.
1379 3972 1482 4050 Quod
1513 3982 1547 4034 et

270 4099 316 4140 ex
343 4077 469 4140 litteris
494 4078 666 4139 Aleandri
692 4088 727 4139 et
752 4099 796 4139 ex
822 4078 1054 4139 relationibus
1078 4076 1179 4137 Eckii
1198 4097 1266 4138 non
1293 4076 1437 4139 difficile
1462 4079 1546 4141 erui-

269 4197 336 4264 tur,
361 4195 396 4246 et
421 4205 464 4244 ex
492 4204 665 4245 consensu
698 4184 853 4265 ipsorum
885 4184 1137 4245 catholicorum
1163 4182 1377 4246 Germaniae
1401 4183 1544 4265 diligen·

269 4292 367 4373 tique
391 4291 601 4371 scriptorum
632 4291 742 4372 ipsius
773 4291 927 4353 lectione
951 4292 1132 4370 probatur.
1181 4291 1252 4352 Sed
1286 4292 1427 4352 omnino
1456 4292 1545 4372 peri-

269 4402 428 4463 culosum
453 4410 529 4460 erat
553 4398 667 4476 ipsum
691 4409 814 4478 aperte
840 4417 1025 4469 accusare;
1058 4398 1198 4477 plurimi
1233 4398 1353 4473 amici,
1388 4400 1544 4461 nonnulli

269 4508 444 4582 fautores,
474 4503 690 4585 amplissima
714 4504 807 4585 apud
834 4506 962 4565 multos
986 4504 1178 4565 auctoritas
1218 4504 1268 4566 ita
1292 4515 1330 4566 ut
1360 4505 1463 4586 pauci
1488 4507 1545 4568 ad-

269 4612 410 4674 modum
436 4612 468 4672 ei
491 4609 526 4671 in
553 4610 678 4672 faciem
704 4620 827 4690 aperte
852 4610 1018 4672 resistere
1043 4612 1218 4690 valerent,
1250 4621 1349 4674 tanta
1379 4614 1545 4676 orthodo-

270 4737 394 4781 xorum
412 4716 548 4779 animos
564 4717 599 4777 vi
616 4718 832 4778 exercebant
848 4727 886 4799 ut
904 4716 1052 4797 quisque
1066 4718 1247 4780 ardentior
1263 4718 1322 4781 vix
1343 4722 1409 4781 sub
1434 4740 1545 4782 secre-

343 4836 518 4944 paleariae
533 4869 673 4920 Vicecanc.
691 4878 728 4930 15.
744 4870 807 4917 Maii
825 4879 899 4930 1521.
940 4865 959 4931 ⁹)
983 4868 1049 4919 lbid.
1070 4869 1128 4917 doc.
1150 4870 1191 4930 89.
1211 4886 1270 4935 pag.
1291 4884 1349 4939 227.
