3425 5700
619 1012 703 1083 (Auta
721 900 858 1071 trifero.
877 1012 931 1084 66.)

371 1130 496 1194 Oratio
521 1131 695 1194 Aleandri
720 1132 765 1193 ad
789 1132 928 1195 Ducem
952 1130 1175 1214 Saxoniae¹).

222 1259 294 1321 Pro
323 1266 507 1338 comperto
540 1277 681 1340 semper
708 1256 833 1319 habuit
855 1254 934 1319 S¹¹¹¹¹⁸
958 1256 1001 1320 D.
1027 1256 1069 1321 N.
1094 1258 1175 1320 Ille
1198 1257 1365 1339 princeps
1389 1258 1419 1321 si

138 1386 204 1447 qua
226 1366 260 1428 in
279 1386 318 1427 re
338 1372 566 1427 sacrosancta
582 1364 750 1427 Romana
765 1364 927 1427 Ecclesia
951 1363 1099 1447 alicujus
1116 1363 1306 1428 Christiani
1325 1365 1417 1446 prin-

139 1473 223 1555 cipis
246 1493 352 1555 opem
375 1471 583 1553 requireret,
609 1492 687 1533 eam
712 1492 790 1534 esse
810 1473 857 1533 ab
875 1471 1089 1533 excellentia
1105 1470 1183 1535 Tua
1198 1470 1419 1552 potissimum

140 1581 386 1663 expetendam.
432 1578 558 1660 Neque
588 1580 624 1640 id
658 1577 822 1661 profecto
853 1578 1043 1649 immerito:
1076 1576 1153 1658 quis
1178 1578 1270 1642 enim
1296 1578 1419 1641 melius

140 1698 196 1749 aut
218 1685 387 1749 libentius
402 1683 506 1749 Sedis
523 1684 756 1767 Apostolicae
780 1705 924 1748 causam
948 1682 1117 1767 suscipiat
1135 1705 1240 1767 quarn
1257 1686 1309 1749 Tu
1327 1686 1418 1769 prin-

141 1814 221 1875 ceps
244 1793 377 1875 optime
402 1792 461 1874 qui
485 1790 573 1871 fide,
610 1792 817 1873 prudentia,
841 1792 1101 1874 generositate,
1134 1790 1310 1873 religione
1334 1792 1420 1855 nihil

141 1921 288 1982 unquam
322 1920 344 1962 a
375 1898 565 1981 majoribus
589 1898 658 1961 tuis
683 1900 844 1981 degener
867 1898 1081 1981 apparuisti;
1115 1918 1263 1979 quorum
1288 1901 1419 1963 sudore

143 2017 173 2069 et
196 2006 367 2089 sanguine
392 2008 439 2069 ob
463 2005 707 2069 defensionem
731 2006 921 2068 Romanae
943 2004 1127 2069 Ecclesiae
1151 2004 1271 2087 sepius
1295 2006 1419 2088 effus0,

143 2114 305 2197 precipue
335 2112 501 2176 effectum
528 2121 584 2177 est
611 2122 649 2175 ut
673 2112 830 2175 Romani
855 2112 997 2193 Imperii
1027 2111 1181 2194 dignitas
1206 2123 1241 2175 et
1265 2113 1418 2197 Impera·

143 2232 231 2284 tores
253 2220 412 2303 eligendi
434 2219 587 2283 facultas
611 2219 696 2283 solis
713 2218 901 2284 Germanis
925 2239 947 2281 a
963 2220 1130 2283 Romano
1148 2218 1321 2285 Pontifice
1339 2242 1418 2284 con-

145 2330 332 2393 cederetur.

223 2437 282 2499 Ab
296 2435 366 2499 illis
380 2435 522 2516 inquam
538 2434 728 2516 majoribus
741 2434 801 2516 qui
815 2433 911 2497 circa
924 2454 986 2497 eos
1001 2432 1104 2517 ignes
1126 2435 1255 2516 quibus
1268 2434 1416 2501 Boemo-

148 2564 213 2606 rum
235 2542 510 2605 haeresiarchae
535 2541 591 2621 Jo.
616 2540 831 2604 Hussitanus
855 2550 891 2602 et
910 2539 1149 2623 Hieronymus
1175 2540 1359 2623 Pragaeus
1383 2542 1418 2605 in

148 2650 329 2713 Germania
351 2648 580 2713 condemnati
596 2647 721 2710 merito
738 2646 989 2730 puniebantur,
1014 2646 1142 2711 erectis
1157 2658 1252 2711 stare
1266 2649 1419 2713 vessillis

148 2757 236 2839 quasi
260 2756 371 2820 oculis
394 2756 501 2819 etiarn
525 2775 618 2818 nunc
643 2763 845 2819 cernuntur.

225 2865 435 2948 Eapropter,
467 2884 574 2945 quum
598 2863 771 2926 adversus
796 2882 935 2925 errores
958 2861 1079 2924 fratris
1103 2862 1247 2927 Martini
1261 2864 1418 2947 Lutheri,

149 2973 285 3035 hominis
309 2973 354 3034 de
379 2991 449 3053 quo
473 2971 607 3035 utinam
623 2969 707 3034 mihi
723 2970 809 3032 nihil
825 2969 1014 3032 dicendum
1030 2980 1134 3051 esset,
1160 2981 1256 3034 certe
1272 2971 1314 3034 iis
1330 2993 1419 3054 quos

150 3099 243 3160 supra
277 3078 471 3144 memoravi
495 3077 550 3156 Jo.
574 3076 769 3141 Hussitano
802 3086 838 3139 et
861 3076 1082 3158 Hieronymo
1107 3077 1290 3160 Pragaeo,
1324 3080 1418 3141 addo
1509 3092 1514 3101 '

150 3167 241 3231 etiam
258 3169 372 3231 Arriis
400 3177 436 3230 et
453 3166 614 3230 Photinis
636 3167 745 3247 longe
770 3166 804 3229 in
830 3165 898 3228 Dei
922 3165 1118 3229 Ecclesiam
1142 3167 1418 3248 perniciosioris,

150 3295 197 3336 me
217 3277 259 3338 ad
283 3276 423 3339 inclitos
441 3273 653 3338 Germaniae
677 3272 859 3356 principes
876 3273 1043 3336 missurus
1058 3284 1153 3336 esset
1169 3271 1419 3337 Sanctissimus

151 3380 260 3462 Pater,
292 3382 378 3445 nihil
404 3381 486 3444 mihi
510 3382 714 3443 habendum
740 3379 918 3461 antiquius
938 3379 1042 3461 jussit
1064 3401 1169 3462 quam
1193 3391 1232 3443 ut
1255 3401 1325 3444 non
1346 3383 1418 3463 jam

151 3485 322 3552 Romanae
346 3490 459 3551 solum
483 3488 546 3550 sed
571 3498 607 3550 et
630 3487 840 3549 universalis
855 3485 1038 3549 Ecclesiae
1063 3497 1099 3548 et
1116 3488 1313 3551 catholicae
1334 3486 1417 3552 fidei

151 3611 277 3657 eausam
301 3593 538 3658 excellentiae
562 3605 644 3657 tuae
668 3594 704 3656 in
728 3593 850 3676 primis
875 3595 1171 3657 commendarem.

228 3701 387 3784 Longum
412 3710 516 3782 esset,
540 3721 606 3764 nec
630 3698 787 3782 alioquin
811 3721 878 3782 per
896 3701 1100 3764 oborientes
1121 3703 1309 3765 lachrimas
1326 3723 1418 3765 com·

152 3825 331 3872 memorare
362 3808 505 3888 liceret,
535 3807 702 3890 princeps
734 3807 884 3890 optime,
916 3818 1085 3889 quantum
1118 3809 1214 3892 mali,
1249 3820 1417 3890 quantum

154 3915 269 3978 erroris
291 3928 326 3978 et
351 3915 488 3978 dissidii
518 3936 587 3978 non
621 3913 863 3978 ecclesiastico
897 3925 1032 3977 tantum
1066 3915 1195 3997 ordini,
1226 3937 1350 3980 verum
1383 3928 1418 3981 et

152 4021 346 4106 vobisipsis
376 4023 597 4105 principibus
629 4031 665 4084 et
699 4017 906 4086 Christianis
937 4021 1109 4100 omnibus
1142 4021 1298 4087 nefanda
1327 4027 1416 4090 haec

153 4123 278 4192 llartini
301 4131 437 4194 semina
458 4131 667 4212 parturiant,
692 4130 784 4192 adeo
808 4139 846 4192 ut
871 4130 1022 4192 maxime
1047 4129 1241 4192 verendum
1266 4131 1324 4210 sit,
1351 4133 1417 4196 nisi

152 4229 212 4294 ista
233 4255 330 4320 seges
346 4237 528 4300 radicibus
543 4238 718 4300 evellatur
732 4257 777 4299 ne
789 4235 884 4299 idem
897 4239 998 4299 brevi
1016 4237 1145 4300 nostris
1161 4239 1257 4319 quod
1276 4241 1416 4320 graecis

152 4348 183 4400 et
202 4341 347 4408 asiaticis
371 4343 521 4426 accidat,
547 4343 606 4426 qui
631 4343 821 4425 superbiae
846 4343 940 4406 fastu
964 4341 1086 4426 inflati,
1112 4344 1194 4407 dum
1214 4365 1235 4406 a
1251 4347 1417 4411 Romano

153 4473 345 4489 fi——Q

170 4531 191 4602 ¹)
215 4537 254 4585 Ex
274 4541 322 4590 hoc
348 4543 508 4590 documento
534 4548 560 4589 et
584 4555 616 4588 ex
641 4540 694 4588 alio
720 4540 791 4603 quod
814 4541 1000 4588 instructiones
1020 4541 1169 4590 oratoribus
1188 4541 1259 4606 apud
1277 4543 1416 4593 Caesarem

214 4617 283 4668 datas
298 4624 429 4681 continet,
454 4620 636 4672 Pallarlcinns
653 4636 732 4670 unam
751 4621 899 4669 orationem
919 4622 1042 4680 confecit,
1067 4637 1144 4686 quarn
1165 4622 1261 4686 Leplat
1280 4625 1351 4673 velut
1369 4641 1416 4688 ge·

214 4698 310 4750 nuinarn
328 4703 461 4752 Alcandri
485 4703 630 4750 orationem
657 4701 739 4753 dedit.
776 4701 932 4750 consultum
958 4702 1079 4752 <luximus
1104 4701 1168 4751 haec
1192 4703 1350 4753 documenta
1369 4721 1416 4756 suo

214 4775 271 4826 loco
286 4783 412 4841 inserere,
439 4783 547 4831 omnino
566 4782 697 4831 Aleandri
723 4782 860 4846 supposita
885 4782 1018 4841 oratione,
1043 4797 1131 4831 verum
1158 4783 1316 4836 Pallavicini
1341 4802 1416 4850 opus,

214 4865 393 4919 praetermissa
423 4863 508 4912 Huius
527 4862 655 4911 orationis
673 4868 776 4925 tempus
795 4861 932 4912 incertum.
961 4863 1015 4910 Hic
1035 4863 1155 4926 ponimns
1182 4865 1300 4928 quamvis
1326 4867 1416 4930 primis

215 4941 375 4994 nuntiaturae
393 4943 526 4994 Alcandri
546 4943 642 4992 diebus
661 4943 796 4994 referatur.
