3425 5700
632 545 691 601 etl
729 546 782 601 393
821 544 879 601 fe*

132 691 160 753 in
182 689 316 754 Christo
340 700 444 773 pater
467 702 504 755 et
527 692 679 771 domine,
704 693 845 756 domine
870 691 973 755 nobis
997 712 1138 773 semper
1159 690 1394 772 suspiciende.

133 797 222 877 Quod
246 798 356 879 digna
384 808 503 861 vestra
527 799 722 881 amplitudo
746 800 844 863 hisce
869 799 1088 882 temporibus
1111 798 1254 885 (quibus
1275 797 1395 860 nobile

133 904 287 969 Bohemie
303 904 474 987 Regnum
499 906 721 970 multitudine
746 916 782 969 et
802 906 977 969 varietate
1001 904 1204 987 opinionum
1220 914 1397 969 sectarum

132 1011 405 1094 perditorumque
427 1012 607 1077 hominum
624 1014 902 1077 Pikharthorum
926 1022 1033 1095 atque
1050 1013 1230 1075 erroribus
1245 1012 1395 1095 pseudo·

132 1118 416 1199 Lutheranorum,
449 1120 518 1182 huc
542 1129 649 1201 atque
679 1121 762 1183 illuc
787 1121 993 1183 distrahitur
1025 1129 1061 1183 et
1083 1119 1244 1183 Ecclesia
1268 1118 1397 1183 Christi

133 1244 187 1287 ceu
209 1225 375 1307 procellis
398 1226 610 1307 quibusdam
634 1228 781 1308 agitata,
805 1248 899 1291 nunc
924 1248 1108 1310 emergere
1129 1227 1164 1289 in
1189 1239 1329 1309 portum
1347 1226 1396 1288 in·

133 1332 206 1413 cipit
237 1331 304 1395 Dei
337 1331 525 1413 beneficio)
560 1334 695 1398 litteras
729 1336 771 1397 ad
808 1355 873 1397 nos
897 1335 1099 1417 Pragenses
1132 1336 1218 1397 dare
1251 1334 1399 1415 dignata

133 1448 191 1518 est,
222 1460 287 1503 nos
319 1450 422 1522 grate
446 1440 648 1523 accepimus
681 1441 764 1523 quia
788 1443 1040 1523 gratulatorias
1073 1463 1095 1505 a
1125 1450 1223 1503 tanto
1255 1432 1397 1504 domino

132 1566 223 1628 quem
251 1548 424 1611 hactenus
448 1549 545 1611 nullo
569 1548 668 1611 licuit
692 1548 796 1612 nobis
820 1559 942 1612 nostro
967 1549 1141 1612 demereri
1165 1548 1294 1628 officio,
1319 1567 1397 1629 gra-

131 1652 211 1715 tioso
233 1654 377 1735 inquam
401 1654 518 1717 animo
543 1656 608 1719 has
632 1656 793 1737 legimus,
818 1657 993 1738 siquidem
1016 1658 1145 1738 plenae
1162 1664 1235 1718 tum
1259 1656 1398 1736 gratiae

130 1768 192 1823 tum
223 1759 435 1825 christianae
469 1761 652 1825 doctrinae
687 1772 797 1826 erant.
846 1762 1093 1826 Gratissimum
1126 1783 1213 1825 vero
1244 1762 1398 1826 omnium

132 1866 196 1946 luit,
219 1868 303 1931 Vre.
322 1868 405 1950 Dig.
423 1868 560 1931 Revd.:
586 1888 731 1951 operam
751 1890 892 1934 omnem
916 1878 953 1931 et
968 1869 1121 1932 studium
1138 1890 1254 1947 suum,
1278 1877 1400 1951 preter

132 1994 219 2055 spem
242 1986 278 2038 et
300 1975 462 2038 meritum
487 1984 655 2054 nostrum,
681 1976 785 2041 nobis
809 1976 939 2040 offerre
962 1998 1005 2040 ac
1032 1976 1193 2057 polliceri
1216 1976 1398 2058 dignatam

133 2100 210 2144 esse.
254 2080 359 2145 Unde
389 2102 456 2163 pro
479 2082 680 2145 huiusmodi
713 2082 749 2146 in
774 2104 839 2147 nos
863 2085 1103 2165 propensione
1128 2084 1319 2146 christiana
1350 2082 1397 2144 in-

134 2199 246 2267 gentes
277 2188 416 2269 agimus
445 2199 481 2250 et
512 2191 695 2255 habemus.
732 2200 755 2253 t.
781 2210 813 2272 q.
847 2189 999 2271 gratias;
1036 2210 1242 2272 persuasum
1274 2190 1398 2271 procul

135 2294 229 2358 dubio
258 2297 433 2359 habentes
466 2306 504 2359 ut
527 2296 557 2359 si
581 2296 724 2378 quando
754 2316 813 2359 res
836 2305 960 2360 nostra
982 2297 1088 2360 immo
1113 2296 1180 2360 Dei
1213 2296 1332 2378 potius
1356 2317 1399 2358 eo

135 2403 416 2483 progrederetur,
452 2403 547 2485 quod
586 2402 744 2484 presidio
783 2406 841 2467 vel
880 2404 1013 2467 auxilio
1045 2403 1263 2485 consilioque
1294 2404 1400 2483 ampl.

136 2506 175 2574 R.
188 2508 228 2570 V.
243 2507 483 2592 indigeremus
499 2509 658 2591 illudque
672 2509 942 2591 imploraremus
957 2510 1001 2574 V.
1018 2511 1088 2576 Re.
1104 2512 1148 2576 D.
1163 2510 1256 2573 votis
1272 2509 1401 2573 nostris

136 2624 320 2694 presentem
344 2625 381 2679 et
405 2616 639 2679 favorabilem
664 2616 877 2679 adfuturum.
924 2616 1096 2681 Novimus
1128 2618 1221 2681 enim
1250 2615 1402 2698 grandia

138 2732 168 2783 et
187 2724 327 2807 egregia
351 2724 512 2787 facinora
543 2735 579 2787 et
603 2744 645 2786 ea
669 2724 856 2805 presertim
889 2744 980 2805 quae
1004 2725 1247 2807 Relligionem
1273 2724 1402 2788 Christi

138 2848 315 2913 pacemque
351 2832 528 2914 publicam
573 2829 754 2913 attingunt
786 2853 856 2895 non
892 2830 957 2894 nisi
999 2853 1212 2896 summorum
1247 2831 1402 2895 virorum

138 2937 301 3021 utriusque
334 2948 447 3002 status
479 2949 551 3002 tam
584 2937 776 3020 spiritualis
811 2959 916 3019 quam
951 2941 1122 3002 secularis
1155 2939 1334 3022 suffragiis
1367 2949 1404 3000 et

139 3045 265 3109 calculis
294 3045 444 3109 stabiliri
475 3045 677 3126 firmarique
701 3065 818 3127 posse.
865 3046 978 3108 Porro
1004 3067 1049 3108 ex
1073 3045 1248 3127 principio
1272 3045 1404 3108 littera·

138 3169 201 3214 rum
229 3153 346 3236 Ampl.
371 3151 415 3217 V.
448 3152 688 3216 intelleximus
720 3153 822 3215 nobis
853 3153 891 3216 id
923 3173 1000 3215 cum
1031 3153 1271 3217 abomnibus
1301 3153 1404 3215 bonis

139 3265 199 3320 tum
234 3259 453 3341 potissimum
486 3279 529 3323 ac
560 3259 680 3340 Ampl.
711 3260 754 3322 D.
787 3258 831 3321 V.
866 3260 962 3322 laudi
996 3258 1073 3321 dari
1113 3261 1208 3341 quod
1240 3260 1336 3322 facta
1369 3258 1405 3321 in

140 3362 250 3445 impios
273 3374 309 3429 et
332 3364 494 3428 homines
519 3385 658 3429 veneno
684 3385 841 3429 errorum
867 3367 1135 3448 pikartheorum
1159 3365 1311 3430 infectos
1333 3388 1404 3429 mo·

141 3467 225 3535 cione
248 3471 369 3538 cosin
394 3471 539 3535 civitate
563 3482 686 3535 nostra
703 3472 879 3554 Pragensi
903 3473 1183 3555 compescuimus
1207 3484 1314 3554 atque
1332 3473 1405 3536 vin-

141 3577 214 3640 culis
233 3579 268 3642 in
290 3579 372 3642 illos
402 3578 726 3643 animadvertimus.
773 3579 1051 3661 Respondemus
1081 3580 1248 3661 quicquid
1274 3580 1405 3643 factum

144 3694 195 3764 est,
216 3685 249 3748 id
275 3685 478 3749 universum
503 3684 645 3749 nomine
663 3685 730 3748 Dei
755 3685 876 3766 optimi
902 3686 1044 3749 maximi
1069 3687 1172 3749 simul
1195 3708 1261 3769 pro
1284 3687 1404 3750 vendi-

142 3793 239 3855 canda
268 3813 289 3855 a
323 3792 504 3874 pestiferis
529 3791 635 3855 sectis
665 3791 736 3854 fide
764 3793 956 3873 catholica,
986 3793 1089 3856 simul
1119 3793 1236 3875 gratia
1266 3814 1405 3857 conser-

141 3899 261 3962 vandae
284 3898 430 3962 unitatis
459 3908 496 3961 et
523 3897 708 3962 charitatis
733 3898 862 3961 civium
886 3909 1085 3962 nostrorum
1109 3920 1201 3981 quae
1224 3899 1294 3962 iam
1318 3900 1405 3962 alias

142 4005 286 4086 exposita
316 4005 403 4085 fuit,
439 4004 572 4068 factum
605 4025 695 4068 esse.
743 4006 783 4068 ln
816 4026 887 4087 quo
912 4026 1020 4087 opere
1052 4015 1089 4068 et
1111 4005 1278 4088 incoepto
1308 4007 1405 4069 auxi·

142 4107 232 4174 liante
261 4111 380 4195 gratia
402 4111 523 4175 divina
554 4113 600 4174 ad
624 4122 824 4194 postremas
856 4132 969 4193 usque
992 4111 1087 4174 vires
1118 4121 1154 4174 et
1177 4113 1323 4195 spiritus
1346 4135 1405 4178 no·

142 4223 217 4280 stros
246 4219 375 4282 durare
406 4233 514 4300 atque
545 4237 778 4300 perseverare
810 4220 1121 4300 (quemadmodum
1146 4219 1265 4302 Ampl.
1291 4221 1333 4283 V.
1357 4222 1405 4284 R.

144 4340 265 4389 monere
295 4345 362 4388 nos
395 4323 577 4410 dignatur)
606 4325 641 4387 in
674 4326 810 4388 animos
839 4325 1054 4390 induximus.
1101 4325 1298 4390 Credentes
1326 4329 1405 4391 Deo

145 4431 222 4506 quod
243 4452 331 4514 opus
353 4431 454 4512 illud,
478 4451 549 4514 quo
566 4432 705 4495 vineam
730 4453 829 4495 suam
853 4453 1009 4514 purgare
1034 4443 1070 4496 et
1090 4436 1254 4516 plantare
1270 4434 1405 4516 incipit,

147 4535 297 4602 adfinem
320 4548 358 4602 et
380 4535 534 4601 fructum
551 4538 753 4602 vindemiae
777 4541 888 4621 longe
910 4539 1107 4604 uberimum
1130 4542 1313 4622 perducet,
1338 4563 1403 4606 nec

148 4658 200 4702 nos
220 4655 466 4728 cooperatores
489 4665 590 4725 suos,
624 4645 757 4707 auxilio
781 4647 877 4728 quod
901 4645 973 4709 suis
996 4647 1174 4728 pollicitus
1199 4657 1269 4728 est,
1301 4649 1404 4711 desti-

151 4755 217 4812 tuet.
257 4751 347 4834 Quid
379 4752 474 4816 enim
497 4751 601 4815 nobis
632 4751 842 4814 mortalibus
871 4762 934 4814 aut
961 4753 1074 4816 maius
1107 4763 1168 4816 aut
1191 4755 1403 4835 praetiosius

153 4865 250 4928 posset
275 4877 297 4922 a
319 4859 399 4922 Deo
423 4877 516 4922 max.
542 4858 752 4942 contingere
783 4869 891 4940 atque
915 4859 944 4922 si
967 4860 1143 4923 unanimis
1168 4880 1292 4924 sensus
1321 4860 1407 4926 fidei
