3425 5700
798 603 1045 667 edrone*

281 751 506 835 germanicae
530 752 664 817 nationi
688 754 958 836 ignominiosius
982 756 1146 818 accidere
1169 751 1303 836 potuit,
1327 773 1434 836 quam
1458 751 1494 816 in
1518 772 1560 816 ea

282 862 433 943 aliquem
458 861 591 924 oboriri
605 861 774 943 potuisse,
800 863 859 944 qui
875 863 1015 926 divinas
1031 862 1178 943 litteras,
1203 871 1406 925 sanctorum
1420 870 1560 944 patrum

281 978 431 1049 statuta,
465 978 501 1032 et
534 970 580 1031 ad
610 977 663 1031 tot
696 989 809 1032 annos
841 969 1042 1033 inveterata
1066 970 1212 1032 decreta
1236 989 1283 1032 ex
1307 969 1416 1051 iniqui
1439 969 1559 1051 potius

281 1077 386 1139 animi
411 1077 571 1156 licentia,
596 1097 710 1166 quam
733 1077 805 1138 ulla
837 1078 895 1140 vel
927 1075 1068 1139 minima
1100 1075 1322 1140 Christianae
1353 1076 1560 1139 eruditionis

280 1184 483 1248 sinceritate
508 1186 615 1266 longe
639 1183 743 1246 aliter
767 1203 871 1264 quam
903 1184 939 1246 hi
971 1205 1120 1266 quorum
1146 1183 1314 1247 divinitus
1337 1184 1456 1247 infusa
1479 1186 1560 1247 doc·

280 1291 372 1353 trina
385 1291 604 1374 integerrimi
616 1311 732 1353 mores
746 1290 931 1354 verissima
947 1310 1087 1372 semper
1103 1300 1139 1353 et
1154 1290 1331 1354 ratissima
1346 1291 1559 1370 habuerunt,

279 1399 386 1461 fuerit
412 1419 516 1460 ausus
532 1397 784 1479 interpretari?
817 1397 921 1479 Quod
938 1398 967 1460 si
982 1399 1126 1462 innatae
1141 1399 1331 1480 superbiae
1353 1398 1561 1461 satisfacere

280 1505 463 1587 cupiebat,
492 1507 550 1567 vel
574 1505 603 1566 si
627 1505 720 1567 tristi
738 1505 773 1566 in
799 1507 937 1586 aliquos
965 1504 1048 1568 odio
1072 1509 1316 1587 torquebatur,
1340 1504 1562 1569 tolerabilior

279 1613 462 1694 aliquanto
487 1611 622 1692 fuisset,
648 1611 676 1674 si
701 1612 810 1676 sacris
826 1615 951 1675 saltem
968 1613 1190 1696 pepercisset
1203 1611 1345 1691 licteris,
1371 1633 1436 1674 nec
1460 1614 1560 1675 here-

279 1719 344 1782 sim
359 1731 419 1782 aut
432 1719 599 1781 zizaniam
618 1719 829 1798 inducend0‚
843 1719 1040 1782 sanctitatis
1061 1727 1228 1802 pretextu
1251 1720 1455 1801 superbiam
1472 1718 1561 1782 infe·

280 1838 443 1908 ctumque
464 1827 615 1889 animum
633 1847 703 1889 non
719 1829 855 1908 absque
872 1827 1008 1909 ingenti
1027 1827 1225 1890 catholicae
1248 1825 1332 1889 fidei
1357 1826 1561 1890 discrimine

279 1935 511 1998 contenderet
528 1936 686 2015 explere,
712 1945 746 1995 et
763 1933 892 1996 Christi
917 1954 1065 2016 gregem
1081 1938 1127 1997 ab
1142 1933 1221 2016 ipso
1237 1935 1387 1996 authore
1404 1932 1562 1996 deficere

280 2044 435 2105 doceret.
491 2041 624 2103 Verum
655 2060 760 2122 quum
791 2039 1029 2103 scelestissimi
1061 2041 1161 2104 istius
1194 2041 1346 2103 hominis
1378 2039 1562 2122 aspirante

280 2150 435 2227 diabolo,
459 2148 695 2229 premeditata
719 2148 914 2229 mendacia,
939 2147 1153 2229 confictique
1177 2147 1249 2209 doli
1273 2147 1334 2228 qui
1356 2146 1435 2228 ipso
1459 2147 1562 2210 initio

279 2256 461 2337 religionis
486 2258 605 2317 colore
631 2256 785 2318 obducto
810 2275 1003 2336 paucorum
1029 2254 1164 2318 animos
1197 2273 1266 2316 non
1301 2254 1387 2316 nihil
1411 2253 1562 2316 offusca-

279 2367 384 2441 bant,
409 2363 459 2426 sic
484 2364 628 2427 tandem
658 2361 722 2424 toti
754 2363 832 2425 orbi
863 2361 1098 2443 innotuerint,
1133 2361 1167 2423 in
1198 2364 1384 2442 lucemque
1415 2363 1563 2424 volente

280 2473 358 2533 Deo
383 2469 591 2551 prodierint,
617 2478 654 2531 ut
677 2489 747 2531 non
773 2471 879 2531 valde
905 2469 950 2531 sit
975 2471 1228 2533 eleborandum
1253 2488 1323 2548 quo
1348 2468 1457 2532 falsas
1481 2488 1562 2549 per·

279 2597 472 2658 versasque
497 2576 606 2659 ipsius
632 2576 818 2658 opiniones
843 2575 923 2638 ullis
947 2577 1097 2657 amplius
1113 2575 1309 2638 rationibus
1326 2574 1563 2654 confutemus,

280 2706 384 2766 quum
409 2705 494 2746 suae
518 2684 595 2766 ipse
620 2687 746 2765 culpae
771 2685 933 2746 conscius
958 2683 1077 2745 furore
1103 2695 1210 2764 atque
1234 2683 1375 2744 haeresi
1402 2703 1441 2744 se
1466 2703 1564 2746 nunc

279 2802 351 2855 tum
376 2792 481 2855 modo
506 2801 655 2867 tueatur,
680 2811 746 2873 per
770 2791 980 2854 catholicam
1005 2789 1130 2869 fidem,
1154 2809 1219 2871 per
1244 2788 1456 2853 christianae
1482 2789 1563 2854 reli-

279 2899 394 2982 gionis
418 2900 683 2979 incrementum,
708 2918 773 2979 per
797 2898 897 2961 istius
921 2898 1059 2980 patriae
1083 2896 1360 2960 incolumitatem
1382 2916 1423 2959 ac
1437 2898 1564 2977 decus,

279 3028 343 3088 per
366 3006 462 3069 illam
494 3026 597 3087 quam
624 3005 859 3068 haereditario
888 3006 1065 3086 insitoque
1089 3004 1248 3067 instituto
1275 3003 1378 3065 vobis
1401 3003 1565 3085 gerimus

280 3112 523 3192 affectionem,
558 3132 623 3193 per
653 3132 873 3176 communem
906 3112 1059 3193 denique
1083 3110 1238 3174 omnium
1261 3112 1409 3173 salutem
1433 3131 1500 3174 vos
1526 3112 1563 3174 in

280 3219 431 3282 Domino
458 3238 626 3300 rogamus
642 3230 677 3280 et
694 3220 885 3300 hortamur,
902 3232 939 3280 ut
952 3219 1184 3299 contagiosae
1198 3217 1277 3280 huic
1293 3218 1565 3300 extinguendae

278 3327 370 3409 pesti
395 3326 660 3407 imminentique
686 3325 794 3387 exitio
820 3328 1062 3407 propulsando
1079 3324 1197 3387 velitis
1212 3327 1349 3387 alacres
1366 3327 1565 3390 admovere

278 3452 412 3513 manue,
437 3442 544 3514 atque
570 3432 762 3495 Lutherum
778 3433 893 3514 istum,
909 3454 930 3494 a
948 3432 1087 3495 Christo
1103 3434 1274 3495 rebellem
1290 3432 1356 3494 nisi
1371 3432 1565 3515 resipiscat

278 3561 348 3602 una
389 3560 465 3601 cum
512 3538 690 3601 haeretice
729 3539 823 3602 ausis
870 3539 999 3602 libellis
1040 3538 1199 3602 funditus
1249 3540 1370 3602 delere
1409 3539 1564 3622 ignique

278 3649 491 3711 servandum
517 3648 674 3709 credere.
723 3644 781 3707 Sic
807 3646 899 3708 enim
924 3648 1150 3729 splendorem
1174 3656 1331 3709 vestrum
1356 3667 1563 3729 nomenque

280 3754 515 3817 Christianum
541 3753 717 3835 augebitis
748 3763 783 3815 et
808 3752 1081 3834 conservabitis,
1115 3772 1230 3833 neque
1261 3753 1363 3815 unius
1387 3754 1566 3818 haeretici

280 3871 377 3924 astus
408 3881 449 3923 ac
481 3861 642 3923 fraudem
674 3862 732 3922 vel
764 3880 957 3941 paucorum
988 3860 1106 3922 odium
1143 3881 1183 3923 ac
1219 3860 1387 3941 superbia
1419 3870 1564 3926 tantum

279 3970 373 4051 apud
398 3988 462 4029 vos
488 3969 607 4029 valere
632 3966 860 4029 declarabitis
883 3979 922 4029 ut
946 3987 1048 4029 sacra
1072 3966 1261 4049 divinaque
1280 3968 1397 4030 omnia
1413 3972 1566 4033 turbare

279 4086 385 4157 queat
410 4084 445 4137 et
468 4074 664 4141 invertere:
690 4076 735 4135 ad
759 4076 854 4156 quod
887 4083 958 4136 tam
990 4084 1149 4136 sanctum
1180 4083 1322 4155 tamque
1343 4075 1422 4137 Deo
1459 4096 1567 4139 acce-

277 4194 377 4265 ptum
402 4202 491 4263 opus
516 4180 667 4243 feliciter
698 4182 972 4263 absolvendum,
1004 4181 1164 4243 favorem
1194 4180 1430 4263 patrocinium
1463 4182 1566 4247 vires

278 4289 557 4371 sanguinemque
585 4289 700 4370 ipsum
738 4298 896 4351 nostrum
929 4287 1032 4351 vobis
1065 4309 1112 4350 ex
1147 4288 1264 4350 animo
1300 4287 1480 4351 offerimus
1518 4312 1565 4354 ac

277 4396 494 4478 pollicemur.
553 4396 597 4458 Et
629 4396 781 4459 feliciter
813 4398 940 4459 valete.
1000 4396 1055 4457 Ex
1085 4396 1186 4475 regia
1221 4406 1343 4458 nostra
1377 4394 1565 4462 Grenwici

209 4540 213 4553 ·
276 4502 345 4564 Die
369 4502 448 4564 XX
472 4502 557 4567 Maii
581 4502 763 4565 MDXXI.

419 4638 501 4685 Votre
521 4638 574 4685 bon
593 4652 653 4699 amy

489 4724 591 4797 hom.
1209 4724 1310 4788 reru
1327 4725 1449 4788 lmen
