3425 5700
811 557 1058 615 ΗΒΒΒΒΕῊ

297 713 465 774 debbano
485 707 689 772 finalmente
706 727 770 789 per
786 707 822 769 lo
839 726 902 768 soe
918 705 1011 768 mani
1026 715 1170 769 tornare
1187 707 1220 768 al
1236 725 1299 768 suo
1315 705 1429 788 primo
1445 725 1576 788 essere,

296 819 426 901 perche
452 818 470 880 ὲ
494 818 627 878 havuto
651 834 716 895 per
740 816 845 877 homo
870 813 963 875 iusto
988 821 1024 874 et
1048 811 1083 874 di
1107 812 1325 876 buonissimo
1346 812 1552 877 iudicio...

474 925 531 986 De
562 925 596 985 le
632 941 714 984 cose
746 921 932 982 lutherane
965 939 1035 982 non
1064 919 1111 982 ho
1142 919 1336 1001 perticular
1358 921 1487 984 alcuno
1510 940 1575 1001 per

298 1033 387 1094 dirle
412 1032 447 1092 al
470 1037 652 1111 presente,
676 1048 715 1090 se
739 1047 810 1090 non
835 1029 901 1089 che
925 1025 1071 1089 intendo
1097 1027 1163 1090 che
1186 1025 1221 1090 in
1247 1027 1412 1108 Augusta
1435 1029 1469 1089 le
1494 1047 1575 1090 cose

296 1157 449 1221 passano
473 1136 533 1218 piu
558 1133 676 1217 quiete
701 1143 737 1197 et
759 1133 819 1215 piri
844 1154 866 1195 a
890 1131 1065 1196 beneficio
1090 1134 1135 1195 de
1159 1135 1194 1196 la
1216 1133 1316 1215 fede,
1351 1136 1485 1197 anchor
1510 1136 1574 1197 che

298 1245 385 1309 certi
410 1243 493 1306 mali
516 1238 733 1322 predicatori
760 1259 831 1302 non
865 1239 1020 1320 cessino,
1060 1259 1117 1302 ma
1148 1239 1181 1302 el
1212 1242 1346 1324 populo
1382 1261 1454 1303 non
1488 1261 1575 1323 pare

297 1350 370 1415 cosi
394 1350 524 1414 infesto
550 1347 610 1410 alli
633 1347 726 1430 preti
755 1367 855 1410 come
888 1367 962 1426 era,
994 1367 1051 1408 ma
1086 1353 1177 1409 tutto
1208 1366 1295 1428 pare
1326 1347 1392 1410 che
1427 1348 1516 1410 hora
1546 1347 1575 1410 si

297 1457 384 1521 volti
409 1466 533 1520 contra
557 1476 576 1518 e
600 1452 828 1537 magistrati¹⁴

383 1565 439 1625 De
466 1564 501 1624 la
525 1563 620 1624 dieta
644 1563 689 1624 de
714 1563 748 1624 la
772 1560 864 1642 Liga
894 1559 1038 1622 suevica
1069 1570 1104 1623 et
1134 1580 1243 1641 opere
1269 1562 1327 1623 del
1343 1564 1463 1626 dottor
1480 1561 1573 1625 Sach

296 1673 391 1753 dopo
415 1671 450 1731 la
475 1668 710 1750 expedicione
734 1675 771 1730 et
793 1669 921 1729 lettere
946 1669 1011 1730 che
1036 1666 1070 1729 io
1094 1665 1119 1728 li
1143 1667 1262 1729 scrissi
1286 1667 1321 1731 di
1345 1670 1412 1732 che
1432 1669 1575 1730 mandai

230 1775 234 1781 ’
296 1778 401 1860 copia
426 1797 447 1839 a
470 1776 515 1838 V.
540 1775 576 1856 S,
601 1795 671 1837 non
695 1775 743 1838 ho
767 1773 882 1836 inteso
906 1773 997 1834 altro
1021 1793 1043 1835 a
1066 1773 1178 1854 quest'
1203 1775 1302 1837 hora.

384 1883 535 1948 intendo
560 1883 626 1945 che
651 1885 709 1963 qul
732 1879 768 1942 in
792 1880 913 1942 Roma
929 1899 1015 1942 sono
1035 1879 1133 1942 molti
1150 1881 1217 1942 che
1233 1883 1382 1962 pariano
1397 1881 1434 1944 di
1450 1891 1575 1963 queste

296 2013 379 2056 cose
392 1992 587 2069 lutherane,
604 1998 640 2050 et
654 1997 710 2050 tra
724 1987 748 2049 li
763 1986 844 2049 altri
860 2006 930 2049 uno
945 1987 991 2048 ha
1006 1988 1104 2049 detto
1121 1985 1295 2050 infaciem
1312 1989 1382 2050 allo
1395 1987 1574 2070 Episcopo

295 2101 365 2163 mio
390 2097 463 2161 cio:
501 2098 587 2179 „che
618 2095 656 2158 la
686 2095 767 2176 quel
798 2101 920 2157 vostro
949 2092 1161 2156 Cardinale?
1196 2094 1237 2155 In
1263 2095 1463 2177 Alemagna
1486 2115 1575 2158 sono

297 2214 452 2271 settanta
475 2202 560 2267 citra
584 2204 650 2265 che
674 2204 793 2266 hanno
818 2199 1003 2264 coniurato
1020 2220 1085 2282 per
1101 2199 1277 2264 Luthero“
1304 2212 1341 2266 et
1363 2204 1471 2265 multa
1494 2201 1576 2282 alia,

296 2333 396 2377 corne
420 2314 455 2375 la
478 2309 582 2393 porra
605 2309 792 2372 intendere
817 2309 864 2370 da
888 2307 947 2373 lui.
995 2306 1111 2388 Certe,
1136 2307 1250 2371 Mons.
1276 2308 1356 2389 mio,
1379 2309 1414 2370 io
1438 2329 1505 2390 per
1521 2329 1577 2372 me

298 2442 367 2483 non
392 2439 476 2482 curo
493 2418 576 2500 quid
595 2415 780 2497 quisquam
803 2416 980 2498 loquatur,
1005 2435 1063 2477 ma
1085 2413 1256 2477 iudicarei
1280 2418 1372 2478 bene
1397 2435 1517 2477 essere
1542 2415 1577 2477 in

296 2526 482 2610 proposito
507 2526 635 2589 alcuna
657 2525 756 2586 volta
779 2544 845 2586 con
870 2523 1021 2605 qualche
1040 2521 1177 2603 castigo
1195 2523 1353 2586 amonire
1377 2535 1414 2585 et
1433 2522 1578 2586 frenare

297 2649 421 2717 queste
445 2633 566 2715 lingue
591 2629 664 2694 cosi
695 2630 806 2693 libere
831 2639 868 2692 et
890 2629 1173 2692 massimamente
1197 2631 1314 2712 quelle
1338 2631 1404 2692 che
1427 2631 1579 2712 parlano

297 2744 334 2805 in
362 2750 488 2823 questa
520 2737 669 2801 materia
701 2741 773 2800 cosl
806 2736 1041 2800 arditamente
1073 2745 1108 2798 et
1138 2746 1306 2800 mentono
1341 2736 1578 2818 apertissima-

297 2858 425 2913 mente.
472 2847 523 2910 Le
548 2843 741 2909 Lutherani
765 2843 795 2907 si
818 2852 975 2907 vantano
999 2843 1132 2908 havere
1156 2843 1215 2925 qui
1246 2843 1281 2907 in
1318 2854 1416 2907 corte
1445 2842 1579 2907 fautori

297 2967 333 3021 et
356 2952 576 3038 exploratori
600 2952 727 3033 grandi
752 2959 787 3015 et
810 2962 935 3035 questa
960 2971 1044 3014 cosa
1067 2952 1112 3014 de
1135 2952 1217 3034 lege
1241 2952 1383 3035 agraria
1407 2952 1453 3017 mi
1487 2972 1578 3034 pare

296 3084 414 3127 mossa
438 3062 547 3124 molto
571 3058 892 3142 importunamente
917 3067 953 3121 et
976 3057 1026 3138 gli
1050 3059 1097 3119 ha
1130 3078 1244 3121 messo
1273 3062 1309 3121 in
1340 3059 1477 3120 boccha
1510 3058 1581 3120 che

297 3171 403 3233 etiam
428 3167 583 3249 Quirites
605 3165 675 3228 iam
699 3166 821 3228 oculos
845 3164 1011 3247 aperiunt
1034 3173 1070 3227 et
1093 3165 1267 3246 quaedam
1299 3164 1377 3227 alia.
1431 3164 1470 3226 Io
1507 3182 1580 3225 non

297 3299 353 3340 me
376 3275 523 3339 intendo
549 3276 639 3337 altro
664 3292 797 3336 senon
822 3275 888 3335 che
912 3274 959 3336 ho
984 3273 1071 3335 letto
1095 3292 1166 3335 una
1190 3272 1351 3337 oratione
1375 3280 1502 3334 contra
1534 3274 1581 3333 le-

297 3405 380 3467 gem
403 3380 580 3465 agrariam
604 3383 713 3445 molto
739 3382 904 3463 elegante
939 3388 974 3442 et
1001 3383 1130 3443 buona.
1275 3380 1326 3442 La
1355 3378 1500 3461 disputa
1535 3380 1583 3439 de

297 3494 333 3554 lo
357 3490 469 3552 Echio
493 3490 540 3550 ho
565 3508 706 3571 sempre
730 3486 931 3569 improbata
966 3496 1002 3549 et
1030 3486 1189 3549 scrittolo
1218 3508 1239 3549 a
1269 3486 1318 3549 lui
1346 3485 1477 3568 perche
1511 3506 1581 3547 con

298 3596 414 3678 questi
438 3595 607 3659 obstinati
631 3615 701 3658 non
727 3595 757 3658 si
786 3615 833 3676 po
856 3595 1090 3675 guadagnare
1119 3595 1246 3657 alcuna
1276 3614 1360 3656 cosa
1393 3602 1445 3673 et,
1476 3590 1584 3655 iuxta

298 3702 496 3766 doctrinam
520 3700 684 3784 apostoli,
708 3700 879 3764 haeretici
903 3709 984 3781 post
1007 3720 1113 3762 unam
1128 3709 1165 3762 et
1185 3700 1331 3762 alteram
1348 3698 1585 3767 monitionem

299 3809 456 3873 evitandi
479 3818 571 3888 sunt,
596 3808 678 3889 quia
701 3827 765 3871 suo
789 3806 935 3889 proprio
960 3806 1091 3869 iudicio
1114 3806 1259 3869 iudicati
1283 3818 1374 3870 sunt.
1403 3854 1457 3870 ...

391 3915 471 3978 Non
496 3915 676 3997 possendo
701 3936 723 3977 a
745 3915 858 3977 bocca
881 3914 958 3975 fare
983 3914 1004 3976 l'
1021 3912 1139 3976 officio
1165 3915 1230 3977 che
1254 3914 1301 3977 mi
1331 3914 1446 3977 scrive
1470 3912 1518 3978 V.
1546 3914 1586 3977 S.

298 4025 344 4086 de
367 4025 403 4085 la
426 4021 616 4086 neutralita
640 4021 676 4083 di
700 4020 742 4083 N.
768 4020 803 4083 S.
829 4041 899 4083 non
925 4020 971 4083 mi
994 4041 1081 4102 pare
1097 4020 1299 4084 necessario
1316 4020 1461 4084 neutile
1486 4020 1587 4085 farlo

298 4151 366 4194 con
389 4130 533 4210 lettere,
568 4138 604 4191 et
638 4127 800 4190 massime
828 4128 894 4189 che
925 4128 1050 4190 alcune
1077 4130 1171 4192 volte
1202 4130 1268 4191 che
1291 4128 1320 4190 si
1345 4128 1365 4190 e
1388 4128 1587 4210 regionato

298 4236 335 4299 di
358 4238 407 4298 tal
432 4256 517 4298 cosa
540 4234 574 4297 io
602 4254 667 4298 son
692 4253 833 4316 sempre
856 4236 987 4297 andato
1012 4254 1033 4297 a
1057 4245 1181 4317 questo
1197 4236 1346 4315 camino,
1370 4238 1588 4318 parendomi

299 4345 365 4407 che
389 4345 463 4406 cosl
487 4340 687 4421 convenghi
711 4361 732 4402 a
756 4360 802 4402 un
826 4340 925 4403 savio
950 4351 986 4403 et
1010 4344 1104 4404 buon
1129 4342 1331 4423 Pontefice,
1367 4345 1472 4425 quale
1508 4346 1588 4428 egli

300 4451 318 4513 ἐ
343 4458 380 4512 et
403 4446 567 4511 existimo
592 4467 656 4529 per
681 4458 779 4509 certo
803 4448 869 4509 che
894 4450 1014 4530 peria
1039 4450 1159 4512 buona
1182 4449 1377 4513 intentione
1401 4452 1446 4515 de
1467 4448 1507 4517 S.
1532 4455 1589 4517 gu

299 4555 377 4619 Idio
392 4552 528 4617 aiutari
543 4563 579 4616 et
594 4552 786 4636 agrandiri
800 4554 825 4617 li
841 4554 894 4617 soi
908 4555 1002 4617 santi
1016 4564 1052 4620 et
1067 4556 1207 4619 honesti
1223 4556 1389 4640 dissegni,
1407 4569 1442 4621 et
1454 4564 1537 4625 cosl
1551 4566 1588 4626 di

299 4664 373 4726 bon
397 4680 480 4724 core
504 4661 539 4723 lo
563 4680 775 4743 pregaremo
800 4660 836 4722 di
860 4662 1038 4744 continuo,
1063 4665 1128 4726 che
1149 4664 1184 4727 in
1206 4674 1331 4746 questo
1355 4664 1424 4728 fine
1443 4668 1498 4751 gli
1525 4670 1592 4735 dia

299 4768 405 4832 felice
425 4767 498 4831 vita
519 4777 555 4829 et
575 4766 747 4847 vigore..
767 4817 774 4833 .
821 4767 985 4832 Viennae
1005 4768 1115 4833 XVII
1130 4770 1343 4835 Novembris
1358 4772 1591 4843 MDXXIV.

833 4946 1039 4959 vva-‘rumunn-
