3425 5700
813 548 1061 607 *Qlfflffl

911 910 954 975 60

297 1095 347 1109 ..Α
394 988 396 992 .
431 1026 633 1107 Publioatio
660 1026 788 1108 Bullee
817 1032 942 1109 eontra
955 960 1166 1106 ‘lutherum
1192 1024 1293 1106 iectu
1318 1024 1447 1107 trolit

701 1176 794 1244 (Acts
810 1173 1027 1233 Wormtleuda
1044 1172 1092 1232 lol.
1111 1174 1165 1245 tt.)

800 1294 839 1361 (8.
857 1294 961 1359 Aprilis
983 1291 1070 1355 1521.)

294 1431 298 1435 “
329 1414 333 1421 ’
385 1436 570 1501 Universis
594 1447 630 1500 et
644 1435 793 1518 singulis
817 1458 881 1520 per
896 1436 1072 1517 Dominia,
1098 1449 1212 1499 terras
1237 1446 1272 1498 et
1288 1434 1488 1515 universam
1503 1436 1570 1497 dio·

297 1524 405 1605 casim
422 1553 585 1634 nostram
609 1544 810 1607 constitutis
826 1542 985 1607 Salutem
1007 1543 1042 1607 in
1059 1545 1140 1607 Dno
1162 1542 1422 1626 sempiternam.
1461 1542 1570 1623 Quum

296 1647 547 1740 Sanctissimus
571 1650 744 1713 Dominus
767 1651 898 1714 Noster
922 1652 966 1714 D.
984 1651 1058 1713 Leo
1083 1650 1203 1713 divina
1226 1648 1453 1733 providentia
1476 1651 1570 1731 Papa

295 1758 451 1845 decimus
464 1757 699 1839 apostolicum
712 1758 830 1821 Breve
843 1760 888 1820 ad
902 1758 976 1821 Nos
989 1758 1122 1821 miserit
1136 1768 1170 1820 et
1183 1778 1247 1840 per
1261 1757 1395 1821 Rever.
1409 1758 1448 1819 P.
1459 1758 1567 1820 Dnum

297 1865 552 1950 Hieronymum
585 1865 803 1927 Aleandrum
836 1885 935 1927 suum
970 1874 1006 1927 et
1038 1862 1143 1927 Sedis
1167 1864 1399 1946 Apostolicae
1431 1862 1466 1925 in
1492 1861 1569 1924 Uni·

295 1991 399 2034 versa
424 1970 615 2057 Germania
639 1969 803 2034 nuncium
834 1980 871 2033 et
894 1981 1072 2035 oratorem
1096 1970 1229 2052 exponi
1252 1970 1377 2033 fecerit
1401 1978 1570 2052 quatenus

295 2075 347 2148 8⁸!
374 2098 449 2159 sua,
471 2078 595 2141 habita
618 2086 755 2141 matura
779 2055 1038 2142 deliberatione
1063 2079 1106 2140 de
1131 2097 1306 2141 consensu
1329 2077 1568 2141 Reverumoo·

296 2164 469 2247 minorum
492 2165 733 2247 Cardinalium
764 2187 810 2246 ad
834 2185 902 2247 hoc
926 2204 1184 2266 saepenumero
1215 2196 1514 2267 congregatorum
1536 2194 1570 2245 et

294 2293 481 2355 multorum
505 2291 540 2354 in
565 2291 691 2355 litteris
715 2292 965 2354 excellentium
988 2291 1143 2355 virorum
1175 2290 1342 2372 consilio,
1374 2291 1506 2374 scripta
1536 2300 1570 2353 et

294 2380 414 2461 libros*
428 2399 610 2461 cuiusdam
633 2398 754 2462 fratris
774 2398 920 2462 Martini
937 2398 1070 2462 Luther
1094 2397 1227 2461 ordinis
1242 2398 1475 2461 Eremitarum
1492 2396 1570 2459 Divi

295 2504 484 2586 Augustini
508 2506 670 2569 diversos
688 2508 857 2570 articulos
881 2506 1081 2589 respective
1097 2506 1274 2569 hereticos
1290 2526 1460 2569 erroneos
1476 2525 1570 2566 scan-

294 2612 436 2675 dalosos
459 2612 494 2676 in
519 2633 558 2675 se
582 2613 824 2694 continenteS,
848 2623 1016 2696 tanquam
1040 2613 1182 2677 inutiles
1206 2613 1425 2695 perniciosos
1455 2626 1491 2674 et
1514 2612 1569 2673 mi·

293 2718 386 2782 nime
416 2719 451 2782 in
475 2718 637 2783 Ecclesia
661 2720 729 2782 Dei
761 2721 967 2783 tolerandos
997 2741 1039 2783 ac
1063 2730 1256 2803 propterea
1284 2719 1570 2782 condemnandos

293 2825 488 2901 censuerit,
519 2846 561 2889 ac
585 2826 630 2890 de
653 2825 752 2891 facto
778 2818 1075 2892 'condemnaverit
1105 2835 1141 2890 et
1163 2827 1266 2891 buius
1291 2826 1492 2890 sententiae
1516 2826 1568 2889 de-

292 2932 380 2996 creti
404 2941 440 2996 et
464 2933 696 2997 ordinationis
720 2933 931 3016 originalem
954 2937 1087 2998 bullam
1108 2934 1299 2998 videndam
1324 2945 1359 2998 et
1384 2935 1570 3017 legendam

292 3050 328 3102 et
359 3039 470 3121 ipsius
502 3043 630 3106 multas
653 3042 875 3104 authenticas
899 3041 1021 3123 copias
1054 3043 1255 3123 habendaS,
1291 3062 1430 3106 necnon
1467 3042 1568 3105 aliam

293 3145 431 3208 Bullam
467 3166 573 3229 super
608 3148 777 3211 librorum
811 3147 1044 3230 impressione
1079 3147 1115 3210 in
1151 3152 1321 3212 moderno
1357 3151 1573 3216 lateranensi

293 3239 444 3315 concilio
468 3253 597 3317 editam
623 3275 687 3336 per
711 3256 863 3319 eundem
886 3255 1066 3319 dominum
1089 3256 1254 3319 nuncium
1279 3256 1325 3318 ad
1350 3276 1415 3318 nos
1438 3254 1573 3320 miserit

292 3369 328 3422 et
351 3369 501 3441 paterna
525 3361 698 3424 charitate
721 3362 883 3425 hortatus
907 3361 1015 3424 fuerit
1043 3382 1084 3424 ac
1109 3361 1144 3424 in
1170 3363 1300 3426 virtute
1324 3372 1472 3426 sanctae
1496 3367 1573 3427 obe-

292 3465 447 3529 dientiae
480 3467 705 3548 requisiverit
737 3477 774 3530 ut
805 3463 955 3549 quaein
985 3468 1179 3551 praedictis
1210 3469 1318 3532 bullis
1348 3470 1575 3534 continentur

293 3583 414 3636 nostra
437 3572 623 3656 diligentia
647 3585 682 3638 et
706 3574 823 3637 studio
848 3575 883 3637 in
898 3575 1066 3638 Diocoesi
1090 3585 1125 3639 et
1140 3576 1314 3638 Dominiis
1337 3576 1471 3640 nostris
1495 3598 1574 3640 exe-

292 3679 434 3761 quenda
450 3698 654 3761 curaremus
663 3704 671 3756 ;
688 3681 763 3744 Nos
780 3680 839 3763 qui
856 3679 1085 3745 Sanctissimo
1098 3683 1252 3746 Domino
1268 3693 1391 3746 nostro
1406 3681 1573 3748 Sanctae·

294 3807 363 3869 que
389 3784 474 3849 Sedi
491 3787 724 3870 Apostolicae
747 3788 980 3852 iuramentum
1004 3788 1185 3852 fidelitatis
1209 3790 1425 3872 prestitimus
1450 3802 1487 3855 et
1509 3811 1576 3873 pro

292 3895 389 3976 cujus
420 3893 629 3958 defensione
661 3895 779 3959 omnia
809 3906 930 3960 nostra
954 3900 1050 3960 bona
1081 3916 1264 3978 exponere
1294 3897 1576 3980 sanguinemque

290 4000 472 4082 proprium
489 3999 672 4086 effundere
689 4023 786 4066 more
803 4005 1095 4086 predecessorum
1112 4013 1311 4067 nostrorum
1323 4003 1576 4068 Leodiensium

292 4093 549 4206 Episcoporum
572 4128 713 4191 semper
736 4110 865 4173 fuimus
898 4121 934 4173 et
962 4130 1081 4172 sumus
1105 4111 1236 4192 parati,
1272 4111 1376 4174 vobis
1399 4111 1579 4176 universis
1678 4183 1679 4210 ἢ

291 4224 326 4277 et
349 4225 505 4291 vestrum
531 4215 679 4297 singulis
702 4217 914 4280 auctoritate
940 4217 1151 4298 Apostolica
1179 4227 1215 4280 et
1237 4226 1358 4282 nostra
1382 4217 1417 4281 in
1442 4218 1578 4282 virtute

291 4320 445 4386 Sanctae
470 4321 697 4386 obedientiae
729 4333 764 4386 et
794 4325 860 4385 sub
892 4322 1110 4404 gravissimis
1134 4325 1259 4405 poenis
1290 4336 1327 4387 et
1351 4325 1508 4390 censuris
1539 4327 1578 4388 in
1678 4327 1679 4336 ’

291 4429 449 4492 eiusdem
465 4430 571 4507 bullis
588 4429 794 4512 apostolicis
810 4429 997 4508 contentis,
1021 4430 1269 4512 praecipimus
1309 4429 1579 4496 Subditisvero
1678 4419 1679 4454 r

289 4536 419 4600 nostris
449 4546 592 4619 praeter
617 4557 842 4600 censurarum
874 4536 1137 4618 praedictarum
1167 4538 1433 4602 innodationem
1466 4540 1580 4604 etiam

291 4645 357 4705 sub
380 4642 615 4725 gravissimae
631 4643 886 4725 indignationis
909 4653 1054 4707 nostrae
1078 4652 1114 4706 et
1131 4645 1210 4708 aliis
1234 4645 1430 4710 arbitrariis
1446 4648 1582 4728 poenis
1678 4655 1679 4676 ¹

289 4737 437 4833 quarum
461 4751 567 4813 tertia
597 4773 680 4835 pars
704 4749 874 4815 Camerae
899 4751 1119 4833 apostolicae
1143 4751 1249 4815 tertia
1279 4751 1365 4815 fisco
1389 4767 1513 4816 nostro
1542 4767 1582 4819 et
1678 4747 1679 4758 ²

288 4857 394 4924 tertia
419 4857 662 4922 denunciatori
688 4859 877 4938 debeatur,
911 4859 1118 4921 mandamus
1142 4867 1178 4922 et
1200 4857 1400 4922 inhibemus
1424 4879 1468 4922 ne
1492 4863 1583 4946 quis
1678 4877 1679 4944 l
