3425 5700
805 567 1034 622 ‘NEMO-⁰

277 736 347 779 non
374 714 564 780 damnavit.
612 713 657 776 Et
682 733 790 794 super
814 715 905 776 haec
929 713 1048 777 omnia
1078 714 1112 775 in
1145 714 1286 796 prefata
1312 701 1414 779 ¹bulla
1439 737 1559 780 omnes

278 833 526 906 receptatores
558 822 766 886 defensores
796 821 956 883 fautores
980 830 1047 886 etc.
1102 821 1247 885 Lutheri
1279 823 1380 904 quasi
1403 824 1558 886 damnati

276 931 462 993 videntur:
489 927 591 992 Sicut
614 940 731 992 autem
755 926 915 990 veridica
939 928 1113 991 relatione
1136 931 1181 991 ad
1206 949 1271 991 nos
1292 930 1481 993 deductum
1507 943 1560 992 est

277 1039 373 1118 quod
400 1037 492 1099 idem
518 1037 695 1098 Lutherus
727 1034 762 1097 in
787 1033 894 1097 Curia
924 1035 1144 1098 invictissimi
1175 1047 1210 1097 et
1238 1037 1464 1100 sacratissimi
1489 1038 1556 1100 Do·
1638 1073 1641 1078 ·

278 1145 361 1206 mini
386 1143 527 1206 Domini
545 1143 662 1205 Caroli
688 1141 850 1204 Caesaris
876 1142 1111 1223 potentissimi
1135 1143 1277 1206 Domini
1303 1154 1338 1205 et
1360 1143 1560 1206 fundatoris

276 1358 399 1420 tissimi
424 1356 596 1438 principis
621 1355 769 1418 consilio
798 1364 881 1417 sunt
910 1359 1139 1437 quamplures
1163 1357 1453 1439 Archiepiscopi,
1477 1359 1557 1440 Epi·

278 1463 394 1546 scopi,
427 1463 577 1542 Prelati,
612 1463 789 1525 Doctores
823 1473 858 1524 et
883 1462 1105 1525 omnifariam
1131 1464 1288 1543 experti,
1321 1463 1441 1545 ibique
1472 1466 1557 1528 nihil

277 1573 423 1652 dignum
455 1581 569 1633 morte
602 1581 662 1632 aut
694 1569 842 1632 infamia
867 1571 982 1632 eidem
1011 1571 1167 1632 luthero
1192 1582 1308 1633 actum
1334 1591 1422 1650 esse,
1452 1593 1497 1635 ne
1522 1574 1557 1635 in

276 1679 448 1760 praedicti
465 1676 596 1741 domini
612 1677 784 1759 principis
809 1679 920 1739 nostri
933 1679 1104 1759 jacturam
1129 1697 1238 1758 agere
1256 1678 1439 1740 videamur
1455 1679 1559 1741 nobis

276 1805 498 1868 nequaquam
524 1785 630 1847 licere
655 1783 913 1865 precipitanter
937 1785 1094 1848 eiusdem
1117 1784 1287 1866 principis
1311 1787 1422 1848 nostri
1438 1800 1558 1848 mente

276 1915 345 1954 non
371 1893 494 1955 habita
518 1893 733 1973 procedere:
759 1891 804 1954 Et
828 1894 924 1972 quod
948 1891 1041 1954 idem
1065 1892 1222 1970 Joannes
1240 1891 1558 1954 EchiusNuncium

276 2021 314 2062 se
329 2000 457 2063 asserit
478 1999 722 2080 apostolicum,
749 2000 793 2060 de
819 2000 916 2080 cujus
941 1999 1187 2061 commissione
1204 2001 1250 2062 de
1269 2000 1397 2062 notarii
1415 2021 1558 2081 quoque

276 2118 311 2169 et
351 2105 479 2188 prelati
511 2106 569 2187 qui
595 2114 852 2187 transumptum
882 2105 1123 2168 transmissum
1148 2108 1194 2168 ad
1224 2127 1289 2168 nos
1320 2121 1358 2169 ut
1387 2107 1560 2169 asseritur

274 2213 476 2276 munierunt
494 2213 746 2294 legalitatibus,
773 2211 858 2274 nihil
877 2222 1026 2275 constat.
1059 2211 1174 2293 Quum
1192 2213 1312 2294 itaque
1337 2233 1401 2276 nos
1417 2214 1558 2276 Rector

274 2320 435 2402 prefatus
459 2320 492 2382 in
519 2319 729 2383 consistorio
747 2329 869 2382 nostro
894 2339 959 2400 pro
975 2320 1179 2400 pluralitate
1193 2331 1357 2383 votorum
1374 2323 1555 2383 concluse·

274 2429 382 2490 rimus
406 2431 452 2490 ob
477 2429 714 2490 reverentiam
739 2426 968 2489 illustrissimi
1000 2436 1036 2488 et
1059 2426 1285 2490 invictissimi
1315 2427 1487 2508 principis
1520 2438 1557 2489 et

278 2535 416 2598 Domini
449 2535 562 2597 nostri
586 2533 729 2596 Domini
753 2533 872 2596 Caroli
897 2533 1142 2596 Romanorum
1166 2533 1394 2616 Imperatoris
1425 2545 1461 2596 et
1486 2535 1555 2596 Do·

276 2643 357 2704 mini
375 2641 593 2704 Ferdinandi
618 2640 860 2704 Archiducum
885 2641 1053 2702 Austriae
1078 2640 1305 2702 fundatorum
1329 2653 1365 2702 et
1388 2642 1555 2703 Domino-

274 2770 350 2811 rum
375 2758 576 2810 nostrorum
601 2747 953 2810 clementissimorum
979 2767 1020 2808 ac
1046 2747 1199 2809 omnium
1225 2747 1464 2810 Cardinalium
1489 2749 1555 2810 Ar-

275 2856 582 2938 chiepiscoporum
609 2858 853 2918 Praelatorum
878 2876 920 2917 ac
944 2856 1190 2937 temporalium
1215 2855 1413 2937 principum
1447 2856 1556 2918 totius

276 2963 488 3027 Germaniae
514 2984 558 3025 ne
584 2974 619 3026 et
643 2963 711 3043 ipsi
736 2964 873 3024 macula
898 2982 943 3025 ex
969 2964 1094 3024 eadem
1119 2964 1216 3024 bulla
1241 2973 1277 3023 ut
1300 2963 1470 3026 asseritur
1494 2974 1555 3025 aut

274 3071 406 3134 fulmen
432 3071 599 3149 sentiant,
625 3090 667 3132 ac
692 3073 739 3132 ob
763 3069 850 3131 alias
875 3090 1001 3131 causas
1035 3079 1070 3129 et
1094 3071 1139 3131 ad
1165 3070 1352 3131 evitandos
1376 3072 1556 3149 tumultus,

274 3180 446 3241 clamores
471 3177 607 3259 populi,
632 3176 824 3240 seditiones
850 3197 942 3257 quae
966 3196 1031 3257 per
1055 3176 1331 3256 publicationem
1364 3188 1399 3239 et
1428 3197 1555 3239 execu-

274 3286 405 3347 tionem
431 3298 589 3347 nostram
615 3295 651 3346 ut
675 3284 868 3345 timendum
894 3293 948 3345 est
972 3293 1097 3345 contra
1121 3285 1252 3346 clerum
1276 3284 1461 3364 insurgere
1478 3304 1556 3366 pos-

274 3404 363 3473 sent,
389 3393 577 3474 negocium
602 3394 647 3454 ad
672 3402 811 3473 tempus
835 3391 914 3453 fore
938 3389 1190 3454 differendum:
1222 3402 1408 3474 sperantes
1440 3393 1468 3454 si
1495 3391 1557 3454 Se-

274 3502 337 3563 des
363 3499 573 3581 Apostolica
598 3500 642 3561 de
667 3500 720 3561 his
745 3499 876 3560 nostris
891 3497 1033 3560 motivis
1056 3498 1328 3560 rationabilibus
1352 3498 1460 3560 suerit
1483 3500 1555 3579 ple-

275 3608 352 3669 nius
376 3606 566 3670 insormata
590 3608 720 3669 nullam
746 3604 1028 3687 indignationem
1052 3625 1138 3667 suae
1162 3605 1360 3667 sanctitatis
1384 3625 1449 3667 nos
1473 3626 1556 3667 con·

274 3727 466 3777 tracturos:
492 3716 650 3776 decanus
674 3734 761 3776 vero
786 3722 821 3775 et
844 3712 1006 3792 magistri
1019 3712 1250 3792 Theologiae,
1277 3712 1477 3792 postposita
1501 3734 1556 3776 or·

274 3823 453 3885 (linatione
485 3822 624 3884 statutis
656 3819 856 3901 privilegiis
887 3829 923 3881 et
954 3818 1270 3882 consuetudinibus
1302 3819 1556 3899 universitatis,

272 3951 310 3991 se
336 3940 370 3992 et
395 3950 492 3991 suam
523 3932 728 3992 facultatem
754 3950 774 3989 a
801 3926 905 3990 nobis
929 3936 966 3990 et
986 3925 1216 3990 universitate
1241 3925 1404 4007 predicta
1428 3926 1556 3987 divise-

272 4048 352 4099 runt
377 4046 414 4099 et
438 4036 706 4099 declinaverunt
737 4056 802 4117 pro
835 4046 872 4097 ut
902 4034 937 4096 in
963 4034 1033 4096 alio
1058 4054 1228 4114 processu
1261 4045 1385 4097 contra
1409 4034 1556 4096 eosdem

272 4144 478 4225 'i'heologos
510 4144 631 4205 forsan
664 4145 863 4205 emanando
901 4142 1040 4222 plenius
1072 4141 1320 4203 continebitur.
1362 4141 1415 4203 Ne
1446 4140 1558 4221 igitur

269 4252 339 4331 jam
364 4250 448 4313 dicti
473 4249 650 4331 Theologi
674 4252 732 4313 vel
758 4251 970 4331 quicumque
994 4249 1084 4309 alter
1109 4268 1202 4309 nunc
1233 4258 1296 4309 aut
1331 4248 1364 4309 in
1398 4247 1557 4310 futurum

273 4358 375 4419 nobis
405 4367 440 4418 et
467 4357 689 4419 universitati
723 4356 885 4438 prefatae
918 4354 1061 4437 publice
1095 4356 1153 4416 vel
1187 4356 1325 4416 occulte
1356 4354 1557 4436 impingere

272 4475 419 4546 possent
444 4483 508 4525 nos
534 4474 569 4525 et
586 4463 850 4527 universitatem
876 4463 984 4525 fuisse
1009 4482 1088 4524 esse
1106 4471 1166 4523 aut
1190 4461 1267 4524 fore
1292 4464 1478 4524 haeresum
1503 4482 1554 4524 er·

271 4592 389 4634 rorum
422 4580 482 4633 aut
512 4590 761 4653 perversorum
792 4571 997 4651 dogmatum
1029 4578 1234 4651 receptores
1258 4568 1466 4632 defensores
1494 4579 1558 4631 aut

272 4688 515 4760 promotores,
541 4678 653 4740 nostri
679 4687 713 4739 et
738 4677 978 4739 universitatis
1003 4677 1145 4739 nomine
1169 4696 1211 4738 ac
1236 4674 1388 4738 omnium
1421 4685 1456 4736 et
1486 4674 1555 4737 sin-

273 4788 436 4867 gularum
454 4805 687 4867 personarum
704 4784 807 4846 nobis
824 4792 861 4846 et
880 4783 1086 4864 praedictae
1110 4782 1333 4846 universitati
1357 4782 1555 4863 supposita·

273 4914 350 4959 rum
375 4904 410 4955 et
434 4892 675 4956 obedientium
700 4892 918 4973 nominibus,
948 4890 1153 4953 melioribus
1181 4890 1240 4953 via
1265 4890 1343 4974 jure
1374 4898 1410 4953 et
1440 4888 1557 4953 forma
