3425 5700
775 621 987 676 0432&

209 803 212 813 ·
239 768 304 829 hos
337 775 455 829 tantos
486 766 551 828 sibi
583 767 810 845 arrogantiae
842 767 988 849 spiritus
1019 767 1220 847 sumpsisse.
1269 767 1341 830 Sed
1372 789 1438 830 nos
1462 769 1522 849 qui

241 874 541 945 nobilitatis‚tuae
566 873 750 956 egregiam
774 875 942 937 virtutem
966 875 1112 954 dignam
1127 893 1261 954 genere
1279 885 1315 938 et
1332 875 1522 957 majoribus

240 979 322 1061 tuiS,
353 1001 500 1061 quorum
525 981 714 1062 singularis
739 1001 880 1063 semper
904 981 1022 1044 extitit
1045 981 1081 1042 in
1106 981 1334 1059 christianam
1357 981 1463 1044 fidem
1487 993 1522 1044 et

240 1098 398 1150 sanctam
429 1091 551 1151 sedem
583 1089 815 1171 apostolicam
845 1093 1011 1152 voluntas
1019 1139 1028 1171 ,
1063 1089 1169 1152 etiam
1198 1090 1233 1152 in
1258 1092 1375 1152 multis
1400 1101 1522 1152 contra

239 1195 439 1258 haereticos
455 1205 491 1258 et
506 1196 660 1259 Boemos
675 1197 963 1261 contentionibus
980 1198 1208 1277 declaratam,
1230 1198 1360 1278 quique
1377 1197 1521 1278 promis·

239 1302 357 1364 siones
388 1313 467 1364 tuas
496 1303 622 1382 plenas
647 1303 795 1366 Pietatis
827 1314 862 1366 et
894 1305 1115 1367 constantiae
1144 1304 1275 1366 dilecto
1305 1302 1376 1366 filio
1400 1316 1522 1366 nostro

240 1409 397 1472 Thomae
412 1409 592 1472 Cardinali
616 1411 730 1472 sancti
748 1408 840 1473 sixti
857 1411 988 1474 Nostro
1013 1424 1087 1473 tum
1110 1410 1146 1474 in
1172 1409 1366 1474 Germania
1384 1412 1521 1492 legato
1566 1455 1570 1460 -

239 1526 275 1579 et
299 1537 363 1598 per
388 1537 467 1579 eum
492 1518 594 1580 nobis
618 1517 732 1581 factas
757 1519 1028 1582 memineramus
1054 1519 1181 1600 quibus
1196 1518 1363 1600 recepisti
1379 1529 1414 1580 te
1430 1521 1522 1581 hunc

239 1625 417 1688 hominem
442 1626 603 1706 laturum,
629 1628 711 1689 dum
736 1647 815 1689 eum
832 1624 946 1689 Sedes
970 1627 1180 1716 apostolica¹
1195 1648 1264 1689 non
1282 1628 1521 1707 reprobasset,

171 1763 174 1770 ¹
240 1734 336 1813 quod
367 1731 396 1794 si
424 1731 557 1794 factum
589 1743 683 1796 esset
713 1743 749 1796 te
774 1736 906 1796 nullum
931 1734 980 1796 illi
1006 1735 1157 1815 amplius
1190 1734 1350 1797 favorem
1384 1733 1521 1813 praebi-

239 1851 369 1902 turum:
406 1839 645 1921 Cupiebamus
669 1851 838 1922 quantum
864 1861 941 1903 cum
958 1841 1112 1904 Domino
1129 1841 1269 1921 licebat,
1294 1841 1391 1901 illum
1408 1852 1444 1902 et
1458 1840 1522 1902 tibi

238 1946 272 2010 in
304 1947 507 2010 domesticis
542 1957 577 2010 et
609 1948 840 2012 familiaribus
873 1969 951 2012 esse
983 1959 1018 2011 et
1051 1969 1130 2011 cum
1165 1950 1243 2011 Deo
1271 1969 1313 2010 ac
1338 1948 1522 2010 nobiscum

239 2053 273 2115 in
298 2054 449 2134 gratiam
474 2054 600 2118 redire.
640 2056 765 2136 Itaque
789 2056 890 2118 testis
915 2077 954 2118 es
977 2056 1065 2137 ipse,
1091 2056 1260 2137 quamdiu
1283 2055 1381 2117 illum
1405 2063 1521 2135 pertu-

238 2158 381 2222 lerimus
404 2161 562 2242 paternis
587 2182 679 2224 nunc
703 2163 965 2225 hortationibus
982 2165 1195 2244 quandoque
1214 2162 1315 2225 minis
1333 2164 1521 2242 monendo,

237 2267 468 2348 increpando,
493 2269 669 2332 interdum
690 2279 725 2331 et
750 2270 908 2351 benigne
933 2270 1173 2350 promittendo
1198 2291 1219 2331 a
1243 2279 1343 2331 tanto
1369 2290 1448 2331 eum
1472 2268 1522 2329 fu-

239 2395 319 2438 rore
351 2395 522 2440 revocare
553 2375 680 2440 conati.
733 2377 926 2457 Postquam
958 2397 1043 2439 vero
1074 2377 1235 2439 Sathena
1266 2377 1301 2438 in
1335 2396 1378 2438 eo
1411 2386 1522 2437 totum

236 2483 423 2565 imperium
448 2484 646 2560 obtinente,
678 2482 763 2545 nihil
788 2483 990 2564 profectum
1014 2497 1068 2545 est
1091 2483 1247 2563 vicitque
1271 2484 1402 2545 malum
1425 2483 1523 2543 virus

238 2591 428 2671 superbiae
460 2609 597 2652 omnem
624 2590 805 2653 charitatis
829 2589 1057 2670 medicinam,
1081 2590 1174 2653 illius
1199 2611 1284 2653 cura
1307 2611 1421 2673 prope
1447 2592 1523 2651 des-

239 2708 379 2779 perata,
409 2697 547 2778 reliquo
572 2708 694 2760 nostro
719 2697 849 2760 dilecto
875 2697 989 2779 gregi,
1015 2707 1212 2761 metuentes
1237 2717 1281 2758 ne
1307 2696 1523 2778 contagione

240 2807 405 2869 morbosa
437 2803 584 2887 pecudis
610 2824 631 2866 a
659 2825 728 2885 qua
760 2813 918 2867 tentatus
949 2813 1018 2884 est,
1051 2803 1193 2885 penitus
1223 2803 1442 2883 inficeretur,
1477 2805 1523 2867 ad

240 2912 377 2975 acriora
408 2911 566 2975 remedia
598 2911 762 2973 duximus
793 2913 1046 2975 accedendum.
1095 2912 1300 2973 Convocato
1332 2911 1439 2992 igitur
1467 2933 1522 2972 ve-

239 3020 448 3082 nerabilium
474 3019 622 3081 fratrum
646 3028 846 3081 nostrorum
872 3030 1016 3081 sanctae
1037 3019 1225 3081 Romanae
1241 3018 1424 3080 Ecclesiae
1441 3018 1522 3080 Car-

240 3128 409 3189 dinalium
435 3126 653 3206 aliorumque
678 3124 962 3188 doctissimorum
987 3125 1152 3203 virorum,
1186 3125 1271 3187 item
1295 3125 1523 3206 peritissimo·

239 3254 314 3297 rum
342 3236 590 3315 theologorum
617 3254 657 3295 ac
682 3232 716 3294 in
741 3230 861 3294 Sacris
878 3232 1083 3295 Canonibus
1108 3234 1272 3314 omnique
1297 3232 1417 3293 divina
1442 3233 1523 3293 scri-

239 3352 343 3422 ptura
367 3340 593 3403 Eruditorum
619 3338 810 3418 Concilio,·
830 3339 965 3401 crebris
989 3340 1121 3402 habitis
1145 3339 1443 3420 disputationibus
1451 3388 1460 3419 ,
1485 3359 1523 3400 re

240 3459 315 3510 tota
339 3468 447 3529 saepe
472 3447 656 3528 proposita
680 3458 787 3527 atque
812 3447 990 3527 discussa,
1023 3448 1166 3509 tandem
1192 3468 1238 3508 ex
1261 3447 1522 3509 innumerabili-

239 3558 305 3617 bus
330 3575 443 3637 prope
467 3552 619 3617 hominis
642 3555 744 3634 hujus
769 3544 950 3617 erroribus
974 3556 1145 3635 plurimos
1169 3554 1310 3634 quidem
1341 3554 1424 3616 felle
1451 3553 1521 3615 odii

239 3662 273 3723 in
299 3664 390 3725 hanc
415 3672 572 3725 sanctam
599 3661 719 3724 sedern
744 3661 885 3740 tinctos,
910 3662 977 3723 Dei
1002 3661 1171 3744 potestati
1198 3671 1233 3724 et
1256 3664 1449 3742 proborum
1474 3672 1522 3723 at·

239 3790 307 3851 que
333 3788 526 3851 aequorum
549 3768 679 3831 iudicio
705 3768 914 3832 dimisimus:
944 3769 1113 3851 quivero
1139 3789 1209 3831 non
1233 3768 1302 3831 iarn
1327 3768 1522 3831 amaritiem

239 3876 302 3938 sed
333 3890 470 3958 pestem
502 3876 607 3938 etiarn
640 3886 746 3957 atque
780 3887 928 3939 mortem
960 3886 1109 3957 propter
1140 3876 1368 3938 acrimoniam
1393 3875 1521 3937 veneni

240 3982 307 4063 piis
331 3983 517 4045 animabus
541 3982 697 4045 fidelium
722 3981 851 4045 afferre
875 3993 1039 4063 possent,
1072 4003 1134 4044 eos
1158 3982 1193 4044 in
1219 3984 1364 4045 decreto
1390 3992 1522 4061 nostre,

239 4091 333 4169 quod
358 4089 641 4170 supradictorum
666 4089 814 4152 fratrum
840 4100 1051 4167 nostrorum,
1077 4097 1113 4150 et
1133 4088 1291 4168 aliorum,
1317 4088 1376 4169 qui
1394 4089 1520 4150 eicon·

239 4196 319 4258 cilio
344 4196 581 4259 interfuerunt
605 4196 889 4259 doctissimorum
914 4207 950 4259 et
974 4196 1238 4259 Catholicorum
1263 4196 1418 4257 virorum
1443 4215 1522 4257 con·

238 4304 305 4365 silii
319 4300 495 4366 sententia
508 4304 651 4383 editum,
666 4304 793 4365 litteris
806 4302 1013 4384 apostolicis
1028 4302 1173 4365 inscribi
1190 4313 1226 4364 et
1240 4303 1339 4363 bulla
1356 4302 1522 4381 plumbea

238 4410 399 4491 insigniri
432 4412 615 4492 jussimuS,
652 4431 698 4472 ex
736 4410 861 4473 ordine
898 4409 1073 4491 perscribi
1110 4410 1356 4471 mandavimus
1394 4408 1520 4489 partim

238 4520 343 4598 plane
369 4516 569 4580 haereticos
594 4526 630 4579 et
655 4515 761 4579 fidem
787 4526 920 4580 rectam
944 4526 1203 4599 pervertentes,
1228 4516 1357 4598 partim
1380 4516 1430 4578 ita
1454 4516 1520 4577 cal·

239 4622 310 4685 lide
342 4636 378 4686 et
413 4623 511 4687 vafre
544 4626 589 4685 ad
622 4626 737 4686 bonos
772 4635 806 4686 et
839 4624 976 4687 animos
1008 4633 1044 4687 et
1077 4644 1194 4687 mores
1228 4623 1522 4687 contaminandos

239 4730 440 4811 appositoS,
476 4740 514 4793 ut
547 4750 678 4810 magna
712 4752 757 4793 ex
790 4730 844 4793 his
878 4732 912 4793 in
947 4732 1125 4795 mentibus
1158 4731 1409 4813 simpliciorum
1443 4749 1521 4790 cum

240 4837 451 4900 detrimento
476 4838 679 4919 Religionis
710 4838 843 4901 oriatur
875 4840 1114 4920 perturbatio;
1148 4858 1296 4919 quarum
1326 4836 1520 4899 litterarum

240 4946 441 5029 exemplum
466 4948 513 5007 ad
537 4957 632 5008 tuam
657 4945 878 5008 nobilitatem
903 4946 1035 5009 deferri
1059 4946 1310 5027 praecipimuS,
1343 4944 1439 5006 illam
1461 4964 1519 5027 pa-
