3425 5700
795 545 1044 604 0-43408ῢ-ο

278 693 366 756 detti
388 692 695 776 Magdeburgensi
727 713 793 755 con
818 693 914 756 aiuto
940 693 985 754 de
1009 693 1086 754 suoi
1111 692 1215 754 amici
1247 704 1282 757 et
1305 697 1446 777 parenti
1470 696 1561 760 desi·

278 801 366 863 dera
395 802 528 864 havere
559 803 605 862 da
628 800 759 863 Nostro
785 798 939 881 Signore
971 798 1128 862 subsidio
1162 809 1196 862 et
1220 800 1316 864 aiuto
1348 803 1384 865 di
1408 806 1565 884 qualche

278 907 402 970 danari
427 918 463 970 et
485 905 677 970 lauthorita
701 926 766 970 soa
796 916 833 969 et
856 908 902 969 de
925 908 960 969 la
985 904 1080 971 Sede
1106 908 1334 988 Apostolica;
1368 920 1403 973 et
1428 921 1565 992 quanto

279 1016 350 1077 alla
372 1015 487 1096 prima
510 1025 612 1096 parte
646 1013 696 1095 gli
720 1015 767 1076 ho
791 1015 947 1096 risposto
972 1015 1038 1076 che
1063 1011 1138 1076 Sua
1162 1011 1300 1076 Santita
1325 1035 1397 1079 non
1420 1018 1444 1080 11
1468 1039 1566 1082 man-

279 1120 388 1184 ehara
411 1122 446 1184 di
473 1141 557 1183 cosa
581 1123 707 1183 alcuna
731 1122 798 1184 che
822 1141 861 1182 se
885 1122 919 1182 le
943 1122 1177 1202 apartengha‚
1202 1141 1260 1183 ma
1279 1123 1346 1186 che
1368 1124 1413 1187 de
1429 1125 1568 1188 havere

280 1228 404 1292 danari
427 1229 445 1291 d
471 1248 555 1291 cosa
579 1247 679 1290 come
702 1227 934 1308 impossibile,
958 1226 987 1290 si
1011 1247 1077 1308 per
1097 1230 1132 1289 la
1147 1229 1339 1291 debolezza
1362 1240 1397 1293 et
1412 1232 1569 1312 poverta

280 1337 362 1398 dela
384 1335 506 1398 chiesa
515 1383 524 1416 ‚
560 1334 590 1397 si
613 1354 677 1416 per
702 1338 735 1397 le
759 1354 864 1416 spese
889 1334 1056 1397 continue
1092 1343 1128 1396 et
1151 1336 1184 1397 le
1209 1334 1421 1416 obligationi
1445 1348 1481 1399 et
1507 1359 1568 1402 ne-

280 1441 408 1505 cessita
433 1444 497 1505 che
520 1443 567 1504 ha
588 1441 623 1504 di
639 1461 845 1504 soccorrere
862 1450 987 1524 questo
1004 1441 1139 1522 Regno
1159 1441 1194 1504 di
1210 1441 1421 1524 Hungheria
1439 1456 1570 1508 contra

279 1549 430 1624 infideli3
463 1551 533 1612 alla
556 1550 640 1630 qual
664 1550 789 1630 parole
811 1547 860 1611 mi
883 1547 1127 1630 replicoron0,
1152 1549 1218 1612 che
1243 1569 1352 1614 erano
1376 1551 1519 1632 pegiori
1545 1552 1571 1615 li

281 1657 474 1721 Lutherani
499 1655 557 1739 qui
580 1656 674 1719 intra
691 1676 812 1720 eorum
827 1655 966 1719 viscera
988 1666 1089 1718 erant
1112 1676 1216 1738 quam
1234 1657 1374 1720 externi
1391 1657 1572 1722 Turchae.

282 1765 382 1828 Oltre
407 1765 443 1827 di
467 1771 607 1846 questo,
630 1763 761 1846 perche
776 1761 850 1826 Sua
870 1759 1038 1845 Signoria
1053 1763 1369 1826 Reverendissima
1393 1785 1497 1828 come
1521 1767 1574 1830 ho

282 1874 381 1934 detto
412 1871 577 1935 &timida
609 1881 645 1934 et
672 1891 737 1953 per
761 1873 847 1934 dare
881 1872 995 1933 ancho
1018 1871 1131 1934 maior
1155 1872 1381 1952 reputatione
1412 1874 1484 1934 alla
1509 1873 1574 1938 im·

283 1999 399 2060 presa,
423 1981 558 2042 vorebe
581 1979 648 2041 che
671 1980 706 2040 la
722 1977 861 2040 Maesta
877 1976 1031 2040 Cesarea
1055 1977 1106 2058 gli
1130 1977 1234 2040 desse
1259 1980 1291 2040 el
1314 1978 1434 2040 bando
1458 1978 1574 2061 impe·

283 2085 371 2148 riale
394 2095 520 2148 contra
544 2086 642 2148 detta
659 2084 754 2147 Citta
778 2094 814 2146 et
837 2083 915 2146 suoi
940 2085 1135 2166 adherenti,
1162 2091 1197 2147 et
1216 2085 1352 2147 anchor
1375 2086 1577 2166 deputasse

283 2212 449 2273 supremo
474 2193 642 2274 capitano
667 2212 688 2253 a
711 2193 830 2272 quella
846 2190 1002 2272 impresa
1026 2211 1093 2253 con
1108 2191 1226 2272 quello
1242 2191 1339 2254 aiuto
1364 2201 1400 2255 et
1415 2193 1577 2256 sussidio

283 2300 349 2361 che
374 2301 408 2361 le
431 2319 598 2380 parasse,
623 2299 647 2360 il
672 2299 776 2379 quale
800 2299 936 2360 anchor
959 2300 1025 2359 che
1050 2297 1147 2361 fusse
1172 2300 1288 2380 pocho
1313 2318 1384 2360 non
1409 2299 1578 2363 darebbe

284 2403 366 2468 noia
397 2406 528 2487 perche
553 2405 773 2485 sperarebbe
805 2403 842 2465 di
865 2404 1014 2484 valersi,
1050 2406 1159 2468 molto
1184 2404 1243 2487 piu
1274 2406 1320 2468 de
1345 2405 1514 2468 lautorita
1541 2417 1581 2470 et

284 2532 389 2574 nome
413 2511 568 2574 Cesareo
594 2512 660 2573 che
685 2510 729 2572 de
754 2512 787 2572 le
811 2509 916 2590 armi,
946 2520 983 2572 et
1006 2531 1071 2594 per
1095 2521 1269 2574 aventura
1292 2513 1445 2574 sarebbe
1470 2522 1581 2576 tanta

284 2617 476 2682 lauthoritd
507 2618 564 2681 del
589 2635 694 2680 nome
718 2625 754 2678 et
777 2625 915 2680 terrore
946 2618 1006 2679 del
1029 2619 1166 2698 bando,
1201 2619 1268 2681 che
1301 2637 1406 2680 sanza
1430 2639 1580 2702 sangue

285 2726 313 2789 si
347 2725 511 2807 potriano
543 2724 680 2802 ridure‚
716 2732 753 2786 et
784 2723 1070 2788 massimamente
1105 2725 1184 2788 chio
1218 2725 1365 2788 intendo
1399 2726 1465 2787 che
1500 2725 1583 2790 Sua

286 2831 453 2915 Signoria
477 2831 795 2897 Reverendissima
828 2832 876 2893 da
908 2852 946 2895 se
972 2831 989 2895 ὲ
1024 2832 1117 2896 assai
1149 2841 1297 2915 potente
1333 2841 1369 2895 et
1392 2832 1582 2915 maggior-

285 2950 403 3003 mente
439 2959 509 3002 con
542 2939 566 3001 li
598 2938 786 3001 adherenti
820 2938 898 3001 suoi
932 2949 968 3001 et
1000 2941 1088 3020 perd
1123 2938 1304 3017 desidera,
1340 2941 1405 3001 che
1438 2938 1583 3020 Nostro

287 3045 440 3128 Signore
474 3067 539 3110 con
575 3049 656 3128 quel
680 3045 822 3128 miglior
845 3047 951 3109 modo
985 3046 1008 3108 li
1042 3046 1189 3129 parere,
1224 3066 1325 3109 come
1359 3048 1403 3109 da
1427 3068 1467 3109 se
1507 3069 1585 3111 non

286 3153 454 3217 richiesto
479 3155 525 3215 da
549 3150 623 3216 Sua
647 3151 815 3235 Signoria
839 3153 1171 3233 Reverendissima,
1196 3152 1312 3216 scriva
1337 3154 1407 3215 alla
1431 3152 1586 3217 Maesta

288 3260 442 3324 Cesarea
474 3280 581 3342 sopra
612 3260 711 3322 detto
736 3258 860 3322 effetto
892 3259 918 3322 il
942 3261 1024 3342 qual
1048 3262 1238 3343 impetrato
1274 3261 1341 3323 che
1376 3260 1524 3323 havessi
1558 3262 1587 3324 li

288 3369 447 3431 darebbe
471 3366 602 3430 lanimo
626 3366 662 3427 di
681 3365 885 3428 facilmente
906 3365 1060 3430 forzarlo
1083 3368 1154 3431 alla
1169 3365 1374 3429 obedientia
1398 3374 1434 3427 et
1449 3366 1588 3431 debito

287 3478 376 3555 loro,
401 3483 437 3539 et
461 3475 613 3537 sarebbe
637 3493 723 3536 cosa
743 3470 851 3535 facile
875 3492 945 3535 non
971 3472 1000 3535 si
1024 3475 1226 3555 scoprendo
1250 3470 1330 3536 altri
1356 3474 1425 3535 alla
1446 3472 1590 3537 diffesa

289 3585 384 3661 lor0,
409 3591 445 3645 et
469 3581 612 3663 quando
637 3580 751 3643 ancho
775 3580 977 3642 havessono
1001 3580 1083 3643 altri
1107 3578 1328 3643 confederati
1353 3598 1422 3641 non
1447 3598 1590 3660 pensa-

289 3692 401 3753 rebbe
424 3690 512 3771 perd
538 3687 573 3749 di
597 3686 720 3751 esserli
743 3685 923 3767 inferiore,
952 3686 1029 3749 anzi
1054 3688 1099 3750 de
1123 3687 1271 3749 vincerli
1297 3695 1333 3749 et
1356 3706 1420 3751 con
1448 3698 1592 3767 questa

290 3796 476 3860 occasione
501 3797 612 3858 haver
635 3794 742 3857 modo
767 3792 803 3855 di
827 3792 1009 3875 extirpare
1038 3793 1072 3855 in
1099 3802 1190 3857 tutto
1216 3802 1341 3874 questa
1364 3790 1538 3857 factione.

380 3882 410 3965 E
432 3923 518 3966 vero
543 3902 623 3964 chel
646 3899 857 3982 maneggiar
881 3899 967 3963 armi
993 3910 1118 3963 contra
1133 3898 1326 3963 Christiani
1342 3900 1446 3962 nond
1465 3904 1592 3966 molto

290 4010 488 4090 laudabile,
522 4029 590 4091 pur
613 4028 678 4089 per
702 4007 886 4070 eradicare
922 4026 990 4069 una
1014 4016 1113 4069 secta
1137 4010 1208 4070 cosl
1234 4006 1511 4069 abhominevole
1551 4019 1594 4073 et

292 4118 398 4201 piena
430 4116 465 4178 di
495 4115 689 4194 seditione,
724 4134 795 4176 non
827 4114 945 4177 iudico
978 4134 1075 4176 esser
1100 4116 1190 4176 male
1214 4112 1352 4175 imitare
1386 4110 1410 4175 li
1434 4114 1593 4197 medici,

293 4228 359 4288 che
383 4245 447 4307 per
471 4225 611 4286 salvare
633 4232 726 4284 tutto
751 4221 784 4282 el
807 4229 904 4283 resto
928 4220 987 4282 del
1011 4239 1122 4301 corpo
1146 4222 1202 4283 col
1228 4220 1322 4281 ferro
1353 4228 1388 4281 et
1412 4220 1469 4281 col
1495 4220 1594 4286 foco

293 4343 467 4415 apartano
490 4334 524 4394 le
548 4332 705 4393 membra
730 4326 871 4409 putride
896 4327 942 4388 da
966 4329 1000 4389 le
1024 4347 1121 4407 sane,
1146 4335 1182 4389 et
1205 4348 1244 4388 se
1268 4328 1338 4387 ben
1363 4324 1408 4387 mi
1432 4323 1595 4395 ricordo

294 4440 406 4503 Santo
430 4436 632 4519 Augustino
665 4437 731 4497 che
765 4433 878 4515 prima
911 4444 1037 4495 contra
1060 4431 1238 4496 Donatisti
1272 4451 1341 4494 non
1367 4450 1597 4513 approvava

295 4549 360 4610 che
384 4546 413 4607 si
437 4544 550 4607 usassi
572 4543 597 4605 il
621 4540 770 4604 timedio
794 4541 839 4602 de
862 4539 962 4603 larmi
988 4559 1054 4621 per
1069 4539 1232 4603 cacciarli
1255 4538 1290 4601 di
1308 4537 1453 4619 Affrica‚
1478 4538 1597 4608 vinto

295 4655 342 4717 da
356 4655 391 4716 la
405 4654 482 4715 loro
498 4650 695 4733 pertinacia
710 4647 916 4710 finalmente
932 4644 1092 4710 consenti
1116 4657 1153 4710 et
1168 4665 1349 4728 persoase,
1374 4646 1441 4708 che
1457 4652 1599 4727 quella

295 4760 354 4823 via
377 4759 406 4822 si
430 4758 601 4840 segnisse‚
626 4766 662 4818 et
684 4758 756 4818 cosl
781 4755 818 4817 fu
842 4754 944 4817 fatto,
992 4752 1127 4835 Questa
1150 4752 1291 4816 heresia
1315 4752 1332 4815 ὲ
1356 4753 1466 4815 molto
1492 4772 1598 4839 peg.

295 4866 377 4949 gior
408 4866 444 4928 di
469 4866 587 4948 quella
610 4872 648 4927 et
670 4860 699 4925 si
723 4882 770 4945 po
794 4862 888 4942 dire,
924 4862 1059 4924 chene
1085 4858 1349 4943 comprehende
1374 4868 1508 4941 quante
1540 4868 1598 4929 ab
