3425 5700
787 493 1034 548 043406820

270 637 414 700 risimile
439 640 505 700 che
530 659 575 699 un
603 640 651 700 tal
676 659 759 700 caso
783 647 928 719 potesse
952 637 1083 700 tenersi
1109 639 1263 709 occulto;
1290 638 1417 700 dicono
1443 637 1557 700 chesi

271 746 391 825 stima,
426 748 491 808 che
515 746 607 807 colui
633 749 699 808 che
724 745 825 825 parib
850 765 916 806 con
942 743 1016 807 Sua
1039 742 1203 807 Serenita
1227 744 1341 825 prima
1365 745 1495 808 volessi
1521 747 1558 806 la

271 853 355 915 fede
386 853 421 914 di
454 874 524 914 non
559 853 761 914 comunicar
783 855 833 914 tal
858 871 943 914 cosa
966 872 1032 914 con
1063 851 1153 914 altri.
1201 851 1394 932 Vedendo,
1432 854 1496 914 che
1522 852 1561 914 la

273 959 368 1021 dieta
392 960 526 1021 andare
551 959 621 1020 cosi
648 959 681 1021 in
706 960 751 1036 lh,
777 961 843 1021 che
869 958 900 1020 ci
924 979 1013 1021 sono
1039 968 1129 1021 sette
1153 959 1249 1039 mesi,
1276 969 1310 1021 et
1334 960 1394 1040 poi
1415 959 1559 1020 innanzi

272 1069 338 1130 che
369 1086 606 1147 convengano
637 1076 673 1127 et
705 1066 949 1128 comminceno
981 1087 1001 1127 a
1033 1065 1110 1127 fare
1141 1065 1314 1128 faccende
1347 1087 1392 1128 ne
1423 1085 1559 1128 scorre-

272 1193 385 1237 ranno
417 1173 475 1234 doi
505 1173 603 1251 altri,
639 1193 769 1254 pensa,
806 1174 872 1235 che
897 1171 970 1234 Sua
996 1171 1133 1234 Santita
1165 1173 1244 1236 sari
1277 1183 1445 1234 contenta
1476 1173 1561 1234 chio

273 1280 397 1342 ritorni
422 1280 576 1341 aRoma
600 1290 636 1342 et
660 1300 730 1341 non
755 1279 822 1341 stia
846 1290 946 1342 tanto
972 1280 1030 1361 qui
1055 1281 1100 1342 ne
1122 1279 1158 1341 in
1183 1291 1307 1361 queste
1323 1280 1425 1360 parti,
1451 1299 1563 1341 senza

275 1407 447 1468 speranza
471 1387 506 1446 di
531 1399 655 1468 potere
679 1387 756 1449 fare
781 1388 909 1448 alcuna
934 1407 1029 1466 cosa,
1054 1397 1089 1447 et
1112 1406 1178 1466 per
1202 1387 1226 1448 il
1243 1407 1350 1468 parer
1367 1387 1436 1448 mio
1461 1387 1563 1448 forse

275 1515 344 1556 non
370 1496 521 1556 sarebbe
546 1495 660 1555 ancho
685 1494 912 1575 expediente,
939 1495 1004 1556 che
1029 1493 1063 1555 in
1082 1493 1181 1554 detta
1196 1493 1293 1555 dieta
1310 1515 1347 1554 se
1364 1492 1564 1554 ritrovasse

174 1607 179 1616 ’
275 1623 321 1663 un
345 1602 465 1681 legato
490 1621 559 1662 non
586 1602 737 1662 essendo
753 1602 786 1661 le
804 1621 886 1662 cose
904 1610 1023 1662 nostre
1048 1601 1148 1662 etde
1173 1601 1207 1662 la
1223 1599 1352 1662 Chiesa
1376 1600 1436 1680 piu
1454 1611 1563 1681 grate

276 1708 391 1770 chelle
415 1707 444 1768 si
468 1707 567 1769 sieno
592 1727 764 1787 appresso
790 1727 811 1768 a
835 1707 949 1786 questi
968 1705 1148 1782 Germani,
1174 1706 1233 1768 alli
1258 1707 1353 1785 quali
1375 1725 1439 1786 per
1453 1726 1565 1768 aven-

276 1827 355 1877 tura
379 1817 556 1896 parebbe‚
590 1802 659 1874 ‘che
685 1815 719 1874 la
743 1814 838 1874 Sede
866 1813 1074 1894 Apostolica
1097 1816 1236 1875 volesse
1262 1814 1431 1898 mandare
1454 1833 1477 1874 a
1501 1831 1566 1893 go-

278 1922 432 1984 vernarli
457 1942 477 1982 0
502 1942 523 1982 a
547 1921 731 1982 intendere
764 1920 787 1981 li
813 1921 885 1981 cesi
911 1930 946 1981 et
970 1919 1047 1980 fatti
1074 1922 1171 1992 lor0;
1208 1920 1329 1998 stirno,
1366 1921 1431 1981 che
1456 1940 1502 1980 ne
1527 1921 1567 1980 lo

276 2029 467 2101 intrinseco
492 2026 528 2089 di
553 2029 714 2088 cadauno
739 2027 791 2088 sia
812 2027 933 2088 chiara
951 2027 984 2087 la
1001 2025 1191 2104 bestialith‚
1217 2026 1337 2088 furore
1362 2035 1397 2088 et
1413 2024 1569 2106 iniquita

278 2138 313 2199 di
344 2144 469 2217 questa
499 2134 679 2196 sedicione
704 2133 926 2212 Lutherana,
962 2143 998 2195 et
1023 2131 1203 2194 ammoniti
1237 2133 1283 2194 da
1317 2135 1348 2194 le
1373 2133 1568 2194 incommo-

278 2243 351 2305 dita
375 2252 411 2304 et
434 2241 571 2303 tumulti
596 2241 712 2302 chella
735 2249 888 2320 apporta
912 2260 1018 2301 sanza
1042 2242 1169 2301 alcuna
1192 2239 1301 2301 bonta
1333 2260 1354 2301 ο
1378 2239 1495 2301 forma
1520 2240 1571 2301 de

278 2349 413 2432 quiete,
451 2368 538 2410 sono
569 2347 753 2408 constretti
786 2349 831 2407 da
856 2367 894 2408 se
919 2327 1075 2427 pigliarli
1107 2345 1312 2427 provisione
1345 2355 1379 2406 et
1411 2345 1571 2407 maxime

278 2457 443 2519 instando
467 2453 599 2516 >Cesare
633 2474 696 2534 per
727 2454 751 2514 il
784 2454 905 2515 debito
941 2465 975 2514 et
1007 2454 1192 2515 commodo
1226 2465 1261 2513 et
1291 2455 1405 2514 honor
1430 2472 1494 2514 suo
1532 2452 1572 2514 di

279 2565 397 2632 ridure
422 2563 455 2623 le
481 2581 563 2623 cose
588 2562 621 2621 al
647 2560 767 2622 diritto
793 2560 933 2622 camino
956 2572 991 2621 et
1015 2560 1086 2621 alla
1110 2559 1333 2621 osservantia
1358 2561 1401 2620 de
1426 2560 1459 2619 la
1481 2558 1573 2621 sede

281 2683 316 2732 et
339 2669 397 2731 riti
421 2666 653 2729 ecclesiastici
678 2665 867 2746 approbati
893 2675 928 2727 et
953 2686 1018 2728 con
1035 2676 1161 2747 questo
1177 2667 1402 2746 potrebbono
1417 2667 1573 2726 bastare

280 2775 396 2839 alcuni
428 2774 537 2835 buoni
562 2772 669 2834 Brevi
700 2793 721 2834 a
752 2773 850 2834 detta
875 2771 981 2834 Dieta
1013 2775 1156 2853 quando
1189 2773 1268 2835 sara
1300 2782 1419 2853 tempo
1429 2820 1438 2853 ,
1476 2783 1513 2834 et
1551 2794 1576 2835 a

280 2885 430 2966 qualche
466 2883 556 2943 altro
589 2880 803 2959 particulare
839 2881 1000 2961 segondo
1033 2881 1098 2941 che
1130 2881 1254 2942 alhora
1289 2880 1368 2943 sara
1407 2879 1575 2941 iudicato

281 3001 475 3073 oportune,
508 2988 757 3070 promettendo
783 2986 857 3047 Sua
881 2985 1019 3048 Santita
1052 2988 1117 3048 che
1149 2988 1194 3049 de
1219 2986 1319 3049 abusi
1345 2996 1379 3049 et
1404 2986 1576 3065 gravami

281 3098 482 3181 provedera
513 3117 579 3176 per
609 3097 643 3156 la
672 3093 837 3174 giusticia
869 3116 890 3155 a
913 3104 1014 3156 tutto.
1064 3094 1286 3155 Altramento
1318 3096 1576 3157 retrovandosi

281 3207 304 3269 li
330 3228 375 3268 un
400 3207 520 3286 legato
552 3203 666 3284 prima
691 3211 908 3264 entraranno
933 3200 972 3269 in*
992 3182 1090 3262 uarie
1115 3200 1307 3281 suspicioni
1338 3220 1437 3262 come
1464 3202 1483 3262 d
1510 3222 1577 3263 na·

282 3323 361 3375 tura
385 3311 419 3373 di
445 3311 525 3392 quei
541 3308 700 3389 Principi
725 3317 759 3370 et
783 3306 928 3369 natione
946 3305 1168 3369 Germanica.
1219 3307 1281 3369 Poi
1307 3305 1334 3367 si
1353 3310 1577 3372 voltaranno

285 3420 321 3482 in
354 3420 561 3481 dimandare
586 3416 725 3479 concilii
760 3425 795 3476 et
818 3415 1000 3495 disputare
1036 3414 1174 3477 deiide
1209 3434 1362 3495 osopra
1392 3416 1416 3477 li
1441 3436 1579 3497 grava-

286 3526 370 3588 mini
404 3545 486 3587 cose
523 3546 593 3586 non
618 3526 728 3585 molto
762 3522 946 3584 commode
980 3523 1049 3584 alle
1084 3533 1203 3584 nostre
1238 3522 1395 3603 regioni,
1432 3534 1468 3585 et
1503 3546 1580 3607 pur

285 3634 427 3714 quando
453 3632 582 3692 Nostro
608 3629 759 3709 Signore
786 3629 963 3710 judicasse
988 3628 1189 3691 necessario
1214 3630 1347 3691 havere
1380 3630 1403 3690 li
1432 3651 1479 3692 un
1507 3632 1581 3694 Le-

285 3751 370 3821 gato
402 3761 440 3800 se
465 3739 488 3800 li
512 3737 614 3819 potra
639 3758 779 3818 sempre
810 3737 980 3798 mandare
1004 3758 1026 3799 a
1050 3746 1179 3816 tempo
1228 3735 1282 3797 Ne
1315 3738 1421 3798 creda
1445 3748 1583 3801 vostra

286 3847 452 3929 ¹Signoria
482 3846 561 3906 chio
585 3844 701 3906 faccia
731 3855 857 3924 questo
890 3824 1048 3905 discorso
1074 3844 1149 3905 solo
1182 3862 1248 3923 per
1280 3841 1457 3903 desiderio
1490 3844 1583 3907 chio

285 3954 328 4017 mi
354 3953 487 4016 habbia
518 3953 563 4014 de
587 3952 780 4030 ritornare,
816 3972 873 4012 ma
897 3950 1030 4031 perche
1062 3958 1279 4030 conquesto
1305 3949 1462 4010 anchora
1497 3950 1584 4014 cosi

284 4061 331 4123 mi
363 4081 449 4142 pare
473 4060 539 4121 che
563 4058 615 4120 sia
645 4058 669 4119 il
691 4058 841 4138 megliO,
878 4059 943 4119 che
969 4056 1185 4126 delritorno
1210 4055 1375 4118 confesso
1407 4057 1480 4117 ben
1507 4060 1585 4121 che

286 4168 330 4230 mi
355 4168 571 4249 placerebbe
596 4174 631 4227 et
652 4186 717 4246 per
733 4164 831 4227 molti
848 4164 987 4246 rispetti
1005 4167 1039 4228 lo
1057 4164 1223 4226 desidero
1248 4183 1349 4224 come
1364 4163 1453 4223 altre
1472 4167 1585 4228 volte

284 4278 330 4337 ho
366 4274 507 4353 scritto,
544 4295 601 4335 ma
634 4294 701 4334 con
725 4274 843 4334 buona
868 4272 1012 4335 volunta
1047 4282 1082 4334 et
1114 4270 1342 4335 satisfacione
1377 4268 1412 4330 di
1436 4268 1586 4337 Nostro

285 4380 458 4464 Signore,
494 4383 593 4444 cuius
617 4382 766 4443 arbitrio
792 4381 940 4444 consilia
972 4390 1007 4443 et
1030 4381 1190 4443 actiones
1214 4398 1314 4441 meae
1340 4396 1463 4439 omnes
1489 4377 1588 4443 mihi

286 4498 368 4551 sunt
391 4488 602 4570 dirigendae
606 4535 1045 4552 ..........
1065 4466 1079 4475 γ’
1087 4530 1530 4550 ..........
1578 4540 1585 4551 .

260 4719 267 4729 ·
334 4649 338 4659 Ι
372 4701 496 4763 Budae
521 4698 659 4760 XXIX
685 4700 894 4763 Decembris
918 4698 1138 4762 MDXXIV.

1057 4814 1104 4861 uu
1124 4812 1205 4859 frater
1224 4803 1253 4865 1..
1273 4802 1335 4865 tn.
1356 4802 1545 4877 tinnulus.
