3425 5700
646 556 796 617 0-{3323
835 552 894 615 8»

150 724 226 767 nunc
248 704 504 788 laborantibus,
527 713 677 788 paterne
701 707 909 790 prospicere
926 717 1084 788 conatur,
1108 728 1180 771 non
1195 705 1337 792 vulgari
1352 725 1410 772 me

149 810 252 874 affecit
274 812 417 893 gaudio.
464 812 543 894 Ego
568 812 741 895 siquidem
765 815 825 895 qui
849 814 893 879 V.
917 815 959 879 B.
985 825 1020 878 et
1046 813 1201 878 Sanctae
1226 816 1409 880 Ecclesiae

148 917 318 983 Romanae
342 940 399 983 me
423 920 540 983 omnia
564 921 697 985 debere
722 941 900 1004 agnosco,
925 942 1028 985 omne
1053 922 1224 1004 studium,
1257 924 1411 1005 labores,

147 1026 342 1108 voluntateS,
369 1026 522 1109 denique
546 1048 602 1091 me
625 1026 740 1111 ipsum
757 1038 869 1092 totum
893 1030 939 1093 ad
956 1030 1023 1091 hoc
1038 1038 1199 1092 sanctum
1214 1029 1410 1094 institutum

148 1130 282 1197 Vestrae
306 1133 525 1197 Beatitudini
549 1134 732 1217 polliceor,
757 1146 865 1216 atque
883 1155 949 1217 pro
966 1137 1144 1199 servanda
1167 1137 1410 1201 incolumitate

147 1247 176 1301 et
196 1241 325 1305 honore
349 1240 443 1304 illius
465 1240 619 1305 fideliter
642 1244 822 1324 prestabo
871 1242 986 1323 Quum
1010 1252 1128 1306 autem
1152 1262 1222 1325 ego
1252 1244 1323 1326 iam
1351 1244 1411 1307 ali·

147 1347 287 1426 quandiu
314 1348 419 1430 gravi
448 1346 609 1431 corporis
640 1357 676 1411 et
707 1350 860 1412 adversa
891 1350 1097 1413 valetudine
1125 1351 1288 1414 laboravi
1305 1352 1411 1415 'adeo

146 1454 358 1533 quodetiam
381 1453 416 1517 in
440 1456 599 1537 periculo
623 1456 745 1520 mortis
769 1456 915 1538 fuerim,
946 1458 1015 1520 Dei
1043 1468 1163 1521 tamen
1196 1458 1319 1542 optimi
1343 1447 1425 1521 ma-¹

145 1559 219 1621 ximi
240 1560 365 1625 favore
390 1562 649 1645 aliquantisper
677 1560 830 1627 Sanitati
854 1563 1038 1628 restitutus
1045 1613 1054 1645 ,
1086 1564 1136 1626 ita
1168 1573 1286 1628 tamen
1319 1568 1411 1648 quod

144 1667 266 1749 absque
290 1688 426 1733 summo
449 1670 608 1752 periculo
624 1690 680 1734 me
696 1671 883 1734 laboribus
899 1670 1064 1734 itinerum
1087 1690 1181 1734 nunc
1205 1673 1412 1736 submittere

144 1792 205 1837 non
226 1795 386 1857 possum,
411 1796 522 1858 quare
545 1777 627 1840 huic
649 1777 851 1862 principum
875 1777 1067 1841 conventui
1095 1764 1313 1842 intervenire
1340 1778 1412 1842 ine-

143 1878 268 1945 vitabili
293 1885 447 1965 quadam
469 1884 684 1948 necessitate
707 1884 837 1949 invitus
853 1884 1034 1959 detineor;
1059 1894 1215 1949 attamen
1232 1887 1327 1968 quod
1345 1886 1413 1949 mei

142 1988 284 2052 muneris
309 1990 377 2053 erit
400 2010 470 2071 ego
494 2011 559 2075 per
582 2002 743 2055 oratores
766 2012 808 2055 ac
824 1991 973 2055 nuncios
995 2012 1094 2055 meos
1110 2012 1201 2075 quos
1216 2013 1308 2055 nunc
1333 2012 1412 2057 meo

142 2094 272 2159 no'mine
302 2097 465 2161 adhunc
490 2107 703 2163 conventum
728 2099 982 2181 delegaverim,
1007 2119 1073 2181 pro
1096 2100 1233 2163 honore
1254 2099 1298 2162 V.
1322 2099 1410 2162 Bea-

143 2198 294 2267 titudinis
319 2224 361 2268 ac
385 2204 514 2288 Legati
538 2205 633 2269 illius
656 2206 752 2288 apud
787 2205 876 2269 alios
904 2206 1082 2289 principes
1112 2205 1266 2269 fideliter
1296 2225 1411 2288 agam,

142 2316 175 2368 ut
194 2308 252 2373 ille
277 2311 397 2394 dignis
420 2310 633 2393 suscipiatur
656 2312 872 2393 honoribus,
896 2313 1123 2396 benigneque
1147 2322 1331 2393 tractetur,
1355 2333 1411 2388 ne·

140 2416 337 2500 gotiumque
361 2418 428 2481 hoc
453 2428 612 2482 sanctum
635 2418 883 2483 favorabiliter
907 2428 1175 2501 promoveatur,
1209 2440 1314 2502 quem
1343 2439 1412 2502 ego

140 2520 341 2606 iampridem
366 2535 402 2589 et
430 2526 514 2589 novi
546 2534 582 2590 et
613 2546 692 2589 cum
723 2534 873 2610 propter
903 2546 1106 2591 communes
1138 2528 1310 2610 honores,
1340 2536 1412 2589 tum

140 2642 278 2713 propter
304 2632 452 2697 eximias
477 2632 570 2696 illius
594 2632 745 2697 virtutes
767 2654 808 2697 ac
834 2633 1069 2697 eruditionem
1100 2654 1147 2696 ex
1177 2634 1294 2697 animo
1323 2654 1411 2697 sume

137 2736 197 2801 mis
219 2758 420 2823 prosequor
442 2740 637 2804 favoribus.
685 2740 805 2822 Quare
829 2734 962 2805 Vestra
986 2739 1166 2804 Sanctitas
1188 2740 1255 2803 sibi
1287 2741 1332 2803 de
1357 2760 1413 2803 me

139 2855 230 2911 certo
254 2848 470 2931 persuadeat
493 2849 588 2932 quod
611 2849 677 2912 hac
702 2848 737 2911 in
761 2869 800 2912 re
825 2868 1046 2932 quacumque
1079 2848 1149 2913 alia
1181 2869 1273 2930 quae
1296 2848 1343 2911 ad
1366 2847 1412 2913 V.

137 2950 369 3020 Beatitudinis
392 2976 433 3019 ac
467 2943 622 3020 Sanctae
654 2954 759 3019 Sedis
787 2956 1021 3038 Apostolicae
1053 2957 1226 3019 honorem
1257 2965 1292 3018 et
1324 2955 1413 3018 utili·

138 3065 242 3124 tatem
265 3071 430 3146 spectare
453 3062 596 3146 poterit,
621 3083 664 3128 ea
687 3062 840 3126 fideliter
864 3083 970 3145 agam
994 3082 1086 3144 quae
1105 3062 1415 3126 obedientissimus

135 3163 223 3231 filius
248 3178 284 3234 et
306 3189 417 3252 agere
441 3149 477 3234 et
500 3153 662 3253 prestare
686 3171 746 3233 vel
769 3169 883 3252 possit
905 3170 964 3232 vel
989 3156 1128 3233 debeat.
1175 3159 1240 3233 Cui
1270 3190 1325 3233 me
1353 3172 1413 3233 hu·

138 3272 261 3340 militer
284 3279 505 3342 commendo,
554 3279 684 3341 Datum
708 3276 825 3340 Hallis
849 3297 895 3339 ex
918 3277 1014 3340 Arce
1039 3262 1112 3340 divi
1143 3277 1323 3359 Mauricii,
1357 3277 1414 3340 die

136 3377 282 3447 Sabathi
318 3384 489 3448 vicesima
521 3383 653 3448 mensis
676 3383 877 3464 Februarii,
908 3404 1002 3447 anno
1026 3384 1168 3447 Domini
1193 3384 1414 3448 MDXXIV.

666 3595 873 3610 mmmm

738 3810 812 3879 145.

386 3927 545 4011 Glemona
573 3927 653 4009 VII.
683 3926 868 4009 cardinali
896 3908 1162 4031 salzburgensi.

595 4076 687 4151 (brer.
705 4076 726 4135 1.
746 4075 803 4136 193.
822 4075 868 4135 tol.
885 4076 956 4150 tet.)

642 4197 695 4264 (25.
715 4197 794 4246 Febr.
817 4196 905 4264 1524.)

224 4340 363 4405 Dilecte
378 4339 438 4423 fili,
455 4343 604 4405 salutem
621 4348 688 4404 etc.
728 4339 899 4421 Quamvis
915 4337 1192 4422 Circumspectio
1207 4347 1279 4419 tua,
1302 4349 1340 4400 ut
1360 4357 1413 4402 ac·

136 4447 310 4532 cepimus,
334 4451 381 4511 ad
404 4447 497 4512 Nos*
511 4457 546 4512 et
576 4447 779 4511 Romanam
810 4445 965 4527 Curiam,
990 4455 1028 4508 ut
1051 4465 1118 4527 par
1141 4455 1212 4526 est,
1243 4465 1281 4507 se
1305 4454 1414 4509 trans-

134 4551 244 4638 ferre,
266 4564 300 4619 et
322 4555 428 4619 inea
451 4555 609 4619 residere
634 4553 871 4625 desideraret;
896 4561 1054 4615 attamen
1078 4552 1353 4635 subpullulante,
1379 4563 1416 4615 et

134 4659 244 4724 latius
263 4663 297 4726 in
322 4663 399 4726 dies
423 4671 590 4746 serpente
621 4661 658 4724 in
682 4659 842 4744 partibus
871 4658 1085 4723 Germaniae
1116 4658 1317 4742 perniciosa
1348 4659 1415 4722 Lu·

134 4767 284 4833 therana
306 4769 464 4852 haeresi,
487 4780 526 4833 ut
550 4771 595 4834 ad
620 4787 790 4852 praesens
814 4766 892 4830 istic
924 4777 1133 4847 permaneat
1163 4766 1277 4847 magis
1308 4785 1414 4848 expe-

134 4873 242 4938 diens
262 4875 337 4941 fore
369 4897 564 4942 censemus.
621 4873 803 4957 Siquidem
839 4873 1122 4956 consideramus,
1155 4874 1250 4955 quod
1282 4872 1318 4934 in
1349 4872 1416 4955 his,

1202 4977 1257 5032 21*
