3425 5700
795 526 1043 597 a<3100sps

270 677 338 737 che
362 675 619 736 deverebbeno
647 671 704 735 far
731 672 824 735 assai
853 673 890 735 in
919 682 1045 754 questa
1073 694 1156 735 cosa
1180 673 1311 754 perche
1336 692 1401 755 per
1425 673 1459 735 la
1483 674 1556 735 loro

269 780 424 843 timidita
449 800 488 842 se
512 781 654 841 lassano
680 778 812 861 pigliar
837 782 870 841 el
895 780 1041 861 proprio
1067 802 1137 843 non
1162 781 1228 842 che
1253 778 1446 843 defendino
1462 781 1486 841 il
1502 801 1556 841 no·

270 900 358 967 stro,
382 898 419 949 et
443 891 557 967 basta,
582 906 654 949 non
677 905 786 967 posso
810 886 872 968 piu
897 888 1141 971 descoprirmi,
1162 886 1235 950 fino
1260 889 1325 949 che
1349 886 1384 951 io
1409 900 1464 949 sto
1489 886 1557 968 qui.

361 994 516 1057 Accedit
540 994 587 1055 ad
611 993 648 1054 id
673 1004 709 1055 et
733 993 831 1056 aliud
854 1014 984 1056 novum
1008 995 1152 1072 malurn,
1178 995 1243 1057 che
1268 994 1375 1075 quelli
1401 994 1466 1055 che
1491 992 1558 1055 vie-

271 1123 366 1165 neno
398 1102 434 1164 di
462 1102 584 1164 Roma
617 1102 812 1182 divulgano
841 1102 973 1183 passim
1003 1102 1068 1165 che
1098 1102 1119 1163 a
1148 1102 1268 1165 Roma
1296 1122 1334 1163 se
1363 1120 1407 1162 ne
1436 1100 1559 1162 rideno

271 1209 367 1271 delle
396 1228 481 1270 cose
509 1207 546 1269 di
570 1207 722 1286 Luther,
753 1217 789 1269 et
817 1209 883 1270 che
912 1229 982 1270 non
1013 1208 1042 1271 si
1070 1208 1107 1271 fa
1131 1208 1235 1271 stima
1258 1210 1395 1271 alcuna.
1443 1208 1471 1269 ll
1496 1210 1561 1269 che

271 1315 307 1377 in
332 1316 383 1375 tal
410 1314 518 1376 modo
547 1316 727 1376 exacerba
756 1314 778 1375 l'
796 1314 912 1377 animo
937 1314 1022 1377 delli
1043 1314 1249 1395 Conselieri,
1274 1314 1297 1377 li
1323 1315 1418 1396 quali
1442 1316 1561 1377 hanno

270 1430 398 1503 questa
413 1440 499 1483 cura
516 1420 552 1481 di
577 1418 787 1502 expedirmi,
812 1423 878 1483 che
902 1425 1129 1485 vorrebbeno
1155 1422 1418 1504 quodammodo
1436 1442 1506 1484 non
1524 1442 1562 1483 se

270 1528 453 1591 obtenisse
478 1528 600 1590 niente
625 1526 660 1589 in
684 1537 811 1608 questa
825 1528 932 1591 Dieta
957 1550 1022 1612 per
1047 1531 1158 1593 veder
1182 1530 1217 1593 in
1245 1532 1310 1593 che
1337 1538 1429 1591 stato
1454 1540 1561 1591 resta·

270 1635 433 1696 rebbeno
449 1636 483 1697 le
499 1653 583 1696 cose
598 1644 730 1714 nostre,
755 1644 852 1697 certe
877 1636 985 1716 male,
1008 1648 1091 1718 post
1115 1637 1309 1700 discessum
1335 1636 1490 1713 Cesaris,
1525 1656 1562 1697 se

272 1761 344 1803 non
368 1740 407 1803 fa
431 1739 691 1803 demostration
714 1740 835 1803 avanti
861 1743 896 1804 la
921 1742 1155 1806 dissolutione
1180 1744 1274 1807 della
1291 1744 1409 1807 Dieta:
1447 1742 1507 1805 Ma
1524 1764 1563 1807 se

270 1848 412 1911 iussero
444 1847 505 1929 gia
528 1868 575 1910 un
600 1868 697 1911 mese
722 1848 804 1910 stati
829 1848 996 1931 replicati
1020 1852 1044 1914 li
1069 1852 1170 1914 brevi
1195 1852 1239 1913 ad
1265 1850 1431 1914 Cesarem
1457 1852 1562 1913 etad

271 1954 373 2033 alios,
397 1974 477 2017 curn
501 1955 610 2017 molto
635 1953 777 2035 miglior
801 1957 946 2039 meggio
972 1977 1009 2020 se
1034 1958 1194 2021 harebbe
1219 1966 1343 2038 potuto
1367 1968 1496 2019 trattar
1513 1958 1564 2019 tal

271 2082 367 2139 cosa,
391 2070 428 2121 et
451 2070 620 2142 questoro
645 2063 900 2125 vederebbeno
925 2065 990 2127 che
1014 2085 1096 2145 non,
1122 2064 1150 2126 si
1175 2085 1275 2128 come
1299 2064 1428 2125 dicono
1453 2064 1477 2125 li
1494 2065 1561 2125 che

271 2167 427 2229 vieneno
451 2168 499 2230 da
523 2168 652 2248 Roma,
692 2169 825 2234 Nostro
849 2169 1005 2251 Signore
1029 2171 1144 2233 faccia
1168 2171 1197 2233 si
1221 2192 1334 2254 pocca
1358 2172 1471 2233 stima.
1510 2168 1562 2232 So

270 2278 343 2337 ben
372 2276 439 2337 che
467 2276 515 2337 da
538 2275 658 2339 Roma
685 2275 714 2337 si
744 2278 791 2339 ha
818 2276 906 2339 forsi
936 2286 1070 2341 restato
1099 2279 1271 2358 scrivere,
1303 2287 1339 2340 et
1362 2277 1418 2341 far
1441 2298 1563 2339 nuove

271 2381 441 2445 instantie
465 2401 530 2463 per
556 2402 625 2443 non
651 2382 715 2443 dar
739 2392 839 2445 tanta
863 2385 1088 2465 reputatione
1113 2386 1184 2447 alla
1200 2405 1295 2465 cosa,
1321 2394 1355 2445 et
1371 2382 1563 2446 occasione

271 2510 294 2551 a
317 2498 486 2570 questoro
511 2487 547 2549 di
571 2487 706 2550 tenerci
730 2491 764 2551 el
788 2489 894 2571 piede
920 2491 977 2553 del
1006 2500 1097 2553 tutto
1124 2493 1176 2553 sul
1207 2494 1314 2571 collO,
1348 2493 1412 2553 sed
1440 2501 1564 2553 tamen

271 2604 327 2658 est
350 2597 526 2677 quaedam
551 2615 660 2657 aurea
682 2595 912 2659 mediocritas
939 2598 974 2659 di
1000 2597 1113 2659 evitar
1138 2597 1161 2659 li
1178 2597 1237 2659 doi
1256 2598 1416 2678 extremi,
1441 2608 1477 2659 et
1491 2619 1563 2660 ma·

270 2702 367 2765 xime
395 2702 528 2783 perche
557 2713 683 2783 questa
713 2723 798 2765 cosa
822 2704 839 2765 ὸ
866 2714 999 2765 venuta
1031 2704 1091 2785 gi’a
1122 2706 1166 2766 ad
1196 2704 1334 2784 grande
1359 2704 1564 2785 discrimen,

272 2811 317 2873 ad
347 2810 397 2872 tal
426 2809 492 2872 che
522 2808 638 2892 questi
666 2808 703 2870 di
727 2809 838 2872 Cesar
863 2811 1060 2874 dubbitano
1085 2832 1156 2874 non
1182 2811 1213 2874 ci
1237 2822 1341 2894 poter
1365 2812 1426 2894 piu
1450 2832 1564 2875 reme·

272 2918 367 2988 diar;
391 2918 584 2979 tuttavolta
608 2937 679 2979 non
704 2917 897 2980 debbiamo
922 2919 1035 2981 lassar
1052 2918 1087 2980 di
1104 2917 1181 2980 fare
1198 2917 1221 2980 il
1239 2919 1422 3000 possibile,
1448 2931 1483 2982 et
1500 2921 1565 3001 poi

271 3035 442 3087 remetter
464 3025 536 3086 alla
560 3023 683 3087 divina
706 3025 837 3106 gratia:
887 3025 993 3088 Certo
1018 3027 1084 3088 che
1108 3047 1147 3088 se
1172 3027 1202 3087 si
1225 3026 1263 3088 fa
1287 3028 1406 3107 quello
1431 3030 1497 3090 che
1529 3029 1565 3089 io

272 3132 448 3213 pretendo
473 3151 579 3212 spero
605 3152 649 3193 ne
674 3133 819 3194 haremo
844 3133 938 3195 assai
963 3135 1057 3194 buon
1085 3133 1195 3212 exit0,
1220 3135 1353 3216 purch&
1379 3135 1424 3196 da
1441 3134 1567 3198 Roma

272 3260 342 3301 non
368 3237 398 3300 si
422 3238 572 3300 manchi.
620 3237 799 3318 Quantum
823 3239 858 3301 in
883 3260 939 3302 me
964 3249 1018 3302 est
1041 3240 1110 3301 Dio
1136 3240 1183 3302 mi
1208 3241 1399 3320 confunda,
1428 3261 1466 3302 se
1493 3243 1568 3305 mai

273 3365 343 3408 uno
372 3344 516 3407 minimo
545 3353 724 3407 momento
751 3348 798 3407 ho
823 3346 957 3408 lassato
983 3347 1019 3408 di
1044 3365 1173 3428 operar
1197 3347 1232 3409 in
1258 3357 1384 3430 questa
1408 3367 1492 3411 cosa
1518 3349 1568 3411 ne

272 3474 360 3515 sano
390 3453 433 3514 nd
463 3455 648 3532 amalatto,
681 3464 717 3514 et
748 3453 783 3514 in
813 3454 1038 3518 necessitade
1067 3464 1241 3535 extrema,
1276 3465 1311 3517 et
1344 3476 1382 3517 se
1412 3476 1481 3518 non
1515 3457 1567 3518 ho

273 3560 397 3622 scritto
420 3560 454 3621 le
480 3579 563 3622 cose
588 3557 661 3621 cosi
687 3560 834 3641 grandi,
859 3580 958 3623 come
983 3562 1015 3624 le
1041 3580 1146 3642 sono,
1170 3563 1254 3623 holo
1274 3561 1364 3624 fatto
1381 3563 1441 3643 piu
1466 3573 1568 3626 tosto

272 3687 338 3748 per
366 3667 532 3729 attendet
555 3688 575 3729 a
603 3667 782 3729 remediar
810 3669 844 3729 al
872 3670 979 3748 male,
1012 3669 1077 3730 che
1105 3687 1171 3749 per
1199 3671 1231 3731 el
1257 3669 1327 3731 mio
1352 3669 1488 3732 scriver
1515 3671 1568 3734 in-

273 3793 396 3836 correr
420 3774 454 3835 in
479 3773 677 3854 suspitione
702 3777 769 3836 che
793 3775 827 3836 io
851 3777 989 3837 facesse
1015 3775 1047 3836 el
1072 3775 1232 3855 periculo
1257 3793 1379 3858 grave,
1404 3797 1470 3858 per
1491 3799 1569 3840 mo-

274 3889 366 3943 strar
390 3881 424 3942 le
448 3880 518 3942 mie
542 3879 675 3944 fatiche
700 3902 799 3945 esser
822 3881 1000 3964 maggiori
1025 3892 1060 3944 et
1084 3903 1208 3963 sperar
1233 3883 1397 3965 maggior
1420 3885 1569 3965 premii:

274 3989 308 4049 al
333 3986 399 4049 che
424 3997 522 4050 certo
547 3988 617 4049 mai
642 3988 940 4070 principalmente
965 3988 996 4050 ci
1020 3989 1156 4070 pensai,
1181 4010 1239 4052 ma
1263 3993 1376 4053 solum
1400 4012 1501 4053 come
1529 3993 1568 4055 in

274 4103 401 4173 questa
425 4114 509 4156 cosa
532 4093 567 4156 io
592 4095 689 4176 possi
714 4096 829 4158 servir
852 4095 958 4158 aDio
984 4108 1019 4157 et
1043 4095 1185 4158 satisfar
1209 4118 1230 4159 a
1246 4097 1377 4160 Nostro
1394 4097 1570 4182 Signore,

274 4201 320 4262 ad
344 4201 459 4262 honor
488 4200 523 4261 di
549 4200 877 4283 Vostra·Signoria
901 4202 1219 4266 Reverendissima
1248 4205 1319 4266 mio
1350 4214 1495 4287 patron,
1529 4220 1571 4272 et

275 4306 461 4368 commodo
487 4306 582 4368 della
606 4309 791 4389 republica
808 4308 1020 4372 Christiana.
1054 4309 1204 4371 Intendo
1229 4331 1295 4392 per
1319 4312 1571 4379 admonitione

273 4412 365 4474 satta
397 4414 429 4474 al
462 4412 532 4474 mio
562 4424 772 4494 procurator
804 4415 904 4479 costa
935 4417 994 4477 dal
1025 4415 1071 4478 R.
1105 4414 1246 4498 Segnor
1276 4418 1570 4504 Archiepiscopo

276 4519 310 4580 di
336 4517 459 4601 Capua
484 4521 550 4582 che
573 4519 722 4583 Erasmo
746 4524 792 4584 ha
817 4523 941 4586 scritto
967 4523 986 4584 ἐι
1011 4523 1130 4585 Roma
1155 4525 1300 4604 querele
1335 4525 1371 4587 di
1394 4547 1465 4607 me,
1496 4533 1570 4594 che

275 4624 310 4686 io
336 4625 487 4708 denigro
512 4627 547 4688 la
570 4626 666 4690 fama
690 4649 754 4691 sua
778 4632 873 4710 apud
890 4629 1088 4711 Principes,
1114 4630 1232 4693 donde
1257 4631 1387 4695 Nostro
1405 4631 1571 4715 Signore

275 4751 314 4793 se
341 4752 386 4793 ne
416 4733 433 4794 ὲ
463 4734 573 4796 molto
601 4735 783 4797 resentito.
835 4736 895 4798 Me
925 4736 1093 4817 despiace
1122 4738 1230 4818 assai,
1265 4741 1332 4801 che
1356 4761 1393 4802 se
1419 4741 1468 4803 dii
1500 4743 1569 4824 piu

274 4836 358 4908 sede
386 4837 405 4900 l
432 4841 557 4924 parole
586 4841 622 4902 di
651 4841 813 4924 Erasmo,
845 4845 911 4906 che
938 4845 986 4905 ha
1014 4843 1137 4905 scritto
1171 4846 1305 4928 poggio
1334 4850 1400 4912 che
1426 4849 1571 4918 Luther
