3425 5700
685 577 933 635 &filib-0

169 726 270 804 ritus,
303 724 512 788 cerimonias
535 732 676 787 nostras
706 733 767 787 aut
802 728 917 788 bonos
941 746 1058 814 mores
1089 746 1110 788 a
1134 748 1172 791 se
1196 728 1347 811 scripta,
1385 740 1447 793 aut

170 832 377 894 scandalosa
408 840 444 894 et
475 830 612 894 famosa
636 841 734 911 sunt,
768 840 849 912 post
876 832 1153 896 admonitionem
1177 837 1224 897 ab
1248 836 1449 899 oratoribus

170 937 330 1002 Caesaris
353 937 510 1001 Martino
533 938 684 1018 factam,
715 947 751 1000 et
775 958 913 1001 rursum
937 940 983 1001 ab
1008 939 1140 1002 eisdem
1168 939 1311 1005 Caesari
1336 944 1449 1006 reddi-

169 1055 249 1126 tum,
277 1056 403 1108 contra
425 1044 540 1126 ipsum
565 1044 757 1107 Martinum
780 1045 954 1127 procedet
979 1045 1112 1109 Caesar
1135 1048 1212 1111 sine
1236 1041 1345 1129 mor'a,
1380 1072 1449 1114 om-

171 1152 272 1213 nibus
295 1151 375 1215 aliis
398 1151 690 1215 excusationibus
714 1150 939 1233 posthabitis.
1300 1232 1305 1243 ἡ

255 1260 295 1322 Si
318 1270 437 1322 autem
460 1257 538 1340 ipse
562 1258 739 1321 Martinus
763 1259 970 1340 supradicta
994 1262 1086 1322 mala
1109 1266 1359 1345 recantaverit,
1388 1276 1448 1327 aut

171 1385 309 1429 sensum
339 1369 473 1429 clarum
504 1366 717 1428 catholicum
749 1366 907 1445 dederit,
942 1366 1139 1429 abiurando
1171 1369 1277 1432 alium
1308 1392 1449 1435 sensum

171 1493 270 1553 quem
303 1473 415 1555 ipsius
445 1472 577 1554 scripta
610 1475 784 1537 hactenus
816 1474 913 1556 apud
945 1475 1076 1537 clerum
1102 1485 1137 1538 et
1160 1480 1332 1558 populum
1356 1500 1449 1541 eom·

174 1581 326 1643 munitet
359 1580 629 1661 generaverint,
662 1580 819 1661 benigne
844 1581 1036 1661 recipiatur
1061 1592 1095 1644 et
1120 1603 1226 1665 super
1249 1585 1304 1647 bis
1327 1586 1452 1648 librum

174 1688 446 1751 declaratorium
470 1689 565 1753 edat.

256 1794 360 1875 Quod
386 1794 416 1856 si
440 1793 578 1876 aliquos
602 1795 713 1857 libros
738 1805 777 1856 ut
801 1816 885 1859 suos
909 1796 1113 1876 agnoverit,
1138 1796 1275 1879 aliquos
1297 1800 1451 1880 abnega·

172 1902 277 1981 verit,
312 1913 397 1965 tunc
429 1922 550 1965 eorum
582 1902 753 1965 librorum
783 1924 873 1985 quos
898 1913 1060 1966 secernet
1094 1924 1114 1965 a
1145 1904 1233 1984 suis,
1268 1905 1453 1986 catalogus

173 2008 393 2072 describatur
416 2012 482 2071 sub
508 2020 591 2071 nota
615 2009 749 2090 publici
773 2009 988 2090 tabellionis,
1014 2020 1049 2072 et
1073 2030 1180 2092 super
1197 2012 1347 2073 caeteris
1364 2031 1453 2093 quos

172 2136 250 2179 suos
274 2117 370 2179 dicet
393 2115 645 2198 interrogetur,
669 2125 709 2178 ut
730 2116 767 2179 in
792 2118 949 2179 secundo
975 2126 1010 2179 et
1034 2116 1139 2179 tertio
1163 2118 1333 2180 articulo:

255 2222 356 2285 Libri
381 2231 499 2286 autem
522 2221 659 2285 interea
675 2232 943 2305 sequestrentur
958 2232 996 2285 ut
1012 2233 1140 2304 postea
1156 2234 1334 2306 tamquam
1351 2246 1448 2287 scan-

175 2330 282 2393 dalosi
308 2330 436 2395 famosi
461 2339 498 2392 et
520 2330 707 2411 pernitiosi
732 2333 995 2409 comburantur,
1023 2331 1082 2392 vel
1106 2332 1151 2393 de
1175 2331 1244 2393 illis
1269 2343 1375 2413 prout
1399 2332 1452 2393 ius

172 2440 325 2516 postulat
348 2436 424 2500 fiat!

783 2919 837 2983 43.

239 3037 463 3137 Responsum
491 3033 652 3114 caesaris
681 3035 726 3115 ed
755 3035 1057 3115 consultationem
1086 3033 1209 3115 Status
1237 3035 1389 3138 inperii.

619 3172 703 3244 (Atta
720 3171 856 3232 wormac.
874 3172 919 3231 tol.
936 3171 1006 3242 10⁷.)

259 3302 371 3365 Sacra
395 3300 573 3364 Caesarea
596 3301 768 3363 Maiestas
791 3309 858 3363 etc.
905 3302 1077 3364 Dominus
1108 3313 1229 3365 noster
1257 3305 1449 3369 clementis·

176 3409 277 3472 simus
301 3409 437 3472 audivit
460 3419 496 3470 et
520 3407 696 3470 intellexit
717 3407 921 3470 Electorum
942 3407 1216 3490 Principumque
1241 3422 1277 3474 et
1300 3423 1452 3476 statuum

176 3515 262 3578 sacri
286 3516 428 3597 Imperii
453 3515 728 3597 disputationem
753 3516 1023 3578 consultationis
1047 3515 1237 3580 Martinum
1260 3518 1452 3584 Lutherum

176 3625 429 3701 concernentis,
454 3631 489 3684 et
506 3643 552 3684 ex
569 3624 636 3684 hac
652 3641 723 3684 non
738 3622 834 3684 aliud
851 3631 971 3702 potest
987 3622 1183 3704 percipere,
1201 3644 1305 3704 quam
1323 3629 1452 3690 bonam

175 3748 319 3810 aequam
338 3730 558 3792 voluntatem
580 3739 617 3791 et
632 3728 864 3812 diligentiam,
882 3749 969 3809 quas
986 3728 1055 3810 ipsi
1071 3739 1239 3810 tanquam
1253 3730 1453 3796 Christiana

176 3836 291 3918 capita
318 3857 390 3900 non
421 3838 534 3900 solum
565 3837 610 3898 ad
643 3838 814 3899 honorem
844 3844 880 3898 et
903 3833 1115 3898 beneficium
1140 3837 1230 3898 sacri
1253 3837 1391 3919 imperii
1417 3849 1452 3902 et

175 3944 372 4007 teutonicae
405 3943 559 4006 nationis
592 3943 655 4005 sed
681 3943 787 4006 etiam
811 3952 969 4005 sanctam
994 3940 1230 4005 Christianam
1256 3944 1450 4008 Ecclesiam

177 4061 209 4110 et
230 4047 334 4113 fidem
358 4052 503 4129 habent,
528 4048 662 4112 confisa
686 4051 781 4130 quod
805 4048 875 4130 ipsi
898 4057 1092 4130 propterea
1111 4051 1205 4130 apud
1222 4049 1451 4132 Omnipoten-

176 4167 243 4220 tem
273 4158 387 4222 Deum
419 4166 681 4238 consequantur
713 4155 886 4239 premium
920 4165 956 4218 et
987 4156 1082 4237 apud
1114 4158 1279 4219 mundum
1312 4160 1451 4222 laudem

177 4272 210 4324 et
238 4263 591 4346 congratulationem.
639 4265 722 4346 Ipsa
752 4283 893 4345 quoque
918 4261 1094 4326 Caesarea
1119 4263 1288 4326 Maiestas
1313 4265 1357 4328 de
1381 4276 1452 4329 tam

176 4369 371 4434 Christiana
388 4380 424 4434 et
439 4371 609 4434 benivola
623 4371 803 4434 oblatione
821 4372 931 4432 habet
948 4371 999 4431 eis
1015 4371 1191 4452 benignas
1209 4381 1243 4433 et
1260 4371 1452 4434 clementes

177 4477 318 4554 gratias.

261 4583 453 4666 Postquam
484 4595 600 4648 autem
632 4605 753 4649 eorum
784 4583 997 4646 consultatio
1028 4583 1142 4646 tendit
1174 4605 1216 4646 eo
1248 4585 1293 4646 ad
1326 4606 1451 4649 vocan-

179 4688 255 4752 dum
274 4690 475 4772 Lutherum,
499 4703 536 4755 et
556 4712 635 4756 eum
652 4693 873 4755 solummodo
890 4691 935 4753 ad
952 4691 1244 4772 interrogandum
1260 4701 1296 4753 et
1310 4693 1451 4755 audien-

179 4797 267 4876 dum,
284 4799 366 4878 quid
384 4810 508 4862 contra
523 4811 679 4863 nostram
696 4809 855 4862 sanctam
871 4797 987 4879 fidem,
1002 4798 1254 4880 praedicatum,
1272 4799 1452 4882 scriptum,

180 4913 212 4964 et
240 4903 446 4986 impressum
478 4906 647 4987 fateatur,
681 4908 748 4969 boc
773 4907 887 4987 ipsum
913 4914 1119 4981 revocetur;
1157 4905 1187 4969 si
1209 4927 1297 4969 vero
1321 4907 1356 4968 id
1382 4928 1452 4970 non
