3425 5700
618 590 865 645 eolla&

190 732 383 815 Comparse
407 735 429 796 l'
444 735 674 798 heresiarcha
698 736 744 797 ad
760 756 932 798 concorso
957 737 1001 799 de
1025 746 1117 799 tutto
1144 737 1164 798 'l
1189 740 1318 799 mundo
1344 746 1380 799 et

112 862 219 903 coram
247 841 379 904 Cesare
411 841 638 923 Principibus
671 851 707 905 et
741 844 876 905 cunctis
908 844 1059 906 statibus
1089 844 1124 906 fu
1157 844 1379 927 interrogato

114 948 240 1010 nomine
253 948 419 1012 Caesaris
443 957 479 1010 et
494 950 638 1031 Imperii
662 970 764 1012 come
779 950 839 1031 qui
854 952 1007 1030 desott0,
1033 958 1068 1012 et
1092 952 1126 1011 la
1143 953 1262 1013 buona
1285 962 1381 1014 sorte

113 1056 200 1117 volse
225 1056 290 1117 che
314 1055 353 1116 fu
370 1075 565 1118 commessa
585 1056 642 1118 far
657 1057 940 1138 interrogatione
958 1059 990 1118 al
1007 1055 1139 1119 official
1163 1057 1197 1118 di
1214 1058 1381 1137 Trevere,

114 1164 206 1223 homo
236 1161 495 1241 literatissimo‚
538 1164 739 1226 orthodoxo
776 1175 811 1225 et
840 1164 906 1225 che
939 1162 1018 1225 fece
1049 1165 1169 1226 buono
1203 1163 1315 1225 offitio
1347 1164 1382 1226 in

115 1268 272 1349 esequire
295 1269 321 1331 li
345 1269 503 1331 mandati
527 1270 715 1351 apostolici
740 1281 776 1331 et
800 1270 936 1333 cesarei
962 1280 997 1332 et
1021 1269 1227 1333 abbrusciar
1252 1272 1276 1332 li
1301 1271 1381 1332 libri

115 1374 142 1437 in
163 1376 308 1438 Treveri
333 1376 399 1438 che
423 1396 494 1438 non
518 1376 550 1438 ci
573 1378 668 1439 lasso
692 1397 856 1459 puruuo.
904 1376 944 1439 El
968 1379 1050 1458 qual
1067 1377 1228 1459 alloggia
1251 1378 1286 1439 in
1312 1398 1381 1439 uno

115 1482 294 1545 nedesimo
328 1482 610 1565 alloggiamento
639 1504 741 1547 meco
772 1483 807 1546 in
837 1504 909 1547 una
940 1504 1081 1546 camera
1113 1484 1281 1565 contigua
1312 1486 1382 1546 alla

115 1589 181 1668 mia,
204 1600 239 1651 et
262 1589 388 1652 invero
413 1591 431 1653 ὲ
456 1590 639 1671 singulare
662 1592 804 1654 huomo.
852 1592 981 1654 Donde
1007 1591 1076 1653 Dio
1101 1590 1143 1652 sii
1167 1592 1322 1655 laudato

190 1697 254 1758 Lui
285 1697 310 1758 li
342 1696 436 1759 disse
467 1697 500 1759 in
527 1705 653 1778 questo
678 1719 801 1761 senso:
839 1698 992 1761 Martine
1025 1698 1173 1779 Luther‚
1208 1698 1317 1761 Cesar
1348 1706 1384 1761 et

116 1803 133 1863 l'
148 1803 296 1885 Imperio
322 1812 356 1866 te
380 1804 499 1866 hanno
524 1803 585 1885 qui
608 1804 783 1867 chiamato
818 1806 915 1867 accio
941 1806 1006 1868 che
1031 1805 1127 1867 dichi
1158 1814 1193 1867 et
1225 1805 1383 1867 dechiari

115 1909 213 1988 primo
238 1931 277 1972 se
301 1920 339 1971 tu
363 1909 422 1973 hai
449 1921 633 1992 composto
664 1912 780 1992 questi
806 1911 887 1973 libri
912 1911 972 1993 qui
997 1912 1171 1994 (miseram
1196 1912 1287 1974 enim
1314 1932 1383 1994 ego

116 2014 186 2075 illuc
205 2016 304 2095 jussu
329 2016 493 2079 Caesaris
519 2016 633 2078 XXV
659 2034 694 2079 et
725 2019 877 2100 amplius
908 2018 1054 2081 Lutheri
1084 2019 1207 2099 libros)
1239 2029 1274 2081 et
1302 2020 1383 2082 altri

116 2120 136 2181 li
156 2121 245 2201 quali
268 2143 359 2185 sono
383 2122 544 2206 inscripti
575 2126 633 2187 del
667 2135 728 2188 tuo
760 2146 880 2199 nome;
915 2126 1046 2188 deinde
1074 2127 1140 2188 che
1165 2136 1201 2188 tu
1226 2125 1320 2188 dichi
1345 2146 1383 2188 se

115 2239 147 2289 tu
167 2228 190 2291 li
207 2228 266 2292 voi
289 2230 463 2292 defendar
488 2240 525 2293 et
539 2241 732 2305 sustentar;
759 2241 794 2295 et
817 2232 921 2295 furno
946 2232 1021 2295 letti
1047 2234 1070 2295 li
1088 2232 1179 2295 tituli
1195 2232 1279 2296 delli
1303 2232 1383 2295 libri

116 2335 241 2399 aduno
264 2336 311 2399 ad
335 2356 417 2399 unu.
762 2408 768 2423 ⁸

193 2442 226 2504 A
255 2452 382 2523 questo
415 2464 562 2527 respose
587 2446 720 2508 Luther
748 2446 862 2528 primo
897 2448 962 2509 che
988 2446 1035 2507 lui
1068 2445 1279 2509 confessava
1301 2444 1381 2508 tutti

116 2549 214 2627 quelli
245 2548 326 2611 libri
351 2570 449 2613 esser
472 2550 550 2613 suoi
580 2554 631 2637 (et
659 2554 843 2631 mentitur,
875 2554 1007 2634 perche
1039 2553 1067 2615 si
1102 2574 1142 2615 sa
1165 2555 1235 2615 ben
1267 2553 1382 2615 alcuni

115 2674 202 2716 esser
224 2655 256 2717 d'
274 2656 366 2735 altri,
383 2658 546 2737 quamvis
562 2659 703 2721 nomine
720 2659 866 2722 Martini
891 2659 1021 2722 circum
1046 2657 1219 2743 ferantur)
1245 2668 1279 2721 et
1303 2659 1382 2721 dice

114 2780 242 2841 sempre
265 2762 290 2824 li
313 2763 511 2827 manteniri
535 2786 600 2847 per
624 2767 711 2831 suoi.
753 2768 799 2829 Al
823 2768 980 2829 secundo
1005 2768 1100 2829 disse
1116 2768 1181 2829 che
1197 2785 1262 2847 per
1286 2786 1384 2828 esser

115 2887 189 2929 cosa
212 2870 248 2932 di
270 2870 333 2952 piu
348 2872 460 2934 ardue
484 2873 543 2935 del
566 2875 697 2936 mundo
722 2894 822 2937 come
847 2885 1083 2937 concernente
1108 2876 1178 2936 alla
1201 2874 1302 2954 fede,
1334 2874 1382 2935 lui

115 2975 325 3039 demandava
350 2979 521 3042 dilatione
545 3002 566 3042 a
590 2981 778 3043 deliberar.
829 2981 861 3042 A
885 2991 1010 3062 questo
1028 3003 1066 3044 se
1090 2980 1199 3044 retiro
1218 2980 1325 3043 Cesar
1350 2983 1381 3042 el

114 3101 170 3142 suo
193 3085 364 3166 consiglio
389 3095 528 3149 secreto
554 3088 599 3148 ad
622 3097 725 3168 parte
758 3098 792 3150 et
816 3088 840 3148 li
866 3087 1005 3150 elettori
1030 3109 1051 3150 a
1075 3099 1187 3168 parte.
1236 3086 1277 3148 Li
1301 3086 1381 3148 altri

113 3186 261 3271 Principi
285 3190 447 3256 similiter
472 3201 508 3256 et
532 3197 604 3256 cosl
629 3194 653 3255 li
678 3195 912 3257 ambassatori
938 3196 1030 3256 delle
1056 3193 1319 3277 Repubbliche.

193 3295 273 3377 Pei,
303 3301 549 3380 consultando,
580 3302 699 3380 quello
722 3300 915 3363 medesimo
939 3300 1071 3363 uflicial
1095 3301 1302 3381 sopradetto
1324 3320 1382 3362 no·

112 3400 198 3464 mine
212 3402 375 3467 Caesaris
391 3415 427 3467 et
443 3406 585 3488 Imperii
604 3406 699 3469 disse
717 3408 782 3469 che
798 3429 836 3469 se
853 3406 1131 3470 meraviliavano
1147 3408 1213 3469 che
1230 3407 1381 3469 essendo

111 3517 197 3570 stato
221 3509 328 3573 citato
353 3512 413 3574 dal
437 3512 590 3595 Imperio
616 3523 650 3575 et
675 3513 799 3576 dettoli
824 3514 860 3575 la
877 3533 983 3575 causa
999 3513 1129 3595 perche
1147 3513 1195 3574 lui
1213 3512 1380 3574 citaretur

112 3633 173 3675 non
197 3615 293 3680 fusse
317 3628 449 3681 venuto
473 3641 540 3681 con
565 3621 599 3682 la
623 3619 777 3703 risposta
800 3631 936 3701 parata,
962 3630 997 3681 et
1021 3622 1087 3682 che
1111 3619 1145 3681 in
1167 3639 1275 3681 causa
1297 3615 1380 3680 fidei

111 3738 172 3782 non
197 3723 228 3784 si
244 3727 325 3787 vuol
351 3726 415 3788 dar
439 3727 610 3789 dilatione
627 3727 759 3808 perche
784 3727 814 3788 si
838 3726 876 3788 fa
900 3746 966 3788 con
982 3725 1142 3807 pericolo
1159 3733 1195 3788 et
1211 3725 1380 3788 scandalo

110 3826 187 3889 delli
211 3829 307 3893 fideli
340 3833 419 3914 (che
444 3833 513 3895 Dio
538 3834 679 3896 volesse
709 3836 902 3896 havessero
935 3834 1008 3894 cosi
1033 3833 1124 3895 fatto
1149 3853 1247 3895 come
1272 3853 1333 3895 era
1357 3832 1381 3894 il

110 3934 213 3998 dever
236 3938 296 4019 gia
320 3938 448 4020 cinque
472 3939 583 4021 rresi).
630 3941 837 4004 Tuttavolta
862 3960 927 4020 per
943 3939 1131 4002 clementia
1155 3938 1190 4001 di
1214 3939 1322 4002 Cesar
1347 3950 1381 4001 et

110 4043 150 4101 de
172 4045 289 4124 gratia
313 4049 477 4110 absoluta
501 4067 539 4110 se
563 4048 587 4109 li
613 4049 705 4110 dava
729 4048 878 4110 termine
902 4047 981 4110 sino
1005 4069 1026 4109 a
1043 4047 1171 4109 doman
1196 4068 1217 4108 a
1241 4056 1381 4127 quattro

109 4147 189 4212 hore
218 4153 279 4232 poi
307 4154 453 4236 meggio
478 4152 523 4218 di.
576 4155 621 4217 Et
645 4156 769 4217 alhora
792 4154 815 4217 li
840 4154 936 4216 disse
962 4154 1059 4216 detto
1085 4151 1216 4215 ufficial
1240 4153 1382 4215 nomine

110 4253 267 4320 Caesaris
294 4261 361 4322 che
395 4261 545 4323 devesse
577 4264 648 4324 ben
680 4261 900 4342 reguardare
933 4262 999 4322 che
1032 4260 1079 4322 lui
1113 4261 1204 4322 have
1259 4259 1382 4322 scritto

110 4371 227 4427 contra
252 4368 283 4428 el
307 4365 520 4429 Santissimo
545 4377 580 4430 et
604 4371 638 4430 la
662 4369 757 4430 Sede
782 4366 1012 4450 Apostolica,
1046 4369 1111 4429 che
1137 4366 1157 4428 l'
1229 4387 1291 4429 ver
1316 4367 1381 4429 dis-

109 4469 277 4534 seminato
301 4476 410 4536 molte
446 4473 627 4537 heretiche
660 4474 879 4537 conclusioni
913 4471 977 4560 (ita
1007 4483 1131 4555 aperte
1163 4472 1384 4553 specificavit

108 4577 197 4652 quod
219 4577 288 4641 fuit
311 4583 455 4661 bonum)
480 4602 545 4662 per
568 4583 602 4644 le
626 4581 721 4663 quali
745 4591 845 4643 tanto
871 4581 1039 4644 scandalo
1062 4601 1123 4643 era
1147 4589 1230 4642 nato
1255 4582 1320 4642 che
1345 4602 1383 4642 se

111 4701 173 4745 non
197 4706 237 4748 se
262 4689 447 4767 provedea
471 4687 588 4751 statim
613 4709 657 4750 ne
682 4688 897 4770 seguirebbe
922 4696 1021 4750 tanto
1046 4686 1210 4750 incendio
1234 4689 1299 4750 che
1324 4687 1385 4770 poi

109 4789 148 4850 nb
163 4789 185 4852 'l
208 4813 360 4857 revocar
374 4795 411 4857 di
434 4816 515 4859 esso
539 4795 673 4858 Luther
697 4796 741 4858 ne
765 4797 798 4858 le
823 4795 919 4858 forze
944 4794 979 4857 di
1004 4794 1136 4858 Caesar
1159 4795 1179 4857 l’
1199 4793 1382 4875 extingue-

109 4901 287 4970 rebbeno:
311 4903 427 4966 sicche
442 4905 477 4967 lo
495 4905 694 4966 exhortava
710 4903 756 4965 ad
773 4902 1068 4985 resipiscendum;
1094 4901 1154 4984 poi
1170 4901 1209 4963 fu
1226 4922 1383 4964 remesso
