3425 5700
625 542 873 631 mnas

123 724 262 809 demptis
296 723 455 798 arbitris;
492 723 551 806 pid
592 724 683 785 oltra
713 723 808 784 disse
839 724 872 783 al
910 722 1046 783 decano
1081 720 1288 802 sopradetto
1325 723 1390 783 che

123 834 162 895 lui
191 854 250 896 era
281 834 386 895 solito
417 830 599 912 predicar,
635 830 763 911 legger
794 829 818 890 il
842 828 1012 911 psalterio
1022 876 1030 907 ,
1067 838 1102 891 et
1134 828 1267 891 scriver
1292 838 1390 891 certo

123 949 308 1003 commento
332 941 366 1002 in
393 939 473 1018 ello,
498 946 534 1000 et
558 939 624 1000 che
649 937 673 999 li
697 936 788 1017 libri,
814 936 868 997 de'
894 936 989 1017 quali
1014 936 1043 998 si
1067 935 1169 1000 facea
1193 936 1218 998 il
1242 938 1391 999 tumulto

123 1068 220 1111 erano
252 1048 287 1109 di
318 1045 395 1108 suoi
420 1044 659 1107 confederati:
692 1054 728 1105 et
752 1044 817 1106 che
842 1044 985 1124 quando
1017 1046 1087 1105 ben
1118 1043 1167 1105 lui
1191 1064 1391 1124 revocasse,

124 1176 219 1218 erano
243 1153 323 1216 altri
347 1153 407 1234 pid
433 1152 468 1213 di
493 1151 583 1214 XX.
613 1151 639 1213 li
662 1151 758 1231 quali
782 1150 975 1213 farebbero
1000 1150 1085 1232 ogni
1110 1151 1144 1211 dl
1169 1150 1319 1232 peggio;
1358 1161 1392 1211 et

124 1262 218 1324 infine
244 1262 340 1323 nulla
363 1261 474 1339 valse,
499 1259 544 1321 ne
568 1256 856 1338 demostratione,
881 1258 924 1320 nd
950 1257 1210 1337 exhortatione,
1235 1259 1277 1319 nd
1303 1268 1391 1320 astu·

125 1369 181 1441 tia;
204 1367 336 1449 perche
360 1386 501 1447 sempre
526 1366 546 1427 e
569 1376 662 1427 stato
687 1365 877 1446 obstinatO,
904 1376 939 1427 et
962 1367 1073 1427 solum
1091 1364 1193 1427 dicea
1208 1386 1277 1427 non
1293 1366 1394 1427 voler

124 1476 172 1537 sar
193 1485 316 1537 contra
340 1472 577 1553 conscientia,
603 1481 638 1533 et
662 1474 789 1535 alcuna
814 1475 912 1535 volta
936 1472 1038 1534 dicea
1062 1472 1184 1534 esserli
1208 1473 1391 1552 revellam,

125 1593 154 1644 et
180 1584 236 1663 poi
260 1585 296 1644 lo
327 1602 468 1662 negava
499 1581 625 1643 eodem
649 1588 829 1660 tempore,
865 1579 984 1661 itaque
1017 1578 1122 1642 etiam
1154 1588 1237 1642 tunc
1262 1579 1393 1642 frustra

125 1692 309 1752 laboratum
332 1688 410 1751 fuit.

202 1796 247 1859 Di
276 1804 403 1877 questo
434 1795 500 1857 che
524 1794 572 1856 lui
597 1814 667 1857 non
692 1794 813 1856 habbii
846 1807 1030 1875 composto
1063 1793 1177 1874 questi
1201 1794 1283 1856 libri
1307 1814 1393 1881 pare

126 1902 231 1964 chesi
256 1902 428 1965 confermi
453 1921 585 1963 ancora
609 1921 675 1982 per
698 1903 732 1963 le
755 1903 879 1983 parole
905 1903 970 1963 che
994 1901 1026 1962 ci
1048 1903 1096 1963 ha
1112 1902 1210 1963 detto
1227 1900 1248 1962 l'
1262 1901 1393 1963 official

126 2008 156 2068 di
177 2009 338 2089 Treveri,
364 2012 397 2070 el
422 2010 504 2090 qual
529 2008 623 2087 dice,
649 2008 714 2070 che
738 2008 773 2069 in
799 2010 917 2089 quella
941 2018 1079 2071 secreta
1102 2007 1393 2089 interrogatione,

126 2136 144 2175 o
169 2136 247 2178 vero
281 2115 508 2177 exhortation
533 2115 688 2177 Martino
720 2114 805 2177 viva
827 2135 917 2177 voce
941 2116 1151 2197 approbata
1175 2115 1290 2177 alcuni
1316 2113 1393 2175 arti-

127 2223 197 2301 coli,
222 2224 244 2285 li
270 2223 365 2304 quali
382 2223 424 2301 ⁴in
450 2223 526 2285 suoi
552 2222 631 2284 libri
657 2242 745 2283 sono
770 2222 828 2284 del
852 2231 943 2285 tutto
969 2222 1145 2284 contrarii.

203 2330 319 2411 Dopoi
354 2340 479 2412 questo
513 2340 610 2392 terzo
645 2350 770 2391 exame
804 2332 835 2392 el
861 2330 1084 2393 Treverense
1108 2329 1267 2392 Elettore
1301 2329 1394 2391 andd

125 2437 188 2498 alla
209 2438 489 2518 congregatione
514 2438 550 2499 di
566 2437 723 2518 Principi
748 2459 769 2499 a
792 2437 919 2500 referir
942 2438 967 2499 il
990 2458 1159 2519 processo
1185 2438 1279 2499 della
1300 2456 1393 2516 cosa,

125 2553 156 2604 et
177 2543 382 2607 similmente
406 2547 500 2607 ando
525 2545 713 2625 ChievreS,
738 2544 867 2627 Liege,
901 2554 935 2607 et
959 2545 1158 2607 Cancellier
1183 2552 1218 2605 et
1241 2544 1395 2617 Palenza

125 2650 341 2730 asignificar
366 2652 426 2713 alli
451 2650 624 2732 Principi,
656 2654 722 2713 che
746 2671 856 2731 parea
881 2672 902 2712 a
927 2650 1036 2714 Cesar
1063 2652 1128 2713 che
1153 2650 1310 2713 horamai
1334 2650 1394 2732 poi

125 2766 218 2819 tanta
240 2758 496 2837 obstinatione,
533 2759 685 2819 sarebbe
709 2767 829 2838 tempo
854 2759 1043 2820 remandar
1066 2769 1191 2837 questo
1217 2756 1331 2836 Cane,
1361 2766 1395 2818 et

122 2864 174 2925 lar
197 2867 229 2928 la
252 2866 464 2929 executione
490 2867 647 2928 secundo
681 2867 714 2927 el
738 2866 880 2928 devere.
928 2866 973 2928 Et
997 2866 1111 2946 quivi,
1142 2865 1202 2946 poi
1227 2867 1395 2946 alquanta

120 2972 373 3036 deliberatione
405 2975 450 3035 de
475 2971 634 3054 Principi
665 2973 754 3034 satta
778 2973 871 3036 intra
895 2976 988 3050 lor0‚
1027 2992 1230 3055 pregorono
1264 2973 1287 3034 li
1314 2973 1394 3034 Am·

120 3081 287 3142 bassatori
312 3079 458 3142 Cesarei
490 3100 597 3162 sopra
629 3081 718 3141 detti
742 3081 924 3142 volessero
949 3081 1074 3142 relerir
1108 3090 1143 3142 et
1166 3099 1298 3162 pregar
1323 3077 1395 3142 Sua

119 3185 253 3248 Maesta
282 3187 379 3250 fusse
411 3197 579 3249 contenta
605 3189 683 3249 chel
708 3187 930 3250 Treverense
962 3191 1038 3250 solo
1071 3191 1280 3251 exhortasse
1305 3187 1394 3250 Mar-

118 3291 189 3354 tino
214 3314 235 3355 a
256 3303 377 3376 parte,
413 3293 545 3375 perche
569 3295 618 3355 lui
642 3294 744 3356 dicea
767 3296 879 3357 haver
903 3298 1022 3357 buona
1045 3316 1217 3376 speranza
1245 3296 1280 3357 di
1304 3295 1395 3357 farlo

117 3402 312 3479 convertir,
346 3401 371 3462 il
403 3402 469 3463 che
494 3401 604 3463 Cesar
634 3402 657 3462 li
682 3421 870 3465 concesse:
908 3402 1050 3464 Interim
1082 3403 1187 3464 furno
1218 3402 1307 3464 fatte
1331 3423 1396 3486 per

117 3506 171 3568 noi
197 3510 290 3570 bone
316 3507 502 3588 diligentie
527 3529 605 3570 cum
631 3510 664 3570 el
680 3509 902 3571 Treverense
927 3511 992 3571 che
1017 3521 1143 3590 questa
1167 3531 1250 3571 cosa
1275 3531 1312 3573 se
1337 3531 1394 3572 ex·

115 3614 257 3692 pedisse
280 3625 404 3696 presto
428 3635 494 3696 per
518 3635 616 3677 esser
639 3615 798 3696 pericolo
823 3617 917 3678 nella
933 3616 1062 3679 tardita
1088 3619 1153 3678 che
1170 3617 1309 3698 questui
1324 3639 1394 3680 non

114 3719 208 3783 fusse
234 3722 401 3784 instrutto
426 3743 447 3783 a
471 3721 527 3783 far
550 3724 701 3803 qualche
726 3722 898 3804 bipartita
919 3723 1137 3802 revocation,
1163 3724 1227 3784 che
1243 3726 1395 3786 sarebbe

113 3839 202 3891 stata
238 3831 332 3892 mala
365 3849 460 3892 cosa.
507 3829 652 3891 Ancora
685 3829 895 3892 instassemo
929 3831 994 3892 che
1027 3829 1100 3892 Sua
1125 3827 1293 3911 Signoria
1325 3851 1395 3893 non

111 3937 266 4014 partisse
289 3937 385 3998 dalla
410 3936 613 3999 instruttion
640 3938 725 3998 data
747 3937 807 4018 pid
832 3940 929 3998 volte
954 3957 1019 4018 per
1039 3937 1107 4016 noi,
1134 3939 1177 3998 de
1200 3938 1266 3999 che
1282 3938 1396 4000 forma

111 4041 269 4105 llartino
291 4044 446 4105 havesse
470 4064 491 4104 a
515 4063 673 4109 revocer.

195 4151 280 4213 Hor
303 4151 334 4212 a'
360 4152 393 4212 di
420 4171 458 4228 25
485 4151 519 4213 di
544 4161 673 4232 questo
697 4151 756 4232 poi
781 4171 914 4232 pranzo
932 4152 1066 4215 Luther
1090 4154 1183 4216 andb
1201 4175 1221 4216 a
1238 4175 1321 4216 casa
1338 4154 1396 4216 del

110 4258 205 4321 detto
232 4258 461 4321 Treverense
487 4267 522 4319 et
546 4258 642 4339 quivi
676 4261 752 4320 solo
777 4259 810 4320 lo
836 4261 986 4321 exhortd
1011 4281 1032 4321 a
1056 4280 1221 4340 revocat,
1259 4271 1293 4322 et
1317 4282 1395 4342 pro-

109 4365 249 4428 messeli
277 4386 316 4427 se
341 4384 407 4446 per
430 4384 543 4445 paura
566 4365 602 4425 di
627 4365 714 4444 suoi,
739 4365 762 4425 li
780 4365 874 4446 quali
900 4365 928 4427 si
951 4367 1029 4429 dice
1054 4368 1119 4428 che
1137 4367 1160 4429 li
1177 4368 1395 4431 minaeciano

109 4472 139 4533 la
163 4484 296 4550 morte,
319 4492 390 4534 non
415 4474 555 4534 volesse
579 4492 738 4550 revocar,
763 4474 829 4534 che
853 4473 901 4534 lui
926 4473 950 4535 li
974 4474 1133 4536 darebbe
1158 4495 1204 4537 un
1229 4478 1287 4537 bel
1303 4476 1396 4556 prio·

107 4590 181 4644 rato
214 4599 397 4663 appresso
428 4600 475 4641 un
499 4599 563 4642 suo
589 4577 744 4641 Castello
776 4588 812 4641 et
842 4580 1039 4642 harebbelo
1071 4581 1185 4662 primo
1210 4603 1287 4644 cum
1313 4603 1395 4643 seco

107 4684 139 4749 in
162 4710 227 4752 sua
254 4707 383 4750 mensa
407 4696 443 4748 et
467 4685 624 4765 consili0,
651 4685 685 4747 in
711 4686 963 4766 salvaguardia
987 4687 1021 4748 di
1047 4686 1169 4768 Cesar,
1196 4699 1230 4751 et
1254 4710 1336 4770 sua,
1361 4699 1396 4751 et

108 4793 139 4854 in
161 4798 261 4859 bona
289 4793 410 4874 gratia
434 4793 493 4854 del
518 4789 764 4871 Sanctissimo,
789 4812 810 4854 a
833 4802 925 4855 tutto
951 4798 1054 4876 negd.
1103 4795 1167 4857 Poi
1192 4797 1216 4857 li
1241 4816 1396 4878 propose

109 4915 247 4982 quattro
293 4899 459 4982 sequenti
495 4899 704 4961 conditioni:
740 4900 855 4980 prima
888 4903 965 4962 chel
1002 4923 1040 4963 se
1065 4912 1327 4965 sottomettesse
1362 4905 1396 4966 al
