3425 5700
653 561 900 622 ΗΒ267Ε1Η>

143 722 230 790 ratu,
264 711 357 774 etin
390 731 470 774 essa
498 731 537 773 se
562 709 686 773 satisfa
711 731 730 772 e
754 713 861 773 lauda
884 712 919 773 la
943 709 1193 773 conservation
1222 706 1280 770 del
1304 706 1418 768 honor

145 819 218 881 dela
243 816 340 881 Sede
365 817 577 898 Apostolica
607 819 825 900 reguardata
858 819 905 880 da
934 816 994 879 vui
1027 824 1063 878 et
1090 817 1124 878 la
1148 815 1324 896 prudente
1349 834 1416 875 ma-

144 924 234 988 niera
257 945 325 988 con
349 927 385 987 la
408 926 513 1006 quale
536 925 667 987 havete
691 923 842 987 intutto
867 923 1075 1007 procedut0.

225 1032 296 1094 Del
320 1041 443 1094 vostro
468 1030 603 1094 ritorno
626 1031 741 1095 farete
767 1051 867 1094 come
893 1030 979 1112 dite,
1011 1031 1178 1092 lassando
1203 1033 1293 1092 cossi
1326 1029 1418 1090 dove

145 1138 339 1221 bisognassi
372 1140 467 1202 bono
497 1140 621 1203 ordine
653 1148 688 1202 et
720 1141 886 1201 havendo
917 1137 1118 1200 avertentia
1141 1157 1242 1200 como
1266 1136 1301 1198 vi
1326 1156 1417 1198 com·

146 1246 271 1308 metteti
297 1266 319 1308 a
343 1246 480 1309 camino
504 1266 570 1328 per
594 1245 618 1308 il
643 1245 746 1309 caldo
771 1255 807 1308 et
829 1266 896 1327 per
919 1247 953 1308 le
976 1245 1049 1324 vie,
1075 1254 1110 1306 et
1134 1245 1192 1307 nel
1216 1242 1328 1325 partir
1351 1244 1418 1305 che

146 1353 250 1416 sarete
275 1355 371 1416 dalla
396 1353 551 1416 Cesarea
574 1353 713 1416 Maesta
738 1363 773 1416 et
798 1354 845 1415 da
868 1351 950 1434 quei
975 1350 1119 1433 Signori
1135 1351 1226 1430 tutti,
1251 1371 1296 1412 ve
1312 1349 1417 1412 ricor-

147 1461 259 1524 darete
284 1459 341 1522 far
364 1462 483 1541 quello
509 1459 628 1523 officio
652 1479 717 1542 per
742 1460 800 1523 noi
826 1461 892 1522 che
910 1458 1083 1522 conviene
1108 1458 1178 1520 alla
1202 1456 1335 1520 servitii
1359 1459 1417 1519 ha·

148 1587 239 1630 verno
265 1588 332 1630 con
358 1569 477 1649 quella
501 1577 536 1630 et
560 1568 618 1630 all’
643 1588 764 1630 amore
789 1567 970 1648 singulare
998 1569 1065 1629 che
1090 1575 1252 1646 portamo
1284 1584 1305 1625 a
1328 1572 1418 1625 tutte

147 1677 193 1736 lor
215 1675 242 1736 si
273 1674 384 1740 norie.

226 1695 327 1844 Bgene
352 1785 471 1846 valeat
495 1781 534 1844 P.
560 1781 604 1844 V.
651 1769 855 1845 Florentiae
879 1780 973 1844 XIV
996 1779 1079 1859 Julii
1102 1778 1285 1842 MDXXI.

744 2218 804 2282 107

464 2343 626 2445 hchiep.
656 2343 891 2447 linguntinus
917 2343 1026 2423 Leoni
1053 2342 1095 2424 X

588 2483 674 2554 (Auta
691 2481 826 2542 vomo.
845 2481 891 2541 iol
908 2483 973 2552 ist)

555 2595 643 2660 (Circa
670 2594 784 2643 medium
811 2593 879 2659 Julii
911 2589 999 2660 1521.)

230 2737 296 2798 Βπω
320 2736 439 2799 Pater.
487 2735 574 2800 Cum
607 2757 719 2818 usque
749 2737 839 2799 adeo
870 2745 1097 2819 augmentum
1131 2746 1245 2798 sumat
1274 2736 1309 2798 in
1345 2736 1421 2797 dies

150 2843 255 2925 magis
278 2856 385 2926 atque
411 2842 525 2927 magis
550 2844 749 2907 lutheriana
774 2845 882 2907 factio
907 2844 957 2907 ita
981 2854 1018 2906 ut
1042 2864 1112 2906 non
1126 2842 1290 2906 videatur
1306 2844 1420 2905 celan-

148 2950 222 3013 dum
248 2951 509 3015 Beatitudinem
534 2948 688 3015 vestram
714 2972 759 3014 ne
782 2950 868 3031 quid
883 2950 1048 3013 acerbius
1070 2949 1266 3031 contingat,
1291 2951 1422 3012 devota

150 3069 305 3121 creatura
329 3056 538 3121 Sanctitatis
573 3069 716 3121 vestrae
741 3058 913 3119 Albertus
947 3067 1013 3120 etc.
1040 3058 1237 3120 Cardinalis
1273 3058 1420 3138 Magun·

147 3162 235 3227 tinus
271 3164 329 3246 qui
362 3163 506 3246 publice
531 3163 777 3245 tranquillitati
803 3164 1045 3245 maximopere
1074 3166 1270 3226 consultum
1297 3164 1339 3226 iri
1363 3165 1420 3226 de·

148 3269 273 3335 sitierat
309 3281 393 3355 post
432 3274 596 3334 devotam
632 3272 823 3334 Beatorum
847 3272 977 3353 pedum
1016 3270 1246 3333 beatitudinis
1279 3280 1421 3333 vestrae

148 3379 444 3441 exosculationem
468 3398 511 3440 ac
535 3377 763 3440 humillimam
781 3378 892 3460 ipsius
909 3377 1215 3441 comendationem
1232 3376 1421 3440 Sanctitati

149 3494 285 3547 vestrae
308 3506 374 3567 per
398 3506 454 3548 me
472 3484 699 3548 Valentinum
721 3497 988 3567 procuratorem
1004 3505 1103 3547 suum
1121 3484 1348 3567 infrascripta
1363 3506 1421 3547 ex·

148 3594 306 3670 ponenda
329 3592 513 3657 commisit.

195 3695 202 3707 ’
230 3698 446 3763 Lutheriana
470 3699 671 3781 perniciosa
687 3699 827 3760 novitas
841 3698 1042 3803 huiusmodi
1061 3699 1287 3781 tranquillum
1303 3701 1420 3763 Eccle·

149 3804 215 3867 siae
245 3815 374 3870 statum
406 3806 574 3869 maiorem
605 3806 640 3868 in
671 3807 811 3868 modum
835 3805 992 3869 turbavit
1022 3826 1063 3868 ac
1087 3810 1207 3869 turbat
1231 3816 1302 3869 tam
1326 3809 1422 3889 apud

150 3908 305 3977 Saxones
344 3934 410 3976 ceu
449 3912 539 3976 fonti
580 3912 770 3975 viciniores
807 3933 912 3994 quam
952 3912 1037 3975 alibi
1080 3933 1146 3994 per
1181 3912 1421 3987 Germaniam;

150 4020 348 4099 nepharium
388 4020 556 4083 novitatis
592 4020 744 4082 studium
778 4020 940 4100 plerique
974 4020 1223 4101 praeseferunt
1247 4020 1422 4101 intrepide

150 4125 272 4207 ubique
295 4130 455 4190 locorum
479 4126 688 4189 seditionem
713 4135 749 4188 et
773 4125 1073 4207 conspirationem
1099 4127 1323 4208 meditantur,
1347 4148 1422 4191 ver·

150 4230 197 4293 bis
219 4232 455 4297 licentissimis
479 4232 676 4295 maledictis
700 4233 882 4295 incessunt
897 4231 1128 4296 Sanctitatem
1152 4244 1308 4297 vestram
1332 4255 1422 4297 cum-

150 4338 263 4416 primis
297 4340 414 4404 dictae
450 4350 633 4403 creaturae
664 4350 805 4402 vestrae
844 4340 880 4402 in
909 4340 1172 4421 supprimendis
1205 4341 1422 4405 novitatibus

151 4456 305 4510 conatum
345 4457 591 4525 contemnunt,
636 4447 883 4528 imprimuntur
926 4448 1099 4529 epistolae
1135 4447 1423 4531 Wittembergae

152 4564 266 4617 contra
292 4557 442 4617 eandem
465 4553 655 4633 invective,
680 4563 864 4635 totumque
889 4557 1020 4617 clerum
1045 4556 1179 4617 habent
1202 4555 1366 4619 ludibrio.

231 4660 431 4745 Principes,
457 4660 629 4741 Comites,
661 4680 829 4742 proceres
861 4671 896 4725 et
920 4662 1148 4744 magistratus
1171 4661 1311 4724 urbium
1335 4662 1422 4726 Ger·

46 4840 47 4845 ¹
153 4768 279 4831 maniae
305 4778 339 4832 et
363 4769 392 4831 si
418 4788 537 4831 coram
561 4769 776 4850 pretendant
792 4768 966 4831 catholice
990 4768 1135 4830 unitatis
1160 4789 1315 4832 amorem
1339 4770 1420 4832 emi·

46 4858 48 4879 i
153 4892 209 4936 nus
220 4885 336 4939 tamen
350 4874 497 4939 mirifice
512 4876 728 4939 novitatibus
744 4876 888 4938 student
900 4874 1141 4957 instigantque
1157 4886 1282 4958 suapte
1296 4887 1424 4957 sponte
