3425 5700
846 570 903 628 *AE
947 567 998 628 126
1036 567 1092 622 tre

326 731 393 795 per
423 711 599 778 rivederle
628 717 742 798 prima
766 729 801 781 et
826 717 849 780 il
874 719 1067 782 Bombasio
1091 739 1155 781 suo
1179 717 1372 781 secretario
1395 719 1441 779 ha
1466 718 1500 780 la
1524 737 1608 780 cura

327 820 363 882 di
393 821 667 906 ricordarglelo‚
699 833 734 887 et
757 824 786 887 si
809 825 888 888 sarit
912 846 1018 890 senza
1040 826 1137 887 fallo.
1174 823 1227 886 La
1250 843 1336 899 cosa
1367 824 1434 886 che
1457 823 1608 888 sollicita

325 926 350 990 il
375 929 511 993 Doctor
534 929 731 1013 Spianghel
763 933 781 994 ὲ
812 952 880 1014 pur
913 932 948 996 in
979 953 1084 996 mano
1115 932 1151 994 di
1175 929 1297 994 Sancti
1323 929 1493 1011 Quattro,
1524 933 1606 1014 qual

325 1035 384 1115 gii
416 1036 510 1100 seria
541 1037 709 1118 expedita
740 1059 778 1101 se
802 1059 874 1102 non
898 1041 964 1102 che
987 1039 1012 1101 li
1036 1037 1271 1121 procurator-ii
1294 1039 1389 1100 della
1413 1038 1606 1101 universiti

325 1143 444 1205 hanno
474 1155 626 1226 pregato
655 1144 684 1208 si
708 1145 888 1209 differisca
912 1147 1044 1228 perche
1068 1166 1221 1228 sperano
1246 1145 1282 1208 di
1305 1147 1438 1208 havere
1463 1146 1605 1208 omnino

325 1250 359 1311 la
383 1252 560 1313 sententia
584 1251 618 1314 in
642 1251 746 1316 favor
769 1255 865 1332 loro,
898 1263 934 1317 et
957 1253 1016 1334 git
1038 1256 1074 1316 la
1098 1273 1206 1316 causa
1230 1253 1259 1314 si
1284 1253 1302 1316 ἐ
1327 1253 1606 1320 rachomandata

324 1356 384 1437 qui
409 1359 442 1420 al
466 1359 641 1422 Auditore
664 1359 700 1422 in
725 1360 899 1424 beneficio
924 1361 961 1423 di
984 1359 1081 1424 dicta
1105 1358 1307 1439 universitir,
1335 1360 1441 1422 etad
1465 1361 1606 1422 cautela

324 1461 353 1524 si
379 1465 535 1528 scrivere
560 1467 672 1529 anche
697 1486 743 1530 un
766 1468 885 1530 Breve
910 1469 955 1530 ad
979 1465 1293 1531 essaComrnunitir
1316 1486 1382 1548 per
1405 1468 1482 1529 loro
1506 1467 1605 1529 satis·

323 1569 495 1654 factione,
530 1583 564 1636 et
595 1593 633 1636 se
658 1594 810 1638 saranno
830 1573 1005 1639 Catholici
1028 1577 1233 1637 haverenno
1258 1575 1372 1637 anche
1395 1574 1492 1637 dalla
1508 1571 1605 1637 Sede

325 1677 534 1758 Apostolica
557 1681 721 1761 maggior
744 1683 876 1762 gratia;
902 1703 941 1744 se
965 1701 1047 1762 non,
1071 1682 1297 1763 perderanno
1321 1680 1346 1742 il
1366 1690 1475 1744 tuoto.
1514 1679 1604 1743 Con·

321 1781 452 1848 sortate
475 1785 500 1847 il
524 1786 738 1851 Confessore
762 1790 806 1851 ad
831 1809 1064 1871 perseverare
1088 1790 1123 1852 in
1149 1791 1244 1852 bono
1268 1787 1407 1868 officio,
1441 1789 1509 1850 che
1532 1788 1604 1850 Dio

321 1897 357 1951 et
390 1889 424 1951 la
457 1888 553 1955 Sede
581 1894 791 1976 Apostolica
823 1897 858 1958 lo
892 1916 1193 1960 remunereranno
1221 1896 1316 1959 delle
1346 1898 1442 1959 bone
1475 1915 1604 1977 opere:

321 1996 508 2060 exhor-tate
537 2001 651 2063 anche
676 2021 755 2064 esso
781 1999 981 2085 Spianghel
1006 2013 1041 2066 et
1065 2002 1240 2084 Capitone
1263 2004 1309 2065 ad
1334 2001 1542 2065 rimuoversi
1568 2001 1603 2064 in

320 2110 411 2168 tutto
448 2105 543 2168 dalla
578 2108 850 2172 conversatione
892 2110 977 2173 delli
1006 2110 1154 2174 heretici
1186 2119 1222 2175 et
1252 2111 1297 2173 ad
1330 2119 1536 2173 mantenere
1569 2111 1605 2172 la

319 2210 414 2272 bona
437 2209 533 2274 fama
556 2214 602 2275 de
626 2213 719 2276 virtu
744 2225 779 2278 et
802 2216 932 2297 bonti,
968 2218 1062 2280 nella
1091 2218 1196 2299 quale
1220 2237 1309 2279 sono
1332 2215 1416 2278 stati
1439 2215 1516 2278 sino
1539 2216 1604 2297 qui

319 2335 419 2380 come
443 2320 608 2384 catholici
633 2331 668 2384 et
692 2323 777 2386 boni
802 2323 1001 2387 Christiani.

407 2424 570 2489 Mandasi
595 2428 703 2492 Brevi
729 2439 763 2492 et
787 2432 821 2492 la
845 2431 949 2513 copia
973 2434 1018 2495 ad
1043 2431 1272 2513 Maguntino,
1300 2430 1602 2511 Brandemburgh

319 2539 355 2593 et
378 2533 480 2595 Duca
505 2531 654 2617 Giorgio
678 2537 714 2598 di
739 2535 908 2618 Somnia,
933 2539 1019 2601 tucti
1043 2539 1077 2602 in
1103 2538 1287 2602 credentia
1310 2547 1451 2609 vostra;
1480 2535 1603 2598 videte

319 2635 353 2698 di
379 2648 584 2704 mantenere
609 2652 734 2722 questo
759 2644 882 2708 ultimo
905 2645 941 2707 in
966 2644 1045 2709 fide.

407 2743 570 2810 Mandaei
604 2749 650 2812 ad
679 2751 737 2812 voi
765 2752 800 2814 la
833 2752 937 2834 copia
970 2754 1028 2816 del
1052 2754 1171 2816 Breve
1195 2752 1329 2833 scripto
1352 2751 1400 2813 ad
1423 2749 1540 2833 questi
1566 2752 1600 2812 di

316 2850 362 2912 ed
388 2849 534 2918 Erasmo
566 2875 631 2937 per
666 2868 834 2923 contento
859 2871 998 2936 vostro;
1031 2882 1096 2944 per
1120 2871 1241 2923 vostra
1265 2860 1301 2923 se
1325 2869 1417 2922 state
1441 2858 1477 2921 di
1501 2861 1600 2921 bono

319 2956 438 3020 animo
465 2960 530 3022 che
554 2982 574 3024 a
599 2963 658 3027 voi
683 2984 752 3028 non
778 2969 854 3030 solo
879 2986 950 3031 non
974 2965 1004 3030 si
1028 2967 1048 3030 ὲ
1071 2988 1137 3050 per
1159 2966 1384 3050 preiudicare
1408 2968 1442 3029 al
1462 2967 1602 3028 honore

315 3086 337 3125 a
367 3074 472 3145 posta
504 3068 549 3129 de
582 3067 679 3133 altri:
719 3092 776 3135 ma
806 3092 872 3154 per
906 3075 1126 3137 accrescerio
1151 3086 1187 3138 et
1209 3073 1366 3137 favorire
1391 3072 1549 3136 secondo
1575 3072 1598 3133 li

316 3170 429 3233 meriti
460 3181 496 3235 et
519 3174 553 3235 le
576 3173 709 3240 fatiche
733 3188 871 3251 vostre;
905 3182 1087 3245 attendete
1111 3201 1200 3263 pure
1224 3202 1292 3244 con
1316 3190 1415 3243 tuoto
1438 3180 1460 3243 l'
1478 3178 1599 3242 animo

315 3278 386 3339 alla
409 3298 517 3341 causa
542 3299 708 3363 comune,
744 3292 778 3346 et
802 3285 992 3350 sforzatevi
1016 3289 1082 3351 che
1106 3309 1151 3351 ne
1175 3307 1289 3368 segue
1312 3287 1334 3349 il
1359 3287 1454 3350 iusto
1478 3296 1514 3349 et
1536 3288 1598 3349 de-

315 3384 470 3471 siderato
494 3385 582 3457 fine;
608 3397 643 3451 et
667 3390 766 3454 Bene
790 3394 919 3457 valete.

404 3490 607 3556 Florentiae
633 3495 738 3560 XIX.
763 3498 882 3561 Martii
906 3500 1088 3564 MDXXI.

1207 3616 1309 3680 terior
1326 3616 1434 3685 mitt.

1188 3708 1254 3758 Vice
1273 3707 1463 3757 Cancellarius.

919 4068 964 4132 50

576 4187 661 4267 Leo
697 4190 739 4270 X.
776 4190 940 4272 Nobili
976 4196 1054 4275 vel
1090 4198 1320 4297 praelato.

787 4328 886 4399 (Nori.
908 4330 997 4390 Germ.
1015 4332 1046 4392 Ῑι.
1065 4333 1117 4398 36.)

725 4436 801 4502 (Cum
814 4439 908 4488 litteris
926 4454 964 4505 14.
979 4445 1067 4494 Martii
1084 4444 1170 4514 1521.)

401 4555 469 4616 Dil.
494 4555 540 4618 fil.
592 4558 731 4621 Litteris
755 4564 962 4627 nunciorum
986 4581 1185 4634 nostrorum
1209 4573 1487 4655 testimoniisque
1501 4576 1592 4635 mul-

311 4670 425 4723 torum
454 4664 498 4723 ad
532 4683 596 4725 nos
621 4667 794 4746 perlatum
818 4680 873 4731 est
895 4671 1124 4738 Nobilitatem
1147 4688 1245 4740 tuam
1267 4678 1302 4741 in
1327 4681 1396 4743 hac
1419 4682 1593 4743 adversus

312 4766 501 4829 Lutherum
539 4790 644 4832 causa
675 4772 711 4834 in
744 4794 813 4853 qua
844 4779 1040 4842 catholicae
1065 4782 1148 4847 fidei
1172 4786 1268 4847 selus
1293 4794 1329 4848 et
1352 4788 1481 4851 veritas
1502 4804 1590 4848 con-

310 4872 468 4954 sistebat,
498 4885 632 4938 tantam
656 4879 853 4959 prestitisse
877 4884 1042 4949 virtutem
1067 4910 1108 4950 ac
1133 4892 1344 4955 damnandis
1368 4891 1504 4957 Martini
1530 4912 1589 4955 er-
