3425 5700
640 556 888 630 0-{34875-02

121 714 303 803 Episcopo
326 716 378 785 sui
401 717 597 785 certificate
626 721 692 784 che
716 721 824 804 quelli
847 715 986 784 tumulti
1010 717 1046 784 in
1071 714 1179 785 Stiria
1203 736 1311 784 erano
1335 723 1404 802 pur'

120 829 302 910 acquetati
325 841 361 892 et
384 832 451 892 che
474 830 499 892 li
522 828 645 892 villani
669 830 857 894 havevano
882 830 966 892 dato
990 827 1157 911 pregioni
1187 827 1275 892 XX.
1309 830 1354 890 de
1378 827 1403 891 li

122 935 202 998 suoi
225 937 308 1018 capi
331 948 367 999 et
390 937 450 998 dui
474 935 664 1019 principali
686 935 791 998 furori
815 935 986 1018 impalati,
1010 936 1035 998 li
1059 935 1139 999 altri
1163 937 1320 998 anchora
1336 945 1403 998 sta·

124 1062 217 1105 vano
252 1042 288 1105 in
320 1043 509 1126 pregione,
554 1053 590 1104 et
625 1041 818 1105 examinati
851 1043 1086 1124 deponevano
1124 1044 1201 1104 loro
1236 1041 1405 1122 dissegno

123 1169 242 1212 essere
268 1149 304 1211 di
329 1150 511 1213 destruere
535 1149 571 1211 in
594 1159 686 1211 tutto
717 1149 855 1212 lordine
885 1147 1141 1229 ecclesiastico,
1175 1157 1211 1212 et
1234 1149 1295 1230 poi
1319 1149 1405 1210 dare

125 1257 225 1339 leggi
250 1267 286 1319 et
309 1258 493 1339 imponere
517 1255 616 1318 censi
640 1255 700 1319 alli
725 1255 846 1318 Nobili
875 1266 912 1318 et
939 1256 1124 1338 superiori,
1157 1255 1269 1337 quisi
1294 1257 1404 1318 reluc-

124 1373 261 1426 tassent
305 1365 418 1427 alloro
461 1361 703 1426 destructione
732 1364 888 1426 anchora
923 1382 1131 1444 pensavano
1172 1362 1335 1444 armarsi,
1371 1373 1407 1424 et

124 1480 216 1532 tutto
240 1470 361 1533 ridure
385 1472 421 1532 al
443 1469 567 1532 vivere
591 1470 636 1532 de
661 1465 807 1532 Svizeri.

213 1576 254 1639 In
277 1577 336 1639 via
368 1587 403 1639 et
435 1576 494 1657 qui
526 1576 544 1638 ὲ
576 1586 668 1638 stato
701 1579 800 1638 detto
836 1578 903 1639 che
933 1577 958 1640 li
988 1575 1110 1640 villani
1138 1576 1174 1639 di
1204 1575 1406 1660 Saltzpurg,

125 1684 191 1746 che
216 1683 450 1751 assediavano
475 1682 500 1745 il
524 1681 712 1745 Cardinale
736 1703 782 1746 ne
805 1685 841 1745 la
864 1685 995 1747 roccha
1017 1683 1040 1747 l'
1057 1685 1219 1748 haveano
1244 1693 1407 1747 ottenuta

127 1802 162 1852 et
184 1811 293 1873 preso
318 1799 355 1854 et
378 1791 610 1852 ammazatolo
635 1800 670 1851 et
693 1791 833 1852 ruinato
857 1789 893 1853 la
916 1789 1088 1864 fortezza;
1117 1812 1174 1854 ma
1200 1811 1267 1873 per
1299 1793 1405 1858 homo

126 1899 190 1961 che
216 1897 274 1961 alli
301 1897 353 1960 III
377 1896 507 1979 partite
532 1895 567 1958 di
591 1896 624 1958 la
649 1916 687 1958 se
710 1896 858 1981 intende
883 1917 954 1960 non
979 1916 1077 1961 esser
1100 1918 1197 1963 vero.

213 2005 284 2068 Dal
309 2005 408 2067 detto
432 2003 611 2086 Episcopo
636 2002 855 2085 Labacense,
881 2006 986 2086 quale
1010 2004 1029 2067 ὲ
1053 2024 1207 2087 persona
1230 2003 1349 2068 dassai
1373 2015 1407 2068 et

128 2112 235 2174 molto
260 2122 397 2192 amata,
431 2109 536 2173 intesi
559 2111 673 2172 ancho
704 2112 770 2173 che
801 2112 938 2176 benche
974 2112 1081 2194 quelli
1111 2112 1243 2176 Villani
1270 2111 1408 2176 iussero

126 2219 279 2282 achetati
303 2229 339 2281 et
361 2220 427 2281 che
462 2220 496 2280 al
520 2227 687 2298 presente
711 2217 747 2279 di
771 2218 847 2280 loro
872 2239 943 2282 non
965 2218 1063 2282 fusse
1097 2220 1143 2282 da
1167 2229 1312 2299 temere,
1336 2223 1402 2283 che

129 2346 194 2407 pur
217 2334 310 2388 tutto
334 2325 500 2407 pendeva
525 2325 571 2386 da
594 2324 630 2386 la
653 2323 881 2387 conclusione
905 2308 971 2388 che
1006 2325 1035 2386 si
1066 2325 1215 2388 sarebbe
1246 2328 1303 2389 nel
1328 2346 1407 2388 con-

130 2443 203 2496 tato
227 2433 272 2494 de
296 2431 417 2495 Tirolo
453 2441 489 2493 et
523 2442 704 2493 mostrava
727 2425 891 2493 dubitare
920 2432 1014 2494 assai
1044 2435 1109 2494 che
1142 2432 1250 2513 quelli
1273 2432 1405 2496 Villani

132 2561 200 2602 non
224 2538 438 2602 sforzassino
462 2537 487 2600 il
511 2537 676 2620 Principe
708 2539 755 2600 ad
782 2540 893 2601 multa
923 2537 1072 2620 indigna
1103 2549 1138 2601 et
1165 2542 1258 2603 mala
1286 2549 1410 2603 contra

132 2645 235 2710 fidem
259 2656 295 2710 et
319 2646 479 2708 ordinem
503 2644 801 2725 ecclesiasticum,
832 2645 998 2708 havendo
1030 2645 1090 2728 gia
1115 2633 1320 2709 dimandato
1345 2648 1411 2709 che

134 2756 190 2817 nel
213 2765 361 2816 trattare
387 2753 423 2814 di
447 2762 571 2833 queste
595 2772 677 2814 cose
702 2771 768 2815 con
799 2773 864 2814 sua
888 2749 1052 2815 Serenita
1079 2752 1221 2834 penitus
1246 2755 1411 2816 exclude-

134 2874 253 2925 rentur
276 2860 537 2942 Ecclesiastici,
569 2860 594 2923 li
627 2860 722 2941 quali
751 2862 897 2923 soleano
927 2880 1044 2921 essere
1073 2859 1108 2921 in
1138 2860 1252 2942 primo
1277 2862 1410 2926 ordine.

135 2969 177 3031 El
199 2968 364 3050 Principe
388 2988 454 3049 per
477 2966 609 3049 meglio
624 2967 820 3048 prevalersi
837 2976 962 3029 contra
986 2965 1020 3027 di
1045 2967 1121 3027 loro
1145 2966 1260 3029 havea
1282 2986 1408 3048 procu·

137 3089 211 3140 rato
228 3078 293 3139 che
315 3085 406 3138 tutte
427 3076 460 3140 le
475 3076 565 3137 altre
580 3094 642 3137 soe
655 3073 770 3155 patrie
783 3072 1020 3137 mandassimo
1037 3073 1169 3135 oratori
1183 3072 1218 3137 in
1236 3073 1412 3156 Inspruck

138 3206 160 3245 a
181 3186 340 3263 suadere,
365 3184 432 3245 che
455 3202 526 3243 non
551 3190 723 3264 urgerent
746 3201 824 3243 eum
849 3201 871 3243 a
895 3199 977 3242 cose
1002 3200 1072 3242 non
1096 3180 1325 3265 convenienti
1350 3191 1410 3243 aut

140 3292 349 3373 illegittime3
382 3310 452 3362 non
488 3310 527 3351 so
557 3289 676 3369 quello
700 3287 779 3350 sari
809 3287 959 3369 seguito.
1019 3285 1146 3368 Quello
1179 3288 1333 3350 contado
1366 3287 1411 3349 de

141 3398 255 3461 Tirolo
286 3398 440 3459 emolto
470 3396 564 3459 forte
593 3403 629 3457 et
650 3396 769 3458 hanno
803 3414 872 3457 uno
904 3392 1029 3456 ordine
1059 3404 1114 3455 tra
1144 3396 1239 3475 loro,
1270 3395 1336 3456 che
1368 3394 1413 3455 ad

143 3506 223 3586 ogni
248 3505 405 3586 impresa
432 3502 599 3566 mendino
626 3502 739 3584 prima
763 3512 905 3583 quattro
933 3501 1015 3564 mila
1038 3500 1210 3582 huomini,
1234 3500 1295 3582 poi
1319 3499 1415 3563 Sedi-

144 3611 262 3691 cimila,
288 3624 324 3674 et
347 3610 573 3692 bisognando
597 3629 719 3690 ponno
742 3619 893 3672 mettere
917 3607 952 3671 in
977 3608 1064 3670 armi
1090 3618 1125 3671 et
1150 3608 1319 3670 mandare
1343 3606 1414 3671 lino

145 3739 165 3779 a
185 3716 542 3800 Trentaquattromila
565 3737 735 3798 persone,
768 3726 804 3779 et
837 3716 855 3779 ὲ
880 3715 939 3798 gia
964 3726 1101 3796 tempo,
1132 3716 1197 3777 che
1223 3725 1355 3778 nutano
1380 3722 1415 3777 et

147 3827 313 3889 vacillano
348 3845 415 3907 per
445 3827 479 3886 la
521 3822 749 3905 propinquita
777 3824 843 3884 che
877 3824 996 3884 hanno
1033 3842 1099 3884 con
1131 3821 1270 3884 Elvetii.
1317 3823 1415 3885 Deus

145 3934 232 3996 bene
252 3942 371 3996 vertat
409 3975 1415 3995 ...................
