3425 5700
812 569 1059 628 edessen

297 715 400 777 vobis
424 717 643 790 transmitto;
669 717 790 799 quanti
813 718 962 800 periculi
987 720 1033 782 sit
1050 719 1124 782 eius
1140 729 1309 782 contenta
1332 730 1368 782 et
1393 718 1573 782 materiam

297 821 332 884 in
358 824 486 904 vulgus
510 824 615 906 prodi
639 836 758 888 vestre
783 847 933 889 censure
957 836 993 890 et
1016 826 1147 889 iudicio
1178 825 1265 889 duxi
1295 826 1573 908 relinquendum.

299 928 507 993 Verendum
532 939 585 994 est
609 931 674 994 nisi
707 953 851 996 cesaree
880 933 1075 998 maiestatis
1106 933 1317 997 auctoritate
1346 932 1508 996 censuris
1542 943 1575 995 et

297 1036 400 1118 penis
424 1037 624 1100 huiusmodi
649 1042 840 1121 dampnate
865 1051 901 1103 et
925 1040 1068 1123 pessimi
1093 1041 1249 1122 exempli
1273 1040 1475 1104 libellorum
1507 1039 1572 1102 edi·

299 1143 416 1206 tiones
441 1153 476 1206 et
500 1145 560 1207 illa
584 1147 809 1228 imprimendi
832 1148 978 1212 licentia
1001 1160 1038 1211 et
1068 1148 1202 1211 effrene
1232 1147 1509 1228 bibliopolarum
1542 1147 1574 1209 li-

299 1253 455 1314 bertates
488 1252 742 1334 adhibeantur,
781 1255 937 1336 pessima
972 1275 1111 1337 queque
1143 1263 1258 1317 tractu
1290 1253 1462 1336 temporis
1495 1254 1575 1316 inde

298 1368 480 1423 eventura.
528 1359 697 1441 Quamvis
733 1363 777 1425 de
807 1382 983 1444 prospero
1015 1383 1180 1426 successu
1212 1383 1269 1425 res
1299 1370 1421 1426 nostre
1453 1371 1576 1424 contra

299 1465 423 1530 Gallos
436 1467 675 1548 expeditionis
692 1469 795 1535 michi
813 1470 972 1552 quotidie
989 1472 1181 1534 secundum
1194 1488 1354 1532 rumores
1368 1468 1574 1549 afferuntur,

298 1573 463 1636 desidero
487 1583 605 1637 tamen
630 1595 772 1657 quoque
798 1597 843 1639 ex,
868 1578 1065 1658 prestantia
1088 1588 1207 1641 vestra
1224 1577 1424 1658 intelligere
1449 1577 1575 1659 quoin

299 1688 393 1742 statu
416 1701 474 1743 res
499 1681 594 1744 curie
618 1683 811 1764 imperialis
835 1695 1042 1765 versentur,
1067 1706 1136 1767 que
1160 1684 1231 1747 illic
1256 1704 1350 1746 nova
1374 1682 1512 1746 feratur
1535 1685 1576 1745 de

299 1787 477 1851 horrenda
499 1788 696 1870 irruptione
721 1789 952 1854 infidelissimi
985 1792 1097 1856 hostis
1128 1791 1320 1854 christiane
1351 1790 1435 1854 fidei
1467 1799 1504 1853 et
1535 1791 1577 1853 de

299 1893 378 1957 aliis
402 1895 491 1957 scitu
516 1895 633 1978 dignis
657 1917 727 1978 que
750 1897 845 1961 licite
870 1897 977 1962 scribi
1001 1909 1159 1980 possunt.

390 2001 462 2066 Oro
488 2001 641 2066 vicissim
665 2024 720 2066 me
745 2005 931 2068 certiorem
956 2006 1108 2069 reddere
1125 2004 1241 2069 velitis
1267 2013 1433 2086 preterea
1456 2007 1576 2086 benig·

300 2109 445 2173 nitatem
470 2121 624 2174 vestram
650 2119 833 2174 exoratam
857 2112 951 2175 facio
976 2132 1045 2196 quo
1071 2135 1112 2176 ea
1137 2134 1206 2194 que
1230 2133 1301 2174 non
1325 2112 1434 2193 longe
1467 2133 1489 2174 a
1521 2113 1576 2173 ba-

302 2216 402 2279 silica
426 2215 460 2278 in
486 2217 608 2280 Husen
633 2229 736 2281 extra
759 2239 878 2281 muros
903 2219 1191 2283 Wormacienses
1216 2219 1283 2282 sita
1308 2240 1377 2280 una
1400 2217 1578 2281 familiari-

300 2333 373 2386 tate
398 2323 607 2387 contulimus
630 2324 701 2387 fida
726 2326 895 2388 memoria
918 2328 1053 2390 habere
1073 2326 1160 2389 velit
1184 2336 1220 2389 et
1247 2335 1285 2387 ut
1309 2335 1391 2387 tunc
1407 2323 1579 2405 temporis

298 2429 392 2494 inter
415 2452 480 2495 nos
504 2441 665 2514 tempore
690 2431 856 2496 abitionis
888 2443 924 2497 et
954 2454 1115 2497 recessus
1146 2433 1257 2496 nostri
1288 2431 1469 2513 peramiee
1499 2450 1578 2492 con-

300 2548 444 2602 ventum
469 2551 522 2602 est
546 2559 612 2621 pro
638 2560 715 2603 mea
738 2540 910 2623 singulari
935 2561 1022 2623 erga
1038 2561 1103 2603 vos
1126 2539 1257 2602 fiducia
1280 2560 1338 2602 res
1361 2558 1460 2600 meas
1484 2536 1579 2618 apud

301 2645 488 2709 Cesaream
504 2645 728 2709 Maiestatem
745 2648 935 2711 Dominum
950 2656 1109 2711 nostrum
1132 2645 1424 2729 gloriosissimum
1448 2646 1581 2706 ducere

300 2751 544 2816 sollicitandas
575 2761 611 2815 et
645 2755 908 2834 promovendas
946 2776 1014 2836 que
1051 2754 1157 2818 michi
1196 2773 1284 2836 erga
1326 2751 1581 2815 humanitatem

302 2869 457 2923 vestram
481 2860 600 2923 veniet
635 2860 846 2925 amicissime
876 2872 912 2924 et
944 2863 1068 2926 summi
1097 2862 1206 2925 officii
1241 2864 1321 2926 loco
1352 2860 1581 2923 demerenda.

301 2967 387 3030 Cum
410 2967 478 3030 hiis
502 2968 604 3031 vobis
628 2968 700 3031 vite
724 2979 836 3032 status
860 2979 899 3031 ut
921 2969 1103 3051 regiminis
1119 2970 1349 3033 festivitatem
1373 2979 1583 3049 peroptans.

301 3075 354 3137 Ex
380 3075 514 3157 oppido
539 3086 660 3138 nostro
685 3076 841 3140 Zoibveu
866 3076 977 3140 Nonis
1002 3076 1224 3158 Septembris
1248 3097 1341 3139 anno
1366 3073 1552 3138 MDXXI.

852 3200 1028 3273 Wllbllllt,
1048 3211 1100 3259 Dei
1118 3210 1203 3271 gratia
1222 3210 1362 3273 episcopus
1381 3208 1550 3267 Argentinus

1026 3299 1199 3363 Alsatiaeque
1218 3296 1402 3360 Lantgravius.

905 3710 976 3773 122.

684 3844 863 3925 Aloanda
899 3841 1210 3924 vicecancellarii).

730 3991 872 4064 (limitat.
896 3992 1022 4051 (lamen.
1039 3990 1076 4049 11:
1088 3990 1159 4060 tet.)

782 4118 817 4172 (θ.
837 4112 998 4176 Septembris
1021 4108 1107 4177 1521.)

392 4248 511 4332 Dopoi
535 4250 568 4311 le
593 4248 661 4310 mie
686 4249 774 4310 altre
799 4246 921 4309 scritte
952 4245 972 4307 ὲ
1004 4243 1040 4307 di
1070 4244 1129 4308 doi
1163 4245 1222 4307 del
1254 4251 1438 4326 presente,
1469 4241 1507 4303 io
1541 4244 1590 4303 ho

304 4358 394 4420 fatto
418 4360 538 4418 buona
561 4353 788 4436 inquisitione
825 4353 861 4415 di
885 4353 1050 4416 intender
1074 4372 1173 4414 come
1208 4350 1238 4414 si
1261 4359 1367 4433 porta
1391 4349 1593 4413 Antwersa

305 4466 361 4528 nel
386 4464 476 4526 fatto
500 4463 546 4525 de
570 4462 719 4541 Luther‚
751 4470 787 4523 et
820 4470 923 4523 trovo
948 4462 1014 4522 che
1038 4458 1162 4521 invero
1187 4458 1208 4520 1’
1224 4458 1404 4521 universal
1427 4464 1524 4519 tutto
1551 4476 1592 4519 se

305 4582 410 4655 porta
433 4550 623 4633 benissimo
648 4576 786 4631 eccetto
811 4566 928 4629 alcuni
952 4565 1166 4630 Mercatanti
1189 4564 1252 4628 alti
1276 4562 1451 4644 Alamani,
1475 4574 1517 4626 et
1543 4565 1592 4625 al·

306 4679 387 4743 cuni
411 4676 546 4741 marani
570 4676 594 4739 li
620 4676 715 4757 quali
740 4675 868 4738 dicono
902 4684 938 4737 et
970 4673 1079 4736 fanno
1114 4693 1182 4754 pur
1218 4672 1368 4754 qualche
1400 4671 1526 4753 pazzia
1556 4670 1592 4733 in

304 4787 408 4850 favor
431 4786 467 4847 di
492 4784 626 4846 Luther
655 4782 712 4845 del
746 4783 811 4845 che
841 4780 952 4844 Cesar
982 4780 1002 4843 e
1036 4781 1106 4842 ben
1138 4778 1314 4842 advertito
1346 4789 1382 4841 et
1409 4778 1456 4840 ha
1490 4778 1595 4841 forte

305 4893 421 4960 animo
446 4891 548 4955 farne
571 4890 709 4974 grande
734 4888 1021 4955 demostratione.
1068 4888 1130 4950 Ma
1144 4908 1210 4969 per
1226 4886 1382 4951 Consilio
1407 4884 1444 4948 di
1467 4884 1596 4968 questi
