3425 5700
630 520 878 581 edatio*

121 675 233 739 collati
256 683 358 739 suut:
383 673 491 738 occisi
516 683 596 736 sunt
619 692 773 755 vespere
798 680 833 735 et
857 692 961 735 mane
984 683 1067 734 ante
1092 669 1273 754 oppidum,
1298 679 1334 736 et
1356 675 1392 737 in

120 792 234 846 monte
259 780 306 844 ΞΗ
336 780 486 862 Georgii
509 800 607 859 3900.

202 887 483 971 Vigesimanona
505 886 600 966 Junii
623 884 731 948 vertit
756 883 951 947 exercitum
981 904 1107 948 versus
1138 884 1288 948 Naustat
1312 888 1393 949 Am·

120 998 209 1075 hart,
234 995 297 1058 ubi
326 996 451 1057 decem
483 992 690 1064 decollavit;
726 990 887 1073 perrexit
917 990 1047 1055 deinde
1077 1012 1203 1055 versus
1225 992 1393 1056 Wissem·

120 1106 278 1185 burgum.
789 1108 794 1113 '

203 1208 402 1272 Frobenius
426 1215 544 1269 autem
569 1205 614 1267 de
638 1204 774 1267 Hutten
799 1205 844 1266 ad
868 1203 1092 1287 Moguntiam
1115 1226 1194 1269 cum
1226 1206 1394 1289 equitatu,

121 1328 152 1378 et
167 1316 347 1398 Episcopo
363 1313 895 1395 Argentinensilocumtenente
918 1333 957 1374 se
982 1312 1144 1394 contulit,
1174 1334 1257 1377 nam
1287 1325 1322 1376 et
1345 1314 1395 1376 illi
1457 1304 1462 1313 ¹

122 1427 157 1484 20
182 1421 319 1504 Aprilis
343 1422 608 1485 rebellaverant
632 1430 667 1481 et
692 1419 860 1481 articulos
884 1421 1057 1500 quosdam
1081 1431 1321 1501 extorserant,
1353 1442 1396 1482 ac

121 1530 354 1593 Rinckaviam
379 1529 425 1591 ad
450 1526 659 1590 seditionem
684 1525 907 1606 impulerant.
954 1526 1116 1605 P⁸JJunii
1140 1528 1291 1611 ingressi
1316 1539 1396 1590 sunt

121 1636 348 1717 Moguntiam,
372 1632 467 1716 capti
492 1644 574 1695 sunt
597 1633 879 1715 sexagintaduo;
905 1643 1031 1713 postea
1064 1634 1253 1697 exiverunt
1286 1637 1394 1697 unde·

121 1742 205 1805 eima
228 1742 312 1826 Julti
336 1743 382 1805 ad
406 1740 645 1803 Rinckaviam
671 1748 706 1801 et
731 1740 898 1802 decollati
921 1739 1065 1804 fuerunt
1090 1764 1131 1820 54
1148 1751 1184 1804 et
1197 1742 1396 1824 privilegiis

122 1860 152 1911 et
181 1850 288 1911 armis
319 1848 426 1927 exuti,
461 1868 502 1909 ac
538 1866 668 1929 magna
702 1846 855 1929 pecunia
891 1848 1048 1911 mulctati
1088 1857 1124 1911 et
1159 1869 1277 1912 arcem
1311 1849 1397 1912 iussi
1484 1843 1488 1851 “

122 1954 294 2019 edificare.

205 2062 331 2145 Algoii
355 2063 574 2125 rebellantes
598 2060 776 2141 Episcopo
802 2060 1035 2142 Augustensi,
1065 2062 1216 2125 Prelatis
1241 2071 1277 2126 et
1300 2063 1394 2125 nobi-

124 2170 220 2250 libus,
246 2150 356 2250 saepe
382 2167 502 2230 minati
527 2178 608 2229 sunt
632 2167 863 2248 irruptionem
893 2167 928 2228 in
953 2168 1143 2231 Bavariam
1175 2190 1240 2250 per
1263 2171 1396 2233 lacum:

124 2278 218 2357 plura
243 2277 349 2339 etiam
371 2274 587 2337 monasteria
613 2272 835 2356 diripuerunt
860 2283 895 2336 et
919 2273 1163 2357 incenderunt,
1179 2276 1338 2339 similiter
1362 2290 1397 2341 et

125 2404 218 2446 arces
243 2382 412 2446 nobilium
438 2391 473 2443 et
496 2386 746 2464 praelatorum,
772 2381 867 2443 unde
893 2382 1010 2444 Duces
1035 2381 1209 2445 Bavariae
1227 2384 1397 2467 compulsi

126 2502 202 2553 sunt
245 2492 381 2552 habere
402 2488 611 2551 'exercitum
647 2487 861 2550 collimitium
899 2487 958 2568 qui
992 2489 1144 2551 rusticos
1178 2490 1398 2572 reprimeret,

127 2596 283 2679 abigeret
306 2616 451 2676 pecora,
475 2614 590 2677 pagos
614 2593 834 2656 incenderet:
861 2594 1010 2675 sparsim
1035 2595 1143 2657 occisi
1166 2606 1248 2659 sunt
1272 2600 1346 2659 600.

209 2704 349 2766 Positus
373 2711 427 2765 est
452 2712 487 2764 et
510 2700 707 2783 Diepoldus
733 2702 776 2763 de
802 2698 902 2763 Stein
927 2722 1006 2764 curn
1029 2702 1197 2764 trecentis
1222 2703 1399 2784 equitibus

129 2822 159 2871 et
181 2810 274 2874 mille
298 2808 479 2892 peditibus
509 2808 543 2870 in
569 2807 825 2888 Wissenhorn,
862 2818 899 2870 ut
929 2808 1153 2872 insolentiam
1187 2812 1398 2874 rusticorum

129 2917 322 2998 impediret,
357 2917 416 2998 qui
450 2916 651 2978 successive
680 2917 800 2996 plures
833 2915 983 2978 rusticos
1019 2915 1157 2979 occidit.
1216 2917 1328 2979 Villas
1363 2920 1398 2981 in

134 3027 215 3086 valle
240 3025 316 3087 Rot
341 3034 376 3085 et
400 3023 513 3085 Ilerae
537 3021 695 3085 incendit
724 3043 764 3084 ac
790 3023 1026 3085 Baltzhausen
1056 3034 1091 3085 et
1122 3022 1397 3087 Seinetzhausen

132 3151 199 3193 cum
224 3131 385 3213 pluribus
399 3130 477 3193 aliis
500 3131 534 3191 in
552 3129 756 3202 Mindeltal;
783 3132 974 3192 creduntur
997 3130 1146 3212 sparsim
1171 3130 1278 3192 occisi
1308 3152 1399 3210 1500.

210 3239 339 3300 Missus
363 3237 428 3300 fuit
461 3259 496 3314 14
521 3237 614 3316 Junii
651 3239 694 3298 ad
724 3237 905 3318 Meminge
940 3238 986 3299 ad
1019 3239 1313 3319 compescendam
1348 3260 1399 3300 re·

133 3344 310 3408 bellionem
334 3344 451 3426 plebis
474 3354 598 3406 contra
621 3354 799 3420 senatum,
835 3343 894 3404 ubi
926 3343 1073 3424 antiqua
1105 3364 1206 3407 sacra
1235 3345 1399 3424 restituit,

133 3461 194 3512 tres
218 3451 419 3532 decollavit,
444 3450 521 3513 aliis
537 3450 751 3531 primoribus
774 3450 979 3512 rebellionis
1004 3462 1039 3512 et
1062 3451 1288 3532 predicatore
1312 3451 1399 3531 luga

132 3559 267 3640 elapsis,
298 3559 357 3640 qui
389 3556 541 3620 rusticos
572 3567 607 3620 et
650 3557 801 3638 Algoios
838 3557 1050 3620 comitarunt
1085 3561 1128 3620 ad
1165 3559 1397 3621 obsidendum

132 3665 291 3746 oppidum
316 3679 350 3729 et
375 3674 550 3728 venerunt
583 3685 669 3743 9000
701 3669 928 3733 rusticorum:
954 3667 1017 3727 sed
1041 3667 1189 3746 egregie
1214 3665 1399 3728 defensum

132 3781 178 3833 est
200 3792 262 3854 per
287 3773 502 3854 Diepoldum
528 3785 652 3835 contra
676 3775 818 3852 plebem
843 3783 878 3833 et
895 3772 1054 3834 rusticos.
1083 3772 1267 3834 intellecto
1282 3785 1398 3833 autem

134 3879 279 3942 adventu
305 3880 401 3960 ligae
426 3880 608 3942 solverunt
632 3879 854 3941 obsidionem
879 3878 994 3940 XXV
1018 3879 1097 3958 Jun.

211 3986 407 4050 Rebellant
430 3987 551 4048 rustici
579 4006 617 4047 22
643 3984 779 4066 Aprilis
803 3985 983 4066 Episcopo
1012 3985 1218 4048 Eistettensi
1252 3997 1287 4048 et
1322 3987 1400 4049 aliis
1477 3970 1479 3973 ¹

132 4093 327 4170 collimitiis,
362 4101 538 4173 occupant
577 4101 730 4154 castrum
762 4091 923 4172 Messing
954 4104 990 4153 et
1023 4092 1192 4173 oppidum
1226 4092 1399 4174 Greding.

133 4208 166 4276 p⁸
187 4199 269 4262 Maii
293 4199 500 4283 supervenit
524 4198 726 4261 Fridericus
750 4198 806 4260 Fr.
832 4199 986 4260 Palatini
1018 4208 1053 4260 et
1087 4198 1263 4280 equitatus
1287 4201 1400 4262 Bava-

134 4304 226 4369 ricus.
262 4306 368 4368 Unde
392 4305 512 4369 rustici
538 4305 663 4368 timore
689 4306 816 4386 dilapsi
840 4316 922 4368 sunt
946 4315 982 4368 et
1004 4308 1050 4366 ad
1074 4305 1224 4387 gratiam
1249 4317 1285 4368 et
1308 4307 1401 4370 iusti-

133 4409 208 4474 tiam
231 4411 379 4494 recepti,
404 4412 570 4476 decollati
605 4423 685 4473 sunt
714 4412 903 4474 tresdecim
938 4413 1095 4474 secunda
1127 4411 1221 4478 Maii.
1281 4414 1402 4476 Tertia

133 4528 250 4594 postea
273 4519 484 4600 Ingolstadii
509 4521 630 4599 plures
655 4518 760 4600 capti.
808 4518 957 4582 Bohemi
981 4519 1121 4600 pedites
1153 4523 1273 4600 plures
1300 4521 1400 4582 rusti-

133 4643 188 4687 cos
208 4637 289 4690 ante
315 4626 494 4707 cognitam
519 4647 644 4708 pacem
670 4627 876 4690 occiderunt
905 4648 974 4706 150.

213 4731 354 4796 Subditi
366 4732 585 4795 Marchionis
597 4734 933 4815 Brandeburgensis
946 4743 981 4796 et
993 4733 1158 4796 comitum
1171 4733 1215 4797 de
1229 4733 1401 4815 Ottingen

135 4840 300 4904 rebellant
322 4839 358 4900 in
376 4839 521 4920 Rhetia,
547 4841 609 4902 sed
634 4841 778 4904 sedatur
802 4849 838 4902 et
863 4840 1101 4903 dissimulatur
1123 4839 1284 4903 rebellio
1331 4841 1400 4904 De-

1190 4962 1242 5022 351
