<?xml version="1.0" encoding="UTF-8"?>
<!DOCTYPE html PUBLIC "-//W3C//DTD XHTML 1.0 Transitional//EN"
    "http://www.w3.org/TR/xhtml1/DTD/xhtml1-transitional.dtd">
<html xmlns="http://www.w3.org/1999/xhtml" xml:lang="en" lang="en">
 <head>
  <title>
</title>
<meta http-equiv="Content-Type" content="text/html;charset=utf-8" />
  <meta name='ocr-system' content='tesseract 3.04.00' />
  <meta name='ocr-capabilities' content='ocr_page ocr_carea ocr_par ocr_line ocrx_word'/>
</head>
<body>
  <div class='ocr_page' id='page_1' title='image "./monumentareform00unkngoog_0046.png"; bbox 0 0 3425 5700; ppageno 0'>
   <div class='ocr_carea' id='block_1_1' title="bbox 796 573 1025 631">
    <p class='ocr_par' dir='ltr' id='par_1_1' title="bbox 796 573 1025 631">
     <span class='ocr_line' id='line_1_1' title="bbox 796 573 1025 631; baseline -0.013 0"><span class='ocrx_word' id='word_1_1' title='bbox 796 573 1025 631; x_wconf 45' lang='lat'>4018&amp;</span> 
     </span>
    </p>
   </div>
   <div class='ocr_carea' id='block_1_2' title="bbox 199 719 1575 4978">
    <p class='ocr_par' dir='ltr' id='par_1_2' title="bbox 199 719 1575 4978">
     <span class='ocr_line' id='line_1_2' title="bbox 271 719 1550 804; baseline -0.008 -20"><span class='ocrx_word' id='word_1_2' title='bbox 271 723 349 784; x_wconf 87' lang='lat' dir='ltr'>dem</span> <span class='ocrx_word' id='word_1_3' title='bbox 382 721 484 802; x_wconf 87' lang='lat' dir='ltr'>penis</span> <span class='ocrx_word' id='word_1_4' title='bbox 516 721 759 804; x_wconf 84' lang='lat' dir='ltr'>mandavimus</span> <span class='ocrx_word' id='word_1_5' title='bbox 788 743 832 784; x_wconf 90' lang='lat' dir='ltr'>ne</span> <span class='ocrx_word' id='word_1_6' title='bbox 864 721 1007 785; x_wconf 91' lang='lat' dir='ltr'>libellos</span> <span class='ocrx_word' id='word_1_7' title='bbox 1036 721 1134 803; x_wconf 88' lang='lat' dir='ltr'>ipsos</span> <span class='ocrx_word' id='word_1_8' title='bbox 1159 719 1281 800; x_wconf 91' lang='lat' dir='ltr'>legere</span> <span class='ocrx_word' id='word_1_9' title='bbox 1305 721 1550 798; x_wconf 85' lang='lat' dir='ltr'>presumerent</span> 
     </span>
     <span class='ocr_line' id='line_1_3' title="bbox 270 819 1549 906; baseline -0.008 -16"><span class='ocrx_word' id='word_1_10' title='bbox 270 832 333 890; x_wconf 89' lang='lat' dir='ltr'>sed</span> <span class='ocrx_word' id='word_1_11' title='bbox 367 829 446 891; x_wconf 87' lang='lat' dir='ltr'>illos</span> <span class='ocrx_word' id='word_1_12' title='bbox 477 831 725 890; x_wconf 85' lang='lat' dir='ltr'>comburerent</span> <span class='ocrx_word' id='word_1_13' title='bbox 748 849 811 891; x_wconf 88' lang='lat' dir='ltr'>seu</span> <span class='ocrx_word' id='word_1_14' title='bbox 835 827 995 890; x_wconf 88' lang='lat' dir='ltr'>comburi</span> <span class='ocrx_word' id='word_1_15' title='bbox 1025 826 1200 904; x_wconf 86' lang='lat' dir='ltr'>facerent,</span> <span class='ocrx_word' id='word_1_16' title='bbox 1232 823 1371 906; x_wconf 89' lang='lat' dir='ltr'>ipsique</span> <span class='ocrx_word' id='word_1_17' title='bbox 1394 819 1549 883; x_wconf 82' lang='lat' dir='ltr'>Martino</span> 
     </span>
     <span class='ocr_line' id='line_1_4' title="bbox 271 925 1549 1016; baseline -0.009 -19"><span class='ocrx_word' id='word_1_18' title='bbox 271 935 376 998; x_wconf 86' lang='lat' dir='ltr'>etiam</span> <span class='ocrx_word' id='word_1_19' title='bbox 405 934 617 997; x_wconf 86' lang='lat' dir='ltr'>inhibuimus</span> <span class='ocrx_word' id='word_1_20' title='bbox 642 947 679 997; x_wconf 92' lang='lat' dir='ltr'>ut</span> <span class='ocrx_word' id='word_1_21' title='bbox 703 955 723 998; x_wconf 90' lang='lat' dir='ltr'>a</span> <span class='ocrx_word' id='word_1_22' title='bbox 747 934 993 1016; x_wconf 80' lang='lat' dir='ltr'>predicatione</span> <span class='ocrx_word' id='word_1_23' title='bbox 1017 933 1216 1012; x_wconf 81' lang='lat' dir='ltr'>desisteret,</span> <span class='ocrx_word' id='word_1_24' title='bbox 1247 930 1433 1011; x_wconf 91' lang='lat' dir='ltr'>ipsumque</span> <span class='ocrx_word' id='word_1_25' title='bbox 1458 925 1549 988; x_wconf 90' lang='lat' dir='ltr'>etei</span> 
     </span>
     <span class='ocr_line' id='line_1_5' title="bbox 270 1033 1549 1122; baseline -0.009 -18"><span class='ocrx_word' id='word_1_26' title='bbox 270 1045 483 1106; x_wconf 85' lang='lat' dir='ltr'>adherentes</span> <span class='ocrx_word' id='word_1_27' title='bbox 507 1061 548 1104; x_wconf 87' lang='lat' dir='ltr'>ac</span> <span class='ocrx_word' id='word_1_28' title='bbox 574 1042 649 1104; x_wconf 92' lang='lat' dir='ltr'>eius</span> <span class='ocrx_word' id='word_1_29' title='bbox 672 1051 917 1122; x_wconf 87' lang='lat' dir='ltr'>receptatores</span> <span class='ocrx_word' id='word_1_30' title='bbox 940 1043 1006 1103; x_wconf 91' lang='lat' dir='ltr'>sub</span> <span class='ocrx_word' id='word_1_31' title='bbox 1031 1038 1203 1102; x_wconf 87' lang='lat' dir='ltr'>similibus</span> <span class='ocrx_word' id='word_1_32' title='bbox 1226 1035 1329 1118; x_wconf 91' lang='lat' dir='ltr'>penis</span> <span class='ocrx_word' id='word_1_33' title='bbox 1352 1033 1549 1098; x_wconf 90' lang='lat' dir='ltr'>monuimus</span> 
     </span>
     <span class='ocr_line' id='line_1_6' title="bbox 270 1142 1550 1231; baseline -0.008 -21"><span class='ocrx_word' id='word_1_34' title='bbox 270 1148 391 1229; x_wconf 89' lang='lat' dir='ltr'>eisque</span> <span class='ocrx_word' id='word_1_35' title='bbox 416 1147 648 1231; x_wconf 85' lang='lat' dir='ltr'>precipiendo</span> <span class='ocrx_word' id='word_1_36' title='bbox 672 1148 918 1210; x_wconf 85' lang='lat' dir='ltr'>mandavimus</span> <span class='ocrx_word' id='word_1_37' title='bbox 941 1159 979 1210; x_wconf 93' lang='lat' dir='ltr'>ut</span> <span class='ocrx_word' id='word_1_38' title='bbox 1002 1147 1096 1209; x_wconf 86' lang='lat' dir='ltr'>infra</span> <span class='ocrx_word' id='word_1_39' title='bbox 1119 1144 1310 1226; x_wconf 82' lang='lat' dir='ltr'>sexaginta</span> <span class='ocrx_word' id='word_1_40' title='bbox 1333 1142 1418 1204; x_wconf 86' lang='lat' dir='ltr'>dies·</span> <span class='ocrx_word' id='word_1_41' title='bbox 1434 1161 1455 1202; x_wconf 90' lang='lat' dir='ltr'>a</span> <span class='ocrx_word' id='word_1_42' title='bbox 1473 1159 1550 1221; x_wconf 90' lang='lat' dir='ltr'>pre·</span> 
     </span>
     <span class='ocr_line' id='line_1_7' title="bbox 270 1247 1551 1336; baseline -0.009 -18"><span class='ocrx_word' id='word_1_43' title='bbox 270 1255 353 1318; x_wconf 89' lang='lat' dir='ltr'>fatis</span> <span class='ocrx_word' id='word_1_44' title='bbox 378 1255 556 1318; x_wconf 88' lang='lat' dir='ltr'>erroribus</span> <span class='ocrx_word' id='word_1_45' title='bbox 580 1275 772 1336; x_wconf 90' lang='lat' dir='ltr'>eorumque</span> <span class='ocrx_word' id='word_1_46' title='bbox 796 1255 1040 1336; x_wconf 83' lang='lat' dir='ltr'>publicatione</span> <span class='ocrx_word' id='word_1_47' title='bbox 1064 1263 1100 1316; x_wconf 93' lang='lat' dir='ltr'>et</span> <span class='ocrx_word' id='word_1_48' title='bbox 1115 1251 1323 1315; x_wconf 87' lang='lat' dir='ltr'>defensione</span> <span class='ocrx_word' id='word_1_49' title='bbox 1338 1247 1551 1311; x_wconf 83' lang='lat' dir='ltr'>desisterent</span> 
     </span>
     <span class='ocr_line' id='line_1_8' title="bbox 271 1353 1549 1444; baseline -0.009 -20"><span class='ocrx_word' id='word_1_50' title='bbox 271 1371 306 1424; x_wconf 84' lang='lat' dir='ltr'>et</span> <span class='ocrx_word' id='word_1_51' title='bbox 329 1363 440 1425; x_wconf 88' lang='lat' dir='ltr'>libros</span> <span class='ocrx_word' id='word_1_52' title='bbox 455 1362 552 1444; x_wconf 90' lang='lat' dir='ltr'>ipsos</span> <span class='ocrx_word' id='word_1_53' title='bbox 568 1365 817 1425; x_wconf 85' lang='lat' dir='ltr'>comburerent</span> <span class='ocrx_word' id='word_1_54' title='bbox 833 1382 895 1425; x_wconf 89' lang='lat' dir='ltr'>seu</span> <span class='ocrx_word' id='word_1_55' title='bbox 920 1361 1080 1424; x_wconf 91' lang='lat' dir='ltr'>comburi</span> <span class='ocrx_word' id='word_1_56' title='bbox 1103 1360 1275 1438; x_wconf 87' lang='lat' dir='ltr'>facerent,</span> <span class='ocrx_word' id='word_1_57' title='bbox 1296 1357 1444 1438; x_wconf 86' lang='lat' dir='ltr'>ipseque</span> <span class='ocrx_word' id='word_1_58' title='bbox 1459 1353 1549 1415; x_wconf 89' lang='lat' dir='ltr'>Mar-</span> 
     </span>
     <span class='ocr_line' id='line_1_9' title="bbox 270 1464 1549 1551; baseline -0.009 -20"><span class='ocrx_word' id='word_1_59' title='bbox 270 1471 363 1532; x_wconf 89' lang='lat' dir='ltr'>tinus</span> <span class='ocrx_word' id='word_1_60' title='bbox 397 1489 536 1532; x_wconf 88' lang='lat' dir='ltr'>errores</span> <span class='ocrx_word' id='word_1_61' title='bbox 567 1470 664 1551; x_wconf 91' lang='lat' dir='ltr'>ipsos</span> <span class='ocrx_word' id='word_1_62' title='bbox 694 1482 882 1533; x_wconf 89' lang='lat' dir='ltr'>revocaret</span> <span class='ocrx_word' id='word_1_63' title='bbox 910 1479 946 1533; x_wconf 91' lang='lat' dir='ltr'>et</span> <span class='ocrx_word' id='word_1_64' title='bbox 974 1469 1020 1532; x_wconf 90' lang='lat' dir='ltr'>de</span> <span class='ocrx_word' id='word_1_65' title='bbox 1044 1467 1273 1530; x_wconf 90' lang='lat' dir='ltr'>revocatione</span> <span class='ocrx_word' id='word_1_66' title='bbox 1297 1464 1453 1545; x_wconf 92' lang='lat' dir='ltr'>ipsorum</span> <span class='ocrx_word' id='word_1_67' title='bbox 1478 1480 1549 1521; x_wconf 89' lang='lat' dir='ltr'>cer-</span> 
     </span>
     <span class='ocr_line' id='line_1_10' title="bbox 199 1569 1550 1666; baseline -0.007 -28"><span class='ocrx_word' id='word_1_68' title='bbox 199 1569 210 1666; x_wconf 40' lang='lat'>¹.</span> <span class='ocrx_word' id='word_1_69' title='bbox 270 1576 380 1640; x_wconf 91' lang='lat' dir='ltr'>tiores</span> <span class='ocrx_word' id='word_1_70' title='bbox 403 1597 468 1638; x_wconf 90' lang='lat' dir='ltr'>nos</span> <span class='ocrx_word' id='word_1_71' title='bbox 492 1575 639 1658; x_wconf 87' lang='lat' dir='ltr'>faceret,</span> <span class='ocrx_word' id='word_1_72' title='bbox 664 1585 699 1640; x_wconf 88' lang='lat' dir='ltr'>et</span> <span class='ocrx_word' id='word_1_73' title='bbox 722 1575 790 1640; x_wconf 91' lang='lat' dir='ltr'>nisi</span> <span class='ocrx_word' id='word_1_74' title='bbox 804 1576 840 1638; x_wconf 93' lang='lat' dir='ltr'>id</span> <span class='ocrx_word' id='word_1_75' title='bbox 858 1577 952 1640; x_wconf 89' lang='lat' dir='ltr'>infra</span> <span class='ocrx_word' id='word_1_76' title='bbox 967 1577 1098 1639; x_wconf 89' lang='lat' dir='ltr'>dictum</span> <span class='ocrx_word' id='word_1_77' title='bbox 1113 1573 1300 1637; x_wconf 91' lang='lat' dir='ltr'>terminum</span> <span class='ocrx_word' id='word_1_78' title='bbox 1316 1571 1452 1632; x_wconf 88' lang='lat' dir='ltr'>faceret</span> <span class='ocrx_word' id='word_1_79' title='bbox 1471 1587 1550 1629; x_wconf 93' lang='lat' dir='ltr'>eum</span> 
     </span>
     <span class='ocr_line' id='line_1_11' title="bbox 271 1672 1551 1762; baseline -0.009 -17"><span class='ocrx_word' id='word_1_80' title='bbox 271 1694 306 1745; x_wconf 92' lang='lat' dir='ltr'>et</span> <span class='ocrx_word' id='word_1_81' title='bbox 339 1683 388 1746; x_wconf 91' lang='lat' dir='ltr'>illi</span> <span class='ocrx_word' id='word_1_82' title='bbox 419 1685 633 1746; x_wconf 88' lang='lat' dir='ltr'>adherentes</span> <span class='ocrx_word' id='word_1_83' title='bbox 657 1704 698 1746; x_wconf 88' lang='lat' dir='ltr'>ac</span> <span class='ocrx_word' id='word_1_84' title='bbox 722 1684 882 1748; x_wconf 87' lang='lat' dir='ltr'>fautores</span> <span class='ocrx_word' id='word_1_85' title='bbox 906 1683 1065 1745; x_wconf 89' lang='lat' dir='ltr'>notorios</span> <span class='ocrx_word' id='word_1_86' title='bbox 1090 1691 1125 1744; x_wconf 90' lang='lat' dir='ltr'>et</span> <span class='ocrx_word' id='word_1_87' title='bbox 1149 1679 1350 1762; x_wconf 89' lang='lat' dir='ltr'>pertinaces</span> <span class='ocrx_word' id='word_1_88' title='bbox 1373 1672 1551 1738; x_wconf 90' lang='lat' dir='ltr'>hereticos</span> 
     </span>
     <span class='ocr_line' id='line_1_12' title="bbox 270 1781 1549 1866; baseline -0.009 -14"><span class='ocrx_word' id='word_1_89' title='bbox 270 1789 379 1852; x_wconf 90' lang='lat' dir='ltr'>fuisse</span> <span class='ocrx_word' id='word_1_90' title='bbox 403 1800 439 1852; x_wconf 90' lang='lat' dir='ltr'>et</span> <span class='ocrx_word' id='word_1_91' title='bbox 464 1811 542 1852; x_wconf 87' lang='lat' dir='ltr'>esse</span> <span class='ocrx_word' id='word_1_92' title='bbox 567 1792 791 1854; x_wconf 89' lang='lat' dir='ltr'>declarantes</span> <span class='ocrx_word' id='word_1_93' title='bbox 816 1793 961 1854; x_wconf 86' lang='lat' dir='ltr'>eosdem</span> <span class='ocrx_word' id='word_1_94' title='bbox 985 1799 1024 1854; x_wconf 92' lang='lat' dir='ltr'>ut</span> <span class='ocrx_word' id='word_1_95' title='bbox 1046 1792 1137 1852; x_wconf 89' lang='lat' dir='ltr'>tales</span> <span class='ocrx_word' id='word_1_96' title='bbox 1152 1781 1490 1866; x_wconf 88' lang='lat' dir='ltr'>condempnavimus</span> <span class='ocrx_word' id='word_1_97' title='bbox 1507 1799 1549 1841; x_wconf 89' lang='lat' dir='ltr'>ac</span> 
     </span>
     <span class='ocr_line' id='line_1_13' title="bbox 270 1889 1551 1979; baseline -0.009 -20"><span class='ocrx_word' id='word_1_98' title='bbox 270 1917 332 1959; x_wconf 90' lang='lat' dir='ltr'>eos</span> <span class='ocrx_word' id='word_1_99' title='bbox 363 1899 409 1958; x_wconf 92' lang='lat' dir='ltr'>ab</span> <span class='ocrx_word' id='word_1_100' title='bbox 442 1897 605 1960; x_wconf 91' lang='lat' dir='ltr'>omnibus</span> <span class='ocrx_word' id='word_1_101' title='bbox 636 1896 931 1961; x_wconf 88' lang='lat' dir='ltr'>Christifidelibus</span> <span class='ocrx_word' id='word_1_102' title='bbox 962 1917 1028 1979; x_wconf 93' lang='lat' dir='ltr'>pro</span> <span class='ocrx_word' id='word_1_103' title='bbox 1059 1896 1189 1958; x_wconf 88' lang='lat' dir='ltr'>talibus</span> <span class='ocrx_word' id='word_1_104' title='bbox 1220 1892 1343 1956; x_wconf 88' lang='lat' dir='ltr'>haberi</span> <span class='ocrx_word' id='word_1_105' title='bbox 1374 1889 1551 1952; x_wconf 89' lang='lat' dir='ltr'>voluimus</span> 
     </span>
     <span class='ocr_line' id='line_1_14' title="bbox 270 1993 1550 2088; baseline -0.008 -24"><span class='ocrx_word' id='word_1_106' title='bbox 270 2012 377 2084; x_wconf 90' lang='lat' dir='ltr'>atque</span> <span class='ocrx_word' id='word_1_107' title='bbox 405 2003 650 2066; x_wconf 89' lang='lat' dir='ltr'>mandavimus</span> <span class='ocrx_word' id='word_1_108' title='bbox 682 2025 815 2086; x_wconf 91' lang='lat' dir='ltr'>eosque</span> <span class='ocrx_word' id='word_1_109' title='bbox 846 2005 949 2088; x_wconf 91' lang='lat' dir='ltr'>penis</span> <span class='ocrx_word' id='word_1_110' title='bbox 980 2014 1104 2066; x_wconf 89' lang='lat' dir='ltr'>contra</span> <span class='ocrx_word' id='word_1_111' title='bbox 1136 2004 1228 2064; x_wconf 91' lang='lat' dir='ltr'>tales</span> <span class='ocrx_word' id='word_1_112' title='bbox 1258 2021 1279 2061; x_wconf 92' lang='lat' dir='ltr'>a</span> <span class='ocrx_word' id='word_1_113' title='bbox 1299 2000 1377 2080; x_wconf 91' lang='lat' dir='ltr'>jure</span> <span class='ocrx_word' id='word_1_114' title='bbox 1408 1993 1550 2058; x_wconf 89' lang='lat' dir='ltr'>inflictis</span> 
     </span>
     <span class='ocr_line' id='line_1_15' title="bbox 270 2104 1550 2192; baseline -0.007 -21"><span class='ocrx_word' id='word_1_115' title='bbox 270 2109 482 2173; x_wconf 90' lang='lat' dir='ltr'>subiecimus</span> <span class='ocrx_word' id='word_1_116' title='bbox 515 2119 551 2172; x_wconf 91' lang='lat' dir='ltr'>et</span> <span class='ocrx_word' id='word_1_117' title='bbox 581 2111 714 2174; x_wconf 91' lang='lat' dir='ltr'>eisdem</span> <span class='ocrx_word' id='word_1_118' title='bbox 745 2113 902 2175; x_wconf 88' lang='lat' dir='ltr'>irretitos</span> <span class='ocrx_word' id='word_1_119' title='bbox 928 2131 1007 2174; x_wconf 86' lang='lat' dir='ltr'>esse</span> <span class='ocrx_word' id='word_1_120' title='bbox 1030 2131 1095 2192; x_wconf 94' lang='lat' dir='ltr'>per</span> <span class='ocrx_word' id='word_1_121' title='bbox 1119 2109 1290 2190; x_wconf 90' lang='lat' dir='ltr'>quasdam</span> <span class='ocrx_word' id='word_1_122' title='bbox 1314 2109 1379 2168; x_wconf 92' lang='lat' dir='ltr'>sub</span> <span class='ocrx_word' id='word_1_123' title='bbox 1403 2104 1550 2186; x_wconf 90' lang='lat' dir='ltr'>plumbo</span> 
     </span>
     <span class='ocr_line' id='line_1_16' title="bbox 270 2212 1549 2300; baseline -0.006 -22"><span class='ocrx_word' id='word_1_124' title='bbox 270 2216 492 2280; x_wconf 91' lang='lat' dir='ltr'>decrevimus</span> <span class='ocrx_word' id='word_1_125' title='bbox 509 2226 544 2280; x_wconf 91' lang='lat' dir='ltr'>et</span> <span class='ocrx_word' id='word_1_126' title='bbox 563 2218 832 2298; x_wconf 88' lang='lat' dir='ltr'>declaravimus,</span> <span class='ocrx_word' id='word_1_127' title='bbox 857 2239 899 2281; x_wconf 89' lang='lat' dir='ltr'>ac</span> <span class='ocrx_word' id='word_1_128' title='bbox 924 2239 989 2300; x_wconf 94' lang='lat' dir='ltr'>per</span> <span class='ocrx_word' id='word_1_129' title='bbox 1013 2217 1101 2280; x_wconf 89' lang='lat' dir='ltr'>alias</span> <span class='ocrx_word' id='word_1_130' title='bbox 1125 2225 1264 2278; x_wconf 89' lang='lat' dir='ltr'>nostras</span> <span class='ocrx_word' id='word_1_131' title='bbox 1287 2214 1322 2275; x_wconf 91' lang='lat' dir='ltr'>in</span> <span class='ocrx_word' id='word_1_132' title='bbox 1341 2213 1457 2274; x_wconf 89' lang='lat' dir='ltr'>forma</span> <span class='ocrx_word' id='word_1_133' title='bbox 1471 2212 1549 2271; x_wconf 91' lang='lat' dir='ltr'>bre·</span> 
     </span>
     <span class='ocr_line' id='line_1_17' title="bbox 269 2314 1550 2406; baseline -0.006 -22"><span class='ocrx_word' id='word_1_134' title='bbox 269 2323 323 2384; x_wconf 92' lang='lat' dir='ltr'>vis</span> <span class='ocrx_word' id='word_1_135' title='bbox 347 2323 483 2384; x_wconf 88' lang='lat' dir='ltr'>litteras</span> <span class='ocrx_word' id='word_1_136' title='bbox 508 2325 860 2406; x_wconf 87' lang='lat' dir='ltr'>circumspectionem</span> <span class='ocrx_word' id='word_1_137' title='bbox 883 2335 991 2404; x_wconf 89' lang='lat' dir='ltr'>tuam,</span> <span class='ocrx_word' id='word_1_138' title='bbox 1016 2327 1166 2387; x_wconf 91' lang='lat' dir='ltr'>Alberte</span> <span class='ocrx_word' id='word_1_139' title='bbox 1185 2319 1393 2398; x_wconf 89' lang='lat' dir='ltr'>Cardinalis,</span> <span class='ocrx_word' id='word_1_140' title='bbox 1417 2314 1550 2379; x_wconf 87' lang='lat' dir='ltr'>hortati</span> 
     </span>
     <span class='ocr_line' id='line_1_18' title="bbox 270 2421 1551 2514; baseline -0.009 -22"><span class='ocrx_word' id='word_1_141' title='bbox 270 2429 399 2492; x_wconf 92' lang='lat' dir='ltr'>fuimus</span> <span class='ocrx_word' id='word_1_142' title='bbox 429 2439 466 2491; x_wconf 91' lang='lat' dir='ltr'>ut</span> <span class='ocrx_word' id='word_1_143' title='bbox 499 2429 635 2494; x_wconf 88' lang='lat' dir='ltr'>litteras</span> <span class='ocrx_word' id='word_1_144' title='bbox 670 2433 850 2514; x_wconf 91' lang='lat' dir='ltr'>predictas</span> <span class='ocrx_word' id='word_1_145' title='bbox 884 2432 918 2494; x_wconf 92' lang='lat' dir='ltr'>in</span> <span class='ocrx_word' id='word_1_146' title='bbox 953 2434 1126 2494; x_wconf 92' lang='lat' dir='ltr'>ambabus</span> <span class='ocrx_word' id='word_1_147' title='bbox 1159 2431 1229 2492; x_wconf 91' lang='lat' dir='ltr'>tuis</span> <span class='ocrx_word' id='word_1_148' title='bbox 1263 2421 1551 2508; x_wconf 87' lang='lat' dir='ltr'>Metropolitanis</span> 
     </span>
     <span class='ocr_line' id='line_1_19' title="bbox 270 2533 1575 2621; baseline -0.006 -23"><span class='ocrx_word' id='word_1_149' title='bbox 270 2536 480 2616; x_wconf 87' lang='lat' dir='ltr'>Maguntina</span> <span class='ocrx_word' id='word_1_150' title='bbox 511 2548 546 2599; x_wconf 87' lang='lat' dir='ltr'>et</span> <span class='ocrx_word' id='word_1_151' title='bbox 569 2539 877 2621; x_wconf 87' lang='lat' dir='ltr'>Magdeburgensi</span> <span class='ocrx_word' id='word_1_152' title='bbox 904 2560 946 2603; x_wconf 90' lang='lat' dir='ltr'>ac</span> <span class='ocrx_word' id='word_1_153' title='bbox 970 2539 1099 2602; x_wconf 90' lang='lat' dir='ltr'>ceteris</span> <span class='ocrx_word' id='word_1_154' title='bbox 1122 2537 1285 2601; x_wconf 91' lang='lat' dir='ltr'>omnibus</span> <span class='ocrx_word' id='word_1_155' title='bbox 1309 2533 1575 2613; x_wconf 58' lang='lat' dir='ltr'>suffraganeo-1</span> 
     </span>
     <span class='ocr_line' id='line_1_20' title="bbox 269 2643 1549 2727; baseline -0.006 -23"><span class='ocrx_word' id='word_1_156' title='bbox 269 2663 344 2705; x_wconf 91' lang='lat' dir='ltr'>rum</span> <span class='ocrx_word' id='word_1_157' title='bbox 371 2654 406 2705; x_wconf 93' lang='lat' dir='ltr'>et</span> <span class='ocrx_word' id='word_1_158' title='bbox 422 2643 698 2727; x_wconf 88' lang='lat' dir='ltr'>Episcopatuum</span> <span class='ocrx_word' id='word_1_159' title='bbox 713 2657 851 2708; x_wconf 91' lang='lat' dir='ltr'>tuorum</span> <span class='ocrx_word' id='word_1_160' title='bbox 873 2646 1033 2709; x_wconf 90' lang='lat' dir='ltr'>ecclesiis</span> <span class='ocrx_word' id='word_1_161' title='bbox 1057 2645 1306 2727; x_wconf 58' lang='lat' dir='ltr'>publicandam</span> <span class='ocrx_word' id='word_1_162' title='bbox 1332 2659 1464 2720; x_wconf 90' lang='lat' dir='ltr'>easque</span> <span class='ocrx_word' id='word_1_163' title='bbox 1487 2655 1549 2717; x_wconf 92' lang='lat' dir='ltr'>po-</span> 
     </span>
     <span class='ocr_line' id='line_1_21' title="bbox 269 2745 1550 2834; baseline -0.006 -22"><span class='ocrx_word' id='word_1_164' title='bbox 269 2751 362 2832; x_wconf 90' lang='lat' dir='ltr'>pulis</span> <span class='ocrx_word' id='word_1_165' title='bbox 385 2751 477 2813; x_wconf 89' lang='lat' dir='ltr'>inter</span> <span class='ocrx_word' id='word_1_166' title='bbox 500 2751 621 2814; x_wconf 92' lang='lat' dir='ltr'>divina</span> <span class='ocrx_word' id='word_1_167' title='bbox 645 2754 880 2816; x_wconf 87' lang='lat' dir='ltr'>declarandas</span> <span class='ocrx_word' id='word_1_168' title='bbox 904 2774 945 2816; x_wconf 89' lang='lat' dir='ltr'>ac</span> <span class='ocrx_word' id='word_1_169' title='bbox 969 2764 1051 2834; x_wconf 91' lang='lat' dir='ltr'>post</span> <span class='ocrx_word' id='word_1_170' title='bbox 1074 2752 1351 2834; x_wconf 88' lang='lat' dir='ltr'>publicationem</span> <span class='ocrx_word' id='word_1_171' title='bbox 1377 2758 1411 2809; x_wconf 89' lang='lat' dir='ltr'>et</span> <span class='ocrx_word' id='word_1_172' title='bbox 1433 2745 1550 2806; x_wconf 91' lang='lat' dir='ltr'>decla-</span> 
     </span>
     <span class='ocr_line' id='line_1_22' title="bbox 269 2849 1552 2937; baseline -0.008 -16"><span class='ocrx_word' id='word_1_173' title='bbox 269 2858 441 2923; x_wconf 92' lang='lat' dir='ltr'>rationem</span> <span class='ocrx_word' id='word_1_174' title='bbox 466 2860 664 2922; x_wconf 90' lang='lat' dir='ltr'>huiusmodi</span> <span class='ocrx_word' id='word_1_175' title='bbox 689 2864 851 2925; x_wconf 90' lang='lat' dir='ltr'>eumdem</span> <span class='ocrx_word' id='word_1_176' title='bbox 867 2860 1161 2925; x_wconf 83' lang='lat' dir='ltr'>Martinumcum</span> <span class='ocrx_word' id='word_1_177' title='bbox 1185 2860 1257 2923; x_wconf 92' lang='lat' dir='ltr'>suis</span> <span class='ocrx_word' id='word_1_178' title='bbox 1281 2855 1493 2937; x_wconf 88' lang='lat' dir='ltr'>sequacibus</span> <span class='ocrx_word' id='word_1_179' title='bbox 1522 2849 1552 2912; x_wconf 87' lang='lat' dir='ltr'>si</span> 
     </span>
     <span class='ocr_line' id='line_1_23' title="bbox 269 2960 1552 3048; baseline -0.007 -19"><span class='ocrx_word' id='word_1_180' title='bbox 269 2966 500 3048; x_wconf 88' lang='lat' dir='ltr'>pertinaciter</span> <span class='ocrx_word' id='word_1_181' title='bbox 523 2978 796 3048; x_wconf 88' lang='lat' dir='ltr'>perseverarent</span> <span class='ocrx_word' id='word_1_182' title='bbox 819 2970 854 3031; x_wconf 90' lang='lat' dir='ltr'>in</span> <span class='ocrx_word' id='word_1_183' title='bbox 881 2989 1001 3031; x_wconf 91' lang='lat' dir='ltr'>errore</span> <span class='ocrx_word' id='word_1_184' title='bbox 1026 2971 1071 3030; x_wconf 91' lang='lat' dir='ltr'>ab</span> <span class='ocrx_word' id='word_1_185' title='bbox 1096 2966 1260 3030; x_wconf 89' lang='lat' dir='ltr'>omnibus</span> <span class='ocrx_word' id='word_1_186' title='bbox 1283 2963 1465 3026; x_wconf 88' lang='lat' dir='ltr'>vitandum</span> <span class='ocrx_word' id='word_1_187' title='bbox 1493 2960 1552 3021; x_wconf 88' lang='lat' dir='ltr'>vel</span> 
     </span>
     <span class='ocr_line' id='line_1_24' title="bbox 270 3068 1551 3157; baseline -0.005 -21"><span class='ocrx_word' id='word_1_188' title='bbox 270 3074 377 3136; x_wconf 88' lang='lat' dir='ltr'>etiam</span> <span class='ocrx_word' id='word_1_189' title='bbox 410 3074 622 3155; x_wconf 88' lang='lat' dir='ltr'>capiendum</span> <span class='ocrx_word' id='word_1_190' title='bbox 655 3094 799 3139; x_wconf 89' lang='lat' dir='ltr'>curares</span> <span class='ocrx_word' id='word_1_191' title='bbox 830 3086 866 3138; x_wconf 90' lang='lat' dir='ltr'>et</span> <span class='ocrx_word' id='word_1_192' title='bbox 890 3077 1062 3157; x_wconf 84' lang='lat' dir='ltr'>studeres,</span> <span class='ocrx_word' id='word_1_193' title='bbox 1092 3074 1310 3153; x_wconf 91' lang='lat' dir='ltr'>Nunciisque</span> <span class='ocrx_word' id='word_1_194' title='bbox 1344 3068 1473 3132; x_wconf 89' lang='lat' dir='ltr'>nostris</span> <span class='ocrx_word' id='word_1_195' title='bbox 1503 3070 1551 3131; x_wconf 90' lang='lat' dir='ltr'>ab</span> 
     </span>
     <span class='ocr_line' id='line_1_25' title="bbox 269 3181 1551 3269; baseline -0.005 -26"><span class='ocrx_word' id='word_1_196' title='bbox 269 3183 336 3243; x_wconf 88' lang='lat' dir='ltr'>hac</span> <span class='ocrx_word' id='word_1_197' title='bbox 367 3192 490 3269; x_wconf 85' lang='lat' dir='ltr'>sancta</span> <span class='ocrx_word' id='word_1_198' title='bbox 522 3182 607 3243; x_wconf 89' lang='lat' dir='ltr'>sede</span> <span class='ocrx_word' id='word_1_199' title='bbox 637 3182 683 3243; x_wconf 91' lang='lat' dir='ltr'>ad</span> <span class='ocrx_word' id='word_1_200' title='bbox 714 3183 781 3245; x_wconf 93' lang='lat' dir='ltr'>hoc</span> <span class='ocrx_word' id='word_1_201' title='bbox 816 3182 1004 3264; x_wconf 84' lang='lat' dir='ltr'>negocium</span> <span class='ocrx_word' id='word_1_202' title='bbox 1037 3181 1223 3245; x_wconf 84' lang='lat' dir='ltr'>destinatis</span> <span class='ocrx_word' id='word_1_203' title='bbox 1247 3198 1386 3241; x_wconf 89' lang='lat' dir='ltr'>omnem</span> <span class='ocrx_word' id='word_1_204' title='bbox 1410 3186 1445 3239; x_wconf 92' lang='lat' dir='ltr'>et</span> <span class='ocrx_word' id='word_1_205' title='bbox 1469 3195 1551 3237; x_wconf 90' lang='lat' dir='ltr'>con·</span> 
     </span>
     <span class='ocr_line' id='line_1_26' title="bbox 270 3284 1553 3371; baseline -0.004 -22"><span class='ocrx_word' id='word_1_206' title='bbox 270 3287 337 3349; x_wconf 90' lang='lat' dir='ltr'>silii</span> <span class='ocrx_word' id='word_1_207' title='bbox 368 3286 528 3349; x_wconf 84' lang='lat' dir='ltr'>favorem</span> <span class='ocrx_word' id='word_1_208' title='bbox 560 3298 595 3349; x_wconf 92' lang='lat' dir='ltr'>et</span> <span class='ocrx_word' id='word_1_209' title='bbox 625 3288 746 3351; x_wconf 90' lang='lat' dir='ltr'>auxilii</span> <span class='ocrx_word' id='word_1_210' title='bbox 778 3308 898 3352; x_wconf 88' lang='lat' dir='ltr'>curam</span> <span class='ocrx_word' id='word_1_211' title='bbox 930 3289 1157 3371; x_wconf 87' lang='lat' dir='ltr'>impenderes</span> <span class='ocrx_word' id='word_1_212' title='bbox 1193 3295 1300 3369; x_wconf 90' lang='lat' dir='ltr'>prout</span> <span class='ocrx_word' id='word_1_213' title='bbox 1334 3285 1368 3347; x_wconf 90' lang='lat' dir='ltr'>in</span> <span class='ocrx_word' id='word_1_214' title='bbox 1402 3284 1553 3364; x_wconf 87' lang='lat' dir='ltr'>singulis</span> 
     </span>
     <span class='ocr_line' id='line_1_27' title="bbox 269 3390 1552 3477; baseline -0.002 -21"><span class='ocrx_word' id='word_1_215' title='bbox 269 3393 396 3456; x_wconf 91' lang='lat' dir='ltr'>litteris</span> <span class='ocrx_word' id='word_1_216' title='bbox 419 3394 590 3474; x_wconf 89' lang='lat' dir='ltr'>predictis</span> <span class='ocrx_word' id='word_1_217' title='bbox 605 3394 745 3475; x_wconf 89' lang='lat' dir='ltr'>plenius</span> <span class='ocrx_word' id='word_1_218' title='bbox 764 3396 976 3459; x_wconf 89' lang='lat' dir='ltr'>continetur.</span> <span class='ocrx_word' id='word_1_219' title='bbox 1010 3394 1096 3458; x_wconf 88' lang='lat' dir='ltr'>Cum</span> <span class='ocrx_word' id='word_1_220' title='bbox 1114 3414 1227 3477; x_wconf 89' lang='lat' dir='ltr'>nuper</span> <span class='ocrx_word' id='word_1_221' title='bbox 1242 3402 1371 3473; x_wconf 91' lang='lat' dir='ltr'>autem,</span> <span class='ocrx_word' id='word_1_222' title='bbox 1388 3411 1458 3453; x_wconf 92' lang='lat' dir='ltr'>non</span> <span class='ocrx_word' id='word_1_223' title='bbox 1474 3390 1552 3453; x_wconf 89' lang='lat' dir='ltr'>sine</span> 
     </span>
     <span class='ocr_line' id='line_1_28' title="bbox 269 3497 1551 3583; baseline 0 -22"><span class='ocrx_word' id='word_1_224' title='bbox 269 3500 373 3581; x_wconf 86' lang='lat' dir='ltr'>gravi</span> <span class='ocrx_word' id='word_1_225' title='bbox 399 3499 504 3562; x_wconf 93' lang='lat' dir='ltr'>animi</span> <span class='ocrx_word' id='word_1_226' title='bbox 539 3501 649 3563; x_wconf 90' lang='lat' dir='ltr'>nostri</span> <span class='ocrx_word' id='word_1_227' title='bbox 672 3502 834 3563; x_wconf 87' lang='lat' dir='ltr'>molestia</span> <span class='ocrx_word' id='word_1_228' title='bbox 860 3511 896 3565; x_wconf 91' lang='lat' dir='ltr'>et</span> <span class='ocrx_word' id='word_1_229' title='bbox 920 3502 1046 3565; x_wconf 89' lang='lat' dir='ltr'>mentis</span> <span class='ocrx_word' id='word_1_230' title='bbox 1070 3501 1349 3583; x_wconf 84' lang='lat' dir='ltr'>perturbatione,</span> <span class='ocrx_word' id='word_1_231' title='bbox 1373 3497 1551 3579; x_wconf 86' lang='lat' dir='ltr'>acceperi-</span> 
     </span>
     <span class='ocr_line' id='line_1_29' title="bbox 269 3607 1552 3690; baseline -0.002 -21"><span class='ocrx_word' id='word_1_232' title='bbox 269 3628 345 3669; x_wconf 92' lang='lat' dir='ltr'>mus</span> <span class='ocrx_word' id='word_1_233' title='bbox 378 3608 472 3689; x_wconf 90' lang='lat' dir='ltr'>quod</span> <span class='ocrx_word' id='word_1_234' title='bbox 504 3607 580 3688; x_wconf 88' lang='lat' dir='ltr'>ipse</span> <span class='ocrx_word' id='word_1_235' title='bbox 602 3608 776 3670; x_wconf 88' lang='lat' dir='ltr'>Martinus</span> <span class='ocrx_word' id='word_1_236' title='bbox 799 3608 996 3689; x_wconf 91' lang='lat' dir='ltr'>iniquitatis</span> <span class='ocrx_word' id='word_1_237' title='bbox 1019 3608 1112 3671; x_wconf 89' lang='lat' dir='ltr'>filius</span> <span class='ocrx_word' id='word_1_238' title='bbox 1134 3609 1171 3671; x_wconf 92' lang='lat' dir='ltr'>in</span> <span class='ocrx_word' id='word_1_239' title='bbox 1194 3610 1385 3690; x_wconf 92' lang='lat' dir='ltr'>reprobum</span> <span class='ocrx_word' id='word_1_240' title='bbox 1408 3624 1552 3669; x_wconf 90' lang='lat' dir='ltr'>sensum</span> 
     </span>
     <span class='ocr_line' id='line_1_30' title="bbox 270 3712 1552 3796; baseline -0.002 -21"><span class='ocrx_word' id='word_1_241' title='bbox 270 3732 387 3796; x_wconf 92' lang='lat' dir='ltr'>ymmo</span> <span class='ocrx_word' id='word_1_242' title='bbox 412 3733 497 3777; x_wconf 90' lang='lat' dir='ltr'>vero</span> <span class='ocrx_word' id='word_1_243' title='bbox 522 3713 557 3775; x_wconf 91' lang='lat' dir='ltr'>in</span> <span class='ocrx_word' id='word_1_244' title='bbox 580 3713 752 3777; x_wconf 89' lang='lat' dir='ltr'>insaniam</span> <span class='ocrx_word' id='word_1_245' title='bbox 778 3735 902 3777; x_wconf 90' lang='lat' dir='ltr'>versus</span> <span class='ocrx_word' id='word_1_246' title='bbox 926 3732 996 3778; x_wconf 91' lang='lat' dir='ltr'>non</span> <span class='ocrx_word' id='word_1_247' title='bbox 1022 3718 1136 3780; x_wconf 89' lang='lat' dir='ltr'>solum</span> <span class='ocrx_word' id='word_1_248' title='bbox 1160 3735 1300 3779; x_wconf 88' lang='lat' dir='ltr'>errores</span> <span class='ocrx_word' id='word_1_249' title='bbox 1324 3734 1407 3776; x_wconf 91' lang='lat' dir='ltr'>suos</span> <span class='ocrx_word' id='word_1_250' title='bbox 1434 3712 1552 3794; x_wconf 91' lang='lat' dir='ltr'>predi·</span> 
     </span>
     <span class='ocr_line' id='line_1_31' title="bbox 270 3820 1552 3904; baseline 0.001 -24"><span class='ocrx_word' id='word_1_251' title='bbox 270 3829 346 3883; x_wconf 89' lang='lat' dir='ltr'>ctos</span> <span class='ocrx_word' id='word_1_252' title='bbox 382 3840 552 3883; x_wconf 88' lang='lat' dir='ltr'>revocare</span> <span class='ocrx_word' id='word_1_253' title='bbox 589 3830 624 3883; x_wconf 90' lang='lat' dir='ltr'>et</span> <span class='ocrx_word' id='word_1_254' title='bbox 659 3822 835 3884; x_wconf 91' lang='lat' dir='ltr'>mandatis</span> <span class='ocrx_word' id='word_1_255' title='bbox 871 3822 1001 3885; x_wconf 90' lang='lat' dir='ltr'>nostris</span> <span class='ocrx_word' id='word_1_256' title='bbox 1036 3842 1164 3904; x_wconf 91' lang='lat' dir='ltr'>parere</span> <span class='ocrx_word' id='word_1_257' title='bbox 1197 3820 1410 3902; x_wconf 88' lang='lat' dir='ltr'>contempsit</span> <span class='ocrx_word' id='word_1_258' title='bbox 1442 3828 1552 3901; x_wconf 91' lang='lat' dir='ltr'>atque</span> 
     </span>
     <span class='ocr_line' id='line_1_32' title="bbox 269 3927 1550 4009; baseline -0.002 -20"><span class='ocrx_word' id='word_1_259' title='bbox 269 3927 443 4007; x_wconf 84' lang='lat' dir='ltr'>neglexit,</span> <span class='ocrx_word' id='word_1_260' title='bbox 468 3946 590 3989; x_wconf 91' lang='lat' dir='ltr'>verum</span> <span class='ocrx_word' id='word_1_261' title='bbox 616 3928 721 3990; x_wconf 89' lang='lat' dir='ltr'>etiam</span> <span class='ocrx_word' id='word_1_262' title='bbox 747 3930 949 4009; x_wconf 89' lang='lat' dir='ltr'>complures</span> <span class='ocrx_word' id='word_1_263' title='bbox 973 3928 1063 3991; x_wconf 86' lang='lat' dir='ltr'>alios</span> <span class='ocrx_word' id='word_1_264' title='bbox 1087 3928 1227 3991; x_wconf 90' lang='lat' dir='ltr'>libellos</span> <span class='ocrx_word' id='word_1_265' title='bbox 1251 3929 1426 3990; x_wconf 89' lang='lat' dir='ltr'>boemiam</span> <span class='ocrx_word' id='word_1_266' title='bbox 1450 3928 1550 3989; x_wconf 89' lang='lat' dir='ltr'>here·</span> 
     </span>
     <span class='ocr_line' id='line_1_33' title="bbox 270 4032 1554 4116; baseline 0 -21"><span class='ocrx_word' id='word_1_267' title='bbox 270 4032 333 4095; x_wconf 92' lang='lat' dir='ltr'>sim</span> <span class='ocrx_word' id='word_1_268' title='bbox 363 4033 546 4115; x_wconf 85' lang='lat' dir='ltr'>professus</span> <span class='ocrx_word' id='word_1_269' title='bbox 577 4033 754 4115; x_wconf 91' lang='lat' dir='ltr'>prioribus</span> <span class='ocrx_word' id='word_1_270' title='bbox 780 4035 922 4116; x_wconf 90' lang='lat' dir='ltr'>peiores</span> <span class='ocrx_word' id='word_1_271' title='bbox 947 4044 1072 4099; x_wconf 90' lang='lat' dir='ltr'>contra</span> <span class='ocrx_word' id='word_1_272' title='bbox 1096 4047 1252 4098; x_wconf 89' lang='lat' dir='ltr'>nostrum</span> <span class='ocrx_word' id='word_1_273' title='bbox 1278 4045 1313 4097; x_wconf 89' lang='lat' dir='ltr'>et</span> <span class='ocrx_word' id='word_1_274' title='bbox 1337 4036 1430 4098; x_wconf 91' lang='lat' dir='ltr'>dicte</span> <span class='ocrx_word' id='word_1_275' title='bbox 1454 4034 1554 4095; x_wconf 89' lang='lat' dir='ltr'>sedis</span> 
     </span>
     <span class='ocr_line' id='line_1_34' title="bbox 270 4139 1553 4225; baseline 0 -23"><span class='ocrx_word' id='word_1_276' title='bbox 270 4142 441 4203; x_wconf 90' lang='lat' dir='ltr'>honorem</span> <span class='ocrx_word' id='word_1_277' title='bbox 476 4143 584 4204; x_wconf 90' lang='lat' dir='ltr'>edere</span> <span class='ocrx_word' id='word_1_278' title='bbox 617 4152 653 4203; x_wconf 90' lang='lat' dir='ltr'>et</span> <span class='ocrx_word' id='word_1_279' title='bbox 675 4142 860 4225; x_wconf 86' lang='lat' dir='ltr'>publicare</span> <span class='ocrx_word' id='word_1_280' title='bbox 891 4162 960 4205; x_wconf 92' lang='lat' dir='ltr'>non</span> <span class='ocrx_word' id='word_1_281' title='bbox 987 4142 1141 4221; x_wconf 91' lang='lat' dir='ltr'>erubuit,</span> <span class='ocrx_word' id='word_1_282' title='bbox 1166 4153 1202 4206; x_wconf 92' lang='lat' dir='ltr'>et</span> <span class='ocrx_word' id='word_1_283' title='bbox 1225 4153 1398 4224; x_wconf 90' lang='lat' dir='ltr'>operante</span> <span class='ocrx_word' id='word_1_284' title='bbox 1423 4139 1553 4203; x_wconf 87' lang='lat' dir='ltr'>Satore</span> 
     </span>
     <span class='ocr_line' id='line_1_35' title="bbox 270 4247 1553 4332; baseline 0.002 -23"><span class='ocrx_word' id='word_1_285' title='bbox 270 4247 411 4328; x_wconf 91' lang='lat' dir='ltr'>zizanie,</span> <span class='ocrx_word' id='word_1_286' title='bbox 436 4247 644 4328; x_wconf 86' lang='lat' dir='ltr'>pestiferum</span> <span class='ocrx_word' id='word_1_287' title='bbox 670 4248 766 4311; x_wconf 92' lang='lat' dir='ltr'>virus</span> <span class='ocrx_word' id='word_1_288' title='bbox 790 4250 940 4312; x_wconf 92' lang='lat' dir='ltr'>suumin</span> <span class='ocrx_word' id='word_1_289' title='bbox 957 4250 1033 4313; x_wconf 88' lang='lat' dir='ltr'>dies</span> <span class='ocrx_word' id='word_1_290' title='bbox 1047 4250 1162 4332; x_wconf 90' lang='lat' dir='ltr'>magis</span> <span class='ocrx_word' id='word_1_291' title='bbox 1178 4270 1346 4313; x_wconf 88' lang='lat' dir='ltr'>evomens</span> <span class='ocrx_word' id='word_1_292' title='bbox 1362 4250 1553 4311; x_wconf 90' lang='lat' dir='ltr'>multorum</span> 
     </span>
     <span class='ocr_line' id='line_1_36' title="bbox 270 4354 1551 4438; baseline 0.002 -21"><span class='ocrx_word' id='word_1_293' title='bbox 270 4354 480 4437; x_wconf 89' lang='lat' dir='ltr'>simplicium</span> <span class='ocrx_word' id='word_1_294' title='bbox 504 4354 639 4418; x_wconf 87' lang='lat' dir='ltr'>animas</span> <span class='ocrx_word' id='word_1_295' title='bbox 663 4358 729 4418; x_wconf 92' lang='lat' dir='ltr'>sub</span> <span class='ocrx_word' id='word_1_296' title='bbox 753 4365 921 4437; x_wconf 87' lang='lat' dir='ltr'>pretextu</span> <span class='ocrx_word' id='word_1_297' title='bbox 941 4356 1103 4421; x_wconf 90' lang='lat' dir='ltr'>simulate</span> <span class='ocrx_word' id='word_1_298' title='bbox 1118 4356 1280 4420; x_wconf 89' lang='lat' dir='ltr'>veritatis</span> <span class='ocrx_word' id='word_1_299' title='bbox 1296 4356 1463 4438; x_wconf 88' lang='lat' dir='ltr'>decipere</span> <span class='ocrx_word' id='word_1_300' title='bbox 1478 4374 1551 4419; x_wconf 90' lang='lat' dir='ltr'>non</span> 
     </span>
     <span class='ocr_line' id='line_1_37' title="bbox 270 4448 1554 4545; baseline 0.002 -22"><span class='ocrx_word' id='word_1_301' title='bbox 270 4448 420 4541; x_wconf 89' lang='lat' dir='ltr'>desistit,</span> <span class='ocrx_word' id='word_1_302' title='bbox 444 4462 523 4525; x_wconf 88' lang='lat' dir='ltr'>illas</span> <span class='ocrx_word' id='word_1_303' title='bbox 539 4473 662 4525; x_wconf 92' lang='lat' dir='ltr'>eterno</span> <span class='ocrx_word' id='word_1_304' title='bbox 679 4473 848 4545; x_wconf 86' lang='lat' dir='ltr'>satagens</span> <span class='ocrx_word' id='word_1_305' title='bbox 864 4464 941 4545; x_wconf 86' lang='lat' dir='ltr'>igni</span> <span class='ocrx_word' id='word_1_306' title='bbox 956 4464 1196 4528; x_wconf 90' lang='lat' dir='ltr'>transmittere</span> <span class='ocrx_word' id='word_1_307' title='bbox 1219 4465 1488 4541; x_wconf 87' lang='lat' dir='ltr'>consumendas,</span> <span class='ocrx_word' id='word_1_308' title='bbox 1515 4472 1554 4526; x_wconf 93' lang='lat' dir='ltr'>et</span> 
     </span>
     <span class='ocr_line' id='line_1_38' title="bbox 270 4567 1553 4653; baseline 0.001 -24"><span class='ocrx_word' id='word_1_309' title='bbox 270 4570 413 4649; x_wconf 85' lang='lat' dir='ltr'>quidam</span> <span class='ocrx_word' id='word_1_310' title='bbox 437 4567 668 4632; x_wconf 90' lang='lat' dir='ltr'>Willibaldus</span> <span class='ocrx_word' id='word_1_311' title='bbox 700 4572 961 4653; x_wconf 90' lang='lat' dir='ltr'>brechhaymer</span> <span class='ocrx_word' id='word_1_312' title='bbox 992 4581 1029 4634; x_wconf 92' lang='lat' dir='ltr'>et</span> <span class='ocrx_word' id='word_1_313' title='bbox 1052 4571 1194 4634; x_wconf 90' lang='lat' dir='ltr'>Ulricus</span> <span class='ocrx_word' id='word_1_314' title='bbox 1225 4572 1270 4633; x_wconf 89' lang='lat' dir='ltr'>de</span> <span class='ocrx_word' id='word_1_315' title='bbox 1293 4573 1403 4634; x_wconf 92' lang='lat' dir='ltr'>huten</span> <span class='ocrx_word' id='word_1_316' title='bbox 1426 4589 1468 4630; x_wconf 91' lang='lat' dir='ltr'>ac</span> <span class='ocrx_word' id='word_1_317' title='bbox 1492 4569 1553 4649; x_wconf 86' lang='lat' dir='ltr'>Jo-</span> 
     </span>
     <span class='ocr_line' id='line_1_39' title="bbox 269 4674 1553 4759; baseline 0.002 -22"><span class='ocrx_word' id='word_1_318' title='bbox 269 4676 406 4738; x_wconf 90' lang='lat' dir='ltr'>hannes</span> <span class='ocrx_word' id='word_1_319' title='bbox 438 4674 618 4759; x_wconf 90' lang='lat' dir='ltr'>Spengler</span> <span class='ocrx_word' id='word_1_320' title='bbox 651 4675 778 4741; x_wconf 88' lang='lat' dir='ltr'>Scriba</span> <span class='ocrx_word' id='word_1_321' title='bbox 810 4675 964 4740; x_wconf 88' lang='lat' dir='ltr'>Senatus</span> <span class='ocrx_word' id='word_1_322' title='bbox 995 4677 1271 4758; x_wconf 88' lang='lat' dir='ltr'>Noribergensis</span> <span class='ocrx_word' id='word_1_323' title='bbox 1305 4678 1381 4741; x_wconf 90' lang='lat' dir='ltr'>eius</span> <span class='ocrx_word' id='word_1_324' title='bbox 1413 4677 1553 4739; x_wconf 90' lang='lat' dir='ltr'>insanie</span> 
     </span>
     <span class='ocr_line' id='line_1_40' title="bbox 271 4782 1553 4866; baseline 0.002 -22"><span class='ocrx_word' id='word_1_325' title='bbox 271 4784 484 4846; x_wconf 88' lang='lat' dir='ltr'>adherentes</span> <span class='ocrx_word' id='word_1_326' title='bbox 500 4804 542 4847; x_wconf 89' lang='lat' dir='ltr'>ac</span> <span class='ocrx_word' id='word_1_327' title='bbox 560 4784 636 4847; x_wconf 90' lang='lat' dir='ltr'>eius</span> <span class='ocrx_word' id='word_1_328' title='bbox 660 4784 792 4865; x_wconf 88' lang='lat' dir='ltr'>scripta</span> <span class='ocrx_word' id='word_1_329' title='bbox 816 4782 1096 4866; x_wconf 88' lang='lat' dir='ltr'>magnificantes,</span> <span class='ocrx_word' id='word_1_330' title='bbox 1119 4806 1191 4848; x_wconf 91' lang='lat' dir='ltr'>non</span> <span class='ocrx_word' id='word_1_331' title='bbox 1212 4785 1326 4847; x_wconf 91' lang='lat' dir='ltr'>minus</span> <span class='ocrx_word' id='word_1_332' title='bbox 1342 4784 1553 4866; x_wconf 89' lang='lat' dir='ltr'>impendere</span> 
     </span>
     <span class='ocr_line' id='line_1_41' title="bbox 271 4889 1553 4978; baseline 0 -25"><span class='ocrx_word' id='word_1_333' title='bbox 271 4900 307 4953; x_wconf 88' lang='lat' dir='ltr'>et</span> <span class='ocrx_word' id='word_1_334' title='bbox 330 4889 450 4953; x_wconf 89' lang='lat' dir='ltr'>facere</span> <span class='ocrx_word' id='word_1_335' title='bbox 474 4890 648 4973; x_wconf 87' lang='lat' dir='ltr'>nituntur,</span> <span class='ocrx_word' id='word_1_336' title='bbox 673 4890 748 4954; x_wconf 88' lang='lat' dir='ltr'>Nos</span> <span class='ocrx_word' id='word_1_337' title='bbox 773 4890 855 4973; x_wconf 91' lang='lat' dir='ltr'>quia</span> <span class='ocrx_word' id='word_1_338' title='bbox 884 4911 1022 4960; x_wconf 87' lang='lat' dir='ltr'>veneno</span> <span class='ocrx_word' id='word_1_339' title='bbox 1046 4891 1235 4974; x_wconf 87' lang='lat' dir='ltr'>heresique</span> <span class='ocrx_word' id='word_1_340' title='bbox 1259 4890 1395 4978; x_wconf 82' lang='lat' dir='ltr'>nefarie</span> <span class='ocrx_word' id='word_1_341' title='bbox 1418 4901 1454 4955; x_wconf 90' lang='lat' dir='ltr'>et</span> <span class='ocrx_word' id='word_1_342' title='bbox 1477 4892 1553 4954; x_wconf 86' lang='lat' dir='ltr'>labi</span> 
     </span>
    </p>
   </div>
   <div class='ocr_carea' id='block_1_3' title="bbox 0 0 1718 5700">
    <p class='ocr_par' dir='ltr' id='par_1_3' title="bbox 0 0 1718 5700">
     <span class='ocr_line' id='line_1_42' title="bbox 0 0 1718 5700; baseline 0 0"><span class='ocrx_word' id='word_1_343' title='bbox 0 0 1718 5700; x_wconf 95' lang='lat' dir='ltr'> </span> 
     </span>
    </p>
   </div>
  </div>
 </body>
</html>
