3425 5700
790 569 1037 627 varran*

274 727 393 781 tamen
417 717 452 779 in
467 715 750 798 impiissimarum
771 738 913 781 suarum
938 719 1230 800 propositionum,
1255 721 1433 802 pervicaci
1462 743 1553 786 asse·

274 825 435 888 vetantia
467 823 651 885 induratos
683 823 955 906 pertinacesque
991 845 1069 888 esse
1103 827 1374 909 cognovissent,
1399 849 1444 890 ne
1469 830 1553 910 quid

274 953 419 1015 prorsus
443 929 639 993 sedulitatis
663 929 699 992 in
725 949 829 993 aare
854 934 900 993 ab
925 931 1011 1013 ipsis
1036 934 1328 1016 desyderaretur,
1354 955 1423 998 non
1449 937 1553 998 modo

274 1041 427 1123 optimos
450 1058 490 1099 ac
515 1036 736 1099 doctissimos
760 1056 920 1119 quosque
945 1038 1020 1101 eius
1051 1040 1119 1103 loci
1144 1043 1406 1122 consuluerunt,
1433 1063 1552 1106 verum

275 1159 310 1209 et
344 1149 389 1209 ab
422 1147 499 1228 ipsa
530 1163 671 1225 quoque
708 1143 903 1208 Parisiensi
935 1143 1099 1210 Sorbona
1130 1149 1295 1211 doctores
1325 1150 1555 1214 adsciverunt

275 1256 411 1336 aliquot
434 1251 491 1333 qui
518 1253 599 1312 dum
625 1259 753 1313 exacta
776 1262 985 1334 maturaque
1011 1254 1282 1335 examinatione,
1308 1255 1431 1338 eaipsa
1446 1257 1555 1337 impia

275 1382 315 1423 ac
340 1360 453 1423 modis
478 1357 640 1420 omnibus
664 1357 846 1421 haeretica
876 1379 955 1422 esse
988 1359 1245 1443 comperissent
1284 1382 1374 1444 quae
1408 1366 1454 1425 ab
1486 1364 1555 1426 illis

276 1477 377 1530 erant
410 1466 456 1527 ad
489 1466 659 1546 populum
693 1465 905 1546 declamata,
939 1477 1046 1547 atque
1079 1467 1309 1548 pertinaciter
1345 1469 1449 1532 etiam
1483 1480 1555 1532 turn

276 1575 538 1649 asserebantur,
563 1591 684 1633 eorum
709 1573 871 1652 alterum,
896 1573 956 1654 qui
980 1575 1075 1655 apud
1100 1573 1283 1656 praefatos
1299 1574 1474 1639 Vicenses
1499 1578 1556 1639 de·

275 1680 471 1758 tinebatur,
502 1678 688 1741 ultricibus
719 1680 863 1741 tandem
895 1679 1098 1761 meritisque
1139 1679 1287 1745 flammis
1322 1683 1556 1747 tradiderunt.

275 1788 379 1869 Quod
403 1808 489 1849 sane
513 1796 745 1867 posteaquam
770 1797 954 1866 peractum
979 1797 1081 1869 esset,
1107 1789 1262 1869 regressi
1293 1789 1327 1852 in
1347 1789 1556 1853 -Metensem

274 1896 388 1977 ipsam
412 1894 590 1956 civitatem
615 1892 726 1955 nostri
751 1890 924 1972 officiarii,
950 1913 992 1956 eo
1017 1905 1098 1956 sunt
1122 1897 1282 1976 tumultu,
1308 1916 1351 1958 ea
1367 1895 1557 1976 seditione,

275 2023 318 2065 eo
342 2001 462 2063 furore
487 2021 508 2062 a
531 1999 710 2064 concitato
735 2001 1016 2080 perturbatoque
1033 2002 1167 2084 populo
1191 2001 1343 2083 excepti,
1368 2010 1407 2064 ut
1430 2023 1557 2083 parum

275 2107 448 2188 abfuerit,
481 2106 564 2187 quin
598 2126 720 2168 omnes
754 2108 798 2167 ad
839 2125 946 2168 unum
981 2106 1113 2169 indicta
1150 2128 1277 2171 caussa
1313 2109 1558 2172 crudelissime

275 2225 521 2279 mactarentur.
569 2214 684 2275 Tanta
713 2212 881 2274 videlicet
916 2223 992 2275 erat
1026 2213 1161 2294 rabieS,
1197 2235 1267 2277 non
1304 2214 1414 2297 ipsius
1449 2218 1558 2278 modo

275 2322 496 2403 plebeculae,
520 2322 583 2382 sed
609 2328 644 2380 et
668 2321 916 2381 nonnullorum
942 2339 1082 2400 quoque
1104 2315 1153 2381 ⁴ex
1178 2319 1264 2401 ipsis
1294 2320 1402 2384 totius
1436 2321 1554 2385 civita·

274 2429 319 2490 tis
342 2427 556 2510 primoribus
580 2447 669 2507 quos
694 2429 901 2489 seductores
925 2425 975 2487 illi
999 2425 1034 2488 in
1059 2426 1335 2507 perditissimam
1360 2448 1458 2491 suam
1484 2449 1558 2492 sec-

275 2547 346 2599 tam
371 2535 443 2597 suis
467 2533 534 2596 iam
559 2533 764 2616 praestigiis
789 2534 1023 2595 adduxerant.
1079 2531 1199 2614 Atque
1227 2533 1262 2596 in
1296 2536 1388 2596 hunc
1412 2536 1558 2599 modum

274 2641 514 2705 vociferantes
537 2641 720 2720 indignum
746 2639 898 2720 facinus,
930 2639 1025 2720 quod
1049 2642 1200 2721 probum
1225 2640 1360 2704 scilicet
1379 2641 1560 2706 hominem

274 2748 545 2825 interemissent,
570 2767 633 2809 eos
656 2748 754 2828 ipsos
778 2745 970 2808 officiarios
1006 2757 1158 2824 nostros,
1197 2767 1276 2809 cum
1308 2768 1437 2830 magna
1471 2749 1561 2814 sica-

273 2857 405 2919 riorum
430 2858 577 2919 cohorte
601 2855 826 2935 vestigarunt
849 2865 888 2916 ut
911 2854 1124 2935 ingularent.
1172 2852 1270 2934 Quos
1301 2856 1362 2917 ubi
1387 2856 1447 2918 diu
1472 2861 1560 2921 mul-

272 2974 416 3045 tumque
440 2962 619 3044 quaesitos
634 2982 700 3023 non
718 2972 866 3043 possent
890 2960 1061 3040 invenire,
1087 2960 1121 3023 in
1146 2962 1254 3023 aedes
1277 2964 1420 3025 tandem
1442 2964 1560 3027 cuius-

274 3072 354 3132 dam
379 3090 424 3131 ex
447 3068 626 3150 precipuis
658 3068 788 3130 nostris
821 3067 1075 3146 familiaribus,
1107 3066 1163 3128 cui
1196 3079 1341 3131 nostrae
1371 3067 1562 3135 Goziensis

274 3175 441 3239 abbatiae
466 3195 586 3237 curam
611 3174 830 3237 comissimus
839 3222 848 3254 ,
880 3194 949 3236 non
984 3173 1192 3237 dubitarunt
1226 3174 1436 3259 irrumpere,
1469 3198 1563 3259 quas

276 3304 318 3345 ea
342 3282 559 3345 immanitate
583 3280 833 3364 compilarunt,
866 3290 903 3342 ut
939 3302 1009 3343 non
1034 3281 1191 3343 contenti
1224 3284 1483 3364 supellectilem
1508 3294 1561 3348 to-

274 3399 345 3453 tam
369 3399 500 3471 quanta
524 3399 656 3469 quanta
681 3398 757 3449 erat
781 3386 988 3468 diripuisse,
1017 3386 1194 3451 fenestras
1228 3408 1369 3471 quoque
1393 3394 1490 3472 ipsas
1515 3412 1562 3457 ac

273 3496 449 3578 parietes,
484 3495 656 3557 effrenata
687 3515 751 3556 sua
783 3494 921 3557 insania
960 3492 1009 3555 ita
1040 3494 1285 3576 disruperunt,
1320 3505 1357 3558 ut
1389 3495 1419 3558 is
1456 3499 1562 3562 locus

273 3606 459 3686 plusquam
495 3600 617 3664 decies
652 3601 747 3663 mille
783 3600 997 3663 florenorum
1037 3600 1208 3663 iacturam
1244 3601 1372 3665 fecisse
1407 3602 1562 3673 dicatur.

272 3709 397 3790 Neque
422 3729 508 3771 vero
537 3708 573 3770 id
599 3727 661 3770 eos
683 3706 810 3787 flagitii
833 3706 987 3769 satiavit.
1035 3706 1128 3787 Quin
1152 3707 1188 3769 in
1213 3705 1326 3789 ipsam
1350 3712 1474 3773 urbem
1506 3734 1561 3775 re-

271 3816 376 3895 versi,
400 3826 540 3877 nostros
564 3815 655 3878 adeo
680 3834 842 3877 carceres
866 3813 970 3876 veriti
994 3834 1065 3877 non
1089 3823 1171 3877 sunt
1194 3813 1418 3897 perfringere
1445 3827 1484 3879 ut
1510 3822 1561 3882 al-

272 3933 385 3984 terum
409 3921 505 3984 illum
528 3920 745 3984 haereticum
774 3920 978 3999 liberarent,
1008 3941 1112 4003 quem
1141 3932 1302 4003 ereptum
1334 3924 1379 3985 ad
1405 3924 1562 4004 primum

272 4048 413 4109 quoque
426 4028 582 4109 lapidem
598 4029 835 4106 deduxerunt,
862 4047 931 4108 quo
948 4028 1057 4091 tutius
1076 4050 1198 4092 manus
1215 4044 1357 4093 nostras
1374 4033 1561 4098 evaderet.

272 4135 372 4197 Haec
396 4134 504 4215 igitur
532 4154 638 4216 quum
673 4134 723 4196 ita
756 4134 827 4195 sint
860 4133 1072 4198 Beatissime
1104 4138 1212 4198 Pater
1242 4146 1442 4200 nostrarum
1476 4159 1561 4205 esse

271 4242 426 4321 pretium
450 4240 517 4301 rati
537 4260 665 4321 sumus,
691 4259 811 4302 eorum
828 4239 864 4301 S.
879 4240 917 4307 T.
937 4241 1124 4304 certiorem
1140 4244 1302 4319 reddere,
1327 4252 1365 4305 ut
1388 4243 1561 4310 idoneum

271 4348 514 4410 exorientibus
527 4346 727 4409 huiusmodi
739 4348 840 4409 malis
852 4349 1047 4411 remedium
1061 4349 1240 4411 adhibeat.
1256 4348 1295 4410 Id
1307 4350 1402 4429 quod
1413 4350 1562 4416 incunc-

270 4463 388 4517 tanter
400 4476 465 4516 nos
478 4464 574 4516 certe
589 4453 799 4531 faceremus,
814 4464 922 4535 prout
931 4454 1010 4536 ipsa
1022 4465 1143 4518 monet
1155 4454 1281 4537 pietas,
1296 4454 1442 4537 eiusque
1454 4478 1560 4522 reve-

269 4562 385 4624 rentia
397 4562 432 4624 in
443 4560 542 4624 cuius
551 4562 647 4623 haud
657 4560 764 4623 dubie
772 4572 1011 4642 contemptum
1023 4561 1353 4644 istaperpetrantur
1361 4562 1391 4625 si
1400 4561 1438 4625 id
1446 4566 1560 4629 modo

269 4670 304 4731 in
329 4678 451 4731 nostra
474 4688 580 4730 manu
604 4668 689 4730 satis
713 4680 817 4731 esset.
865 4668 999 4730 Verum
1025 4689 1130 4749 quum
1164 4668 1196 4730 ei
1228 4667 1280 4730 rei
1309 4668 1560 4735 conficiendae

271 4795 395 4857 parum
420 4796 485 4837 nos
509 4773 673 4837 sufficere
697 4776 914 4855 videremus,
949 4773 1063 4837 visum
1089 4774 1212 4837 estad
1237 4772 1411 4837 neminem
1434 4776 1561 4856 potius

270 4902 377 4965 quam
404 4884 450 4944 ad
473 4882 513 4944 E.
538 4882 575 4944 S.
599 4882 640 4944 T.
669 4882 875 4962 confugere,
901 4901 992 4961 quae
1025 4882 1129 4943 nobis
1156 4881 1192 4944 in
1223 4901 1297 4944 rem
1331 4880 1561 4949 Christianae
