3425 5700
823 555 1070 620 ednod&

306 721 435 785 sapere
459 725 498 768 se
521 726 586 788 per
610 710 644 771 la
668 707 765 772 dieta
792 712 870 773 sola
902 713 946 774 de
977 711 1150 776 Possonio
1182 711 1224 774 N.
1254 709 1290 775 S.
1323 712 1423 775 voris
1455 713 1522 775 che
1548 709 1577 776 io

310 830 364 872 me
388 811 605 896 intartenghi
630 837 710 898 qua,
735 820 887 881 essendo
912 839 977 900 per
999 819 1077 882 fare
1101 828 1235 903 quanto
1259 818 1386 900 pererit
1403 817 1473 882 aS.
1490 819 1577 890 Bne;

306 937 364 978 rna
386 938 452 1000 per
476 937 609 1000 quanto
633 943 742 1003 posso
766 926 1070 1006 comprehendere
1097 946 1165 990 non
1191 926 1294 988 stimo
1320 925 1433 990 cheli
1463 923 1578 988 arbitri

309 1033 345 1085 et
368 1045 407 1087 re
432 1025 467 1088 di
491 1027 642 1092 Polonia
672 1052 710 1094 se
745 1031 769 1094 li
804 1033 945 1096 trovino
978 1019 1013 1094 in
1046 1052 1201 1114 persona
1234 1043 1270 1096 et
1304 1031 1579 1096 massimamente

307 1133 373 1193 che
397 1135 510 1196 anche
534 1134 558 1197 il
582 1136 744 1219 principe
768 1139 828 1220 qui
852 1147 907 1202 est
930 1141 1010 1204 loco
1029 1123 1170 1204 Cesaris
1194 1138 1229 1202 in
1246 1148 1372 1221 questa
1386 1137 1579 1201 differentia

307 1258 378 1300 non
402 1260 440 1302 se
464 1239 488 1302 li
513 1243 654 1305 troveri
680 1245 768 1308 com’
792 1245 827 1308 io
857 1247 966 1308 credo
983 1247 1117 1311 anchor
1140 1247 1207 1308 che
1232 1244 1372 1310 innanzi
1397 1248 1431 1308 la
1455 1245 1578 1326 partita

308 1364 371 1407 soa
394 1365 440 1408 ne
464 1349 615 1427 parlassi
639 1370 706 1412 con
731 1350 767 1414 S.
793 1349 885 1414 Ser¹²
910 1351 1180 1416 ricerchandola
1203 1373 1224 1414 a
1250 1351 1384 1415 venirci
1416 1361 1451 1416 et
1474 1350 1522 1414 mi
1542 1349 1578 1412 ri·

307 1455 504 1532 spondesse
528 1455 564 1516 di
587 1455 678 1521 farlo
703 1467 739 1520 et
761 1460 913 1522 sarebbe
938 1479 1003 1542 per
1026 1459 1103 1522 fare
1127 1458 1318 1522 voluntieri
1338 1458 1503 1521 havendo
1522 1459 1578 1520 las·

307 1567 385 1621 sata
415 1567 473 1640 qul
499 1565 703 1636 mandama3
734 1585 791 1628 rna
822 1565 990 1647 sogiunse
1025 1569 1172 1630 credere
1205 1568 1271 1630 che
1303 1585 1375 1630 non
1410 1565 1579 1646 potrebbe

307 1664 483 1729 ritornare
518 1667 553 1730 in
585 1675 657 1732 cosl
689 1673 801 1734 breve
832 1683 952 1754 tempo
984 1674 1176 1758 pendendo
1210 1683 1335 1755 questo
1364 1672 1499 1736 ritorno
1522 1690 1579 1734 suo

309 1772 404 1836 dalle
428 1793 510 1838 cose
535 1776 580 1840 de
605 1775 735 1840 Cesare
759 1777 794 1841 in
818 1779 932 1842 Italia.

398 1913 431 1978 S.
457 1913 619 1981 Sereniti
643 1925 735 2001 parti
761 1922 805 1983 de
830 1920 890 2003 qui
914 1923 947 1984 el
972 1921 1006 1983 di
1032 1921 1238 2003 dessignato
1271 1941 1371 1983 come
1402 1917 1435 1982 io
1468 1916 1580 1982 scrissi

311 2022 377 2084 che
401 2022 438 2085 fu
462 2025 521 2086 alli
547 2025 633 2088 VIII
659 2037 694 2090 et
717 2028 898 2092 trovavasi
922 2027 982 2093 alli
1010 2027 1103 2091 XIII
1125 2027 1162 2091 in
1186 2027 1301 2110 Lynz,
1331 2027 1425 2091 onde
1454 2046 1523 2088 non
1549 2022 1581 2085 vi

308 2127 566 2195 intervenendo
591 2134 717 2197 alcuno
743 2135 788 2197 de
811 2135 836 2197 li
861 2135 949 2198 detti
973 2135 1007 2198 in
1031 2153 1187 2218 persona
1210 2155 1322 2216 penso
1354 2133 1421 2196 che
1444 2129 1580 2194 hastati

309 2235 333 2296 il
357 2236 500 2302 Barone
524 2250 560 2302 et
583 2243 648 2303 che
672 2262 737 2323 per
761 2254 886 2324 questo
912 2263 981 2304 non
1007 2242 1059 2305 sia
1083 2240 1286 2305 necessario
1311 2239 1365 2303 ch’
1381 2239 1416 2302 io
1440 2239 1525 2302 resti
1547 2237 1580 2299 in

310 2345 426 2424 quelle
461 2346 554 2426 parti
593 2358 628 2409 et
663 2369 734 2410 non
767 2349 802 2411 di
833 2369 936 2412 meno
971 2358 1061 2412 tutto
1092 2348 1234 2411 rimetto
1264 2347 1298 2411 al
1327 2344 1581 2428 sapientissimo

305 2449 432 2530 juditio
457 2461 492 2514 et
515 2457 638 2518 volere
662 2456 698 2517 di
729 2453 764 2518 S.
794 2455 847 2518 8²¹
883 2457 953 2518 alla
988 2457 1092 2538 quale
1126 2458 1206 2518 sard
1242 2473 1382 2534 sempre
1418 2471 1518 2515 corne
1550 2449 1581 2512 io

310 2559 429 2621 debbo
454 2562 772 2643 obsequentissimo
797 2572 833 2626 et
866 2562 1166 2627 obedientissimo.
1218 2559 1305 2625 Solo
1339 2559 1504 2624 desidero
1534 2577 1580 2620 sa·

309 2683 395 2744 pere
420 2678 540 2747 presto
564 2669 587 2730 il
612 2671 734 2732 volere
760 2679 795 2733 et
819 2671 1114 2733 comandamento
1138 2669 1174 2730 di
1199 2666 1235 2731 S.
1261 2667 1322 2730 B¹³⁰
1356 2665 1441 2730 Feci
1465 2683 1580 2728 recon·
1682 2649 1683 2696 3

309 2790 389 2834 zare
413 2772 437 2834 il
462 2776 671 2856 soprasritto
696 2778 731 2840 al
755 2778 855 2839 Duca
881 2777 984 2840 Carlo
1010 2777 1046 2839 di
1079 2773 1235 2839 Saxonia
1266 2775 1331 2836 che
1364 2774 1480 2836 dovea
1510 2771 1581 2833 dire

311 2876 479 2962 Georgi0,
500 2884 631 2961 perche
656 2885 726 2947 ilo
743 2885 877 2947 arbitro
900 2882 937 2948 in
962 2892 1086 2967 questa
1110 2902 1218 2946 causa
1234 2891 1270 2947 et
1286 2882 1306 2945 e
1323 2882 1431 2945 molto
1456 2879 1581 2963 meglio

310 3006 375 3068 per
400 3008 519 3050 essere
543 2992 637 3053 buon
665 2992 867 3072 christiano,
893 3004 928 3053 et
951 2992 971 3054 l'
988 2993 1080 3054 altro
1105 2999 1196 3053 tutto
1219 2990 1245 3052 il
1269 2988 1457 3054 contrario.

399 3130 506 3195 Finiti
531 3136 586 3196 col
611 3136 709 3197 detto
726 3155 815 3217 gran
831 3134 990 3197 Maestro
1015 3133 1038 3195 li
1062 3132 1166 3215 primi
1189 3131 1451 3217 regionamenti
1474 3128 1581 3195 entrai

310 3256 356 3299 ne
380 3238 413 3299 le
438 3258 521 3302 cose
546 3242 729 3305 lutherane
754 3251 790 3304 et
813 3240 953 3304 dolsimi
977 3241 1022 3303 de
1047 3241 1164 3322 quella
1196 3240 1294 3303 bolla
1323 3238 1413 3301 fatta
1436 3240 1482 3301 da
1505 3236 1582 3319 quel

311 3364 375 3405 suo
393 3365 546 3410 vescovo
564 3347 773 3411 Sambiense
790 3359 824 3411 et
841 3346 1154 3429 particolarmente
1178 3346 1248 3411 feci
1273 3348 1418 3429 querela
1443 3346 1478 3409 di
1497 3354 1581 3407 tutte

312 3453 429 3532 quelle
453 3455 715 3519 exhorbitantie
741 3468 777 3518 et
800 3454 943 3537 impieti
970 3454 1035 3517 che
1060 3453 1225 3517 contiene
1249 3472 1322 3514 una
1344 3472 1410 3533 per
1439 3472 1521 3529 una,
1549 3460 1583 3513 et

311 3569 411 3622 tanto
435 3561 587 3625 detestai
612 3567 677 3626 che
696 3564 716 3625 'l
741 3565 893 3627 lassasse
918 3582 963 3624 un
989 3564 1038 3624 tel
1063 3582 1126 3623 suo
1152 3561 1284 3641 luogho
1301 3568 1445 3623 tenente
1460 3559 1494 3623 in
1509 3577 1582 3641 pre·
1680 3638 1681 3641 Ἴ

311 3665 426 3728 sentia
449 3668 493 3730 de
518 3679 571 3733 tre
595 3673 723 3752 grandi
746 3671 905 3733 huomini
929 3671 973 3732 de
998 3671 1032 3731 la
1056 3689 1118 3730 soa
1140 3667 1315 3749 religione
1348 3678 1384 3729 et
1408 3666 1483 3729 suoi
1505 3684 1581 3728 con·
1680 3652 1681 3665 ¹

274 3781 277 3787 '
311 3771 444 3853 siglieri
469 3776 522 3837 ch’
538 3776 573 3839 io
597 3777 643 3839 mi
666 3778 769 3859 parvi
793 3779 940 3839 vederlo
965 3785 1056 3839 tutto
1084 3794 1300 3855 commosso,
1331 3772 1508 3837 facendoli
1539 3792 1583 3833 un
1680 3792 1681 3797 ¹

311 3879 500 3961 gagliardo
526 3882 683 3947 discorso
708 3886 774 3948 che
799 3886 950 3947 sarebbe
974 3885 1083 3946 molto
1106 3883 1216 3962 lungo
1233 3902 1254 3945 a
1272 3881 1472 3963 replicatio,
1496 3879 1583 3943 onde

312 3986 358 4048 mi
382 4006 564 4067 promesse
600 3990 635 4052 di
670 3991 746 4081 fare
782 3991 868 4074 ogni
901 4011 1011 4073 opera
1043 3989 1175 4072 perche
1205 3988 1248 4052 N.
1273 3984 1309 4053 S.
1344 3988 1495 4051 andasse
1517 3989 1583 4049 ben

313 4102 482 4156 contento
506 4095 542 4157 di
566 4097 628 4177 lui,
658 4107 694 4161 et
724 4118 789 4180 per
813 4097 1023 4160 dimostrare
1052 4117 1074 4159 a
1096 4094 1178 4159 tutti
1202 4094 1388 4158 chefosse
1412 4097 1528 4157 buono
1550 4098 1584 4153 et
1679 4116 1680 4155 r

313 4196 419 4262 fidele
444 4200 635 4267 christiano
659 4204 847 4288 Principe,
880 4213 915 4267 et
946 4205 1004 4267 nel
1028 4203 1140 4285 partir
1164 4222 1228 4264 suo
1252 4209 1379 4283 sp'onte
1403 4220 1467 4263 sua
1490 4198 1582 4262 strin-

314 4306 485 4387 gendomi
510 4309 544 4370 la
574 4329 679 4372 mano
707 4310 927 4392 replicommi
951 4311 1016 4373 che
1040 4309 1075 4371 in
1099 4330 1139 4371 re
1163 4308 1350 4370 lutherana
1366 4304 1473 4370 faciet
1496 4302 1584 4389 quod
1679 4294 1680 4321 ³

316 4412 420 4474 decet
443 4415 597 4479 maxime
620 4416 849 4481 christianum
873 4416 1084 4499 principem,
1116 4426 1151 4479 et
1176 4415 1292 4478 subito
1317 4413 1441 4497 giunto
1465 4434 1486 4476 a
1508 4429 1584 4475 casa

315 4518 394 4581 fece
430 4520 585 4585 scrivere
620 4522 656 4585 in
690 4524 813 4607 lingua
847 4525 1021 4587 thodesca
1052 4525 1087 4586 al
1122 4523 1221 4584 detto
1253 4542 1317 4584 suo
1352 4519 1520 4603 episcopo
1552 4524 1585 4580 et
1678 4522 1679 4569 f

316 4627 531 4689 mandommi
554 4649 576 4690 a
598 4639 771 4693 mostrare
795 4633 830 4693 la
853 4631 972 4694 littera
996 4632 1040 4692 de
1065 4631 1099 4692 la
1124 4630 1228 4711 quale
1251 4626 1331 4691 fece
1358 4626 1584 4709 interpretare

317 4752 388 4795 uno
413 4736 599 4818 essempio,
623 4739 658 4800 lo
683 4738 787 4819 quale
811 4736 892 4799 sarit
916 4756 983 4799 con
1008 4744 1152 4818 queste,
1177 4743 1212 4798 et
1236 4734 1293 4798 chi
1315 4734 1337 4797 l'
1353 4736 1401 4797 ha
1423 4732 1583 4817 interpre-

317 4849 393 4904 tata
416 4841 462 4905 mi
486 4843 566 4913 dice
590 4845 655 4913 che
679 4844 715 4907 in
739 4844 862 4930 lingua
886 4844 903 4911 ὲ
928 4842 1037 4911 molto
1062 4852 1188 4909 ornata
1212 4850 1248 4907 et
1272 4839 1430 4905 efficace.
1476 4838 1585 4903 Vede·
