3425 5700
820 516 881 578 6ήῦ
913 517 974 578 278
1013 520 1071 576 oe

912 777 984 840 112.

680 892 1007 974 vicecancellarius
1036 892 1224 973 llecudrc.

744 1031 885 1100 (Nuntiet.
905 1031 1030 1090 German
1049 1030 1080 1089 Ιι.
1099 1030 1153 1101 ii.)

818 1150 872 1218 (30.
894 1151 960 1215 Julii
984 1149 1071 1218 1521.)

351 1331 355 1338 ·
397 1295 468 1358 Per
490 1294 513 1357 l'
526 1295 649 1358 ultima
682 1303 815 1376 vostra·
833 1294 878 1358 de
903 1293 995 1354 XVI
1029 1294 1086 1354 del
1120 1314 1216 1356 mese
1240 1295 1393 1356 havemo
1417 1294 1526 1355 intesa
1547 1293 1579 1355 la

308 1402 497 1465 execution
531 1401 622 1464 faita
655 1401 689 1464 in
716 1401 881 1462 Anversa
909 1410 1034 1462 contra
1066 1400 1183 1462 ilibri
1207 1410 1242 1463 et
1267 1421 1377 1482 opere
1402 1401 1460 1462 del
1483 1401 1578 1462 male·

309 1511 406 1574 detto
432 1520 467 1572 et
491 1529 558 1572 con
583 1511 649 1572 che
672 1509 807 1570 honore
833 1507 868 1568 di
895 1507 936 1570 N.
962 1506 1014 1569 Sre
1047 1517 1082 1569 et
1106 1507 1231 1570 favore
1256 1509 1314 1570 del
1337 1510 1457 1569 buono
1480 1507 1578 1587 impe·
1681 1514 1682 1597 J

309 1626 429 1680 ratore
454 1626 489 1678 et
514 1635 686 1680 concurso
712 1623 746 1678 et
770 1616 896 1696 plauso
922 1615 966 1676 de
994 1614 1075 1676 tutti
1106 1616 1124 1677 ὲ
1156 1625 1249 1678 stata
1280 1615 1386 1695 satta,
1418 1615 1482 1676 che
1509 1634 1579 1676 ren·

308 1724 462 1805 gratiato
477 1723 519 1786 sii
532 1743 672 1804 sempre
685 1722 797 1786 Iddio.
844 1722 886 1784 N.
901 1723 953 1783 81⁰
967 1722 1052 1803 ogni
1069 1720 1104 1785 di
1121 1724 1331 1784 commenda
1346 1722 1407 1804 piri
1424 1724 1457 1784 el
1472 1721 1579 1784 studio
1681 1754 1682 1807 g

309 1841 345 1894 et
380 1851 490 1912 opera
524 1839 646 1894 vostra
683 1841 719 1893 et
754 1830 813 1894 noi
850 1830 910 1910 pii
947 1831 1013 1892 che
1048 1830 1120 1910 piri.
1168 1830 1272 1892 Circa
1294 1829 1318 1892 il
1343 1830 1444 1892 venir
1467 1840 1579 1891 vostro
1681 1822 1682 1897 ᾗ

309 1939 452 2020 quando
481 1937 516 1999 vi
546 1937 673 2018 pareri
705 1956 774 1999 non
807 1957 905 2000 esser
935 1936 994 2018 piri
1020 1936 1222 2000 necessaria
1244 1957 1309 2018 per
1333 1945 1459 2018 questo
1485 1946 1579 1998 conto
1681 1950 1682 1999 ἰ

308 2045 343 2108 in
369 2046 487 2127 quelle
511 2045 630 2107 bande
654 2046 689 2106 la
713 2044 895 2125 presentia
918 2053 1040 2111 vostra
1065 2053 1100 2105 et
1124 2045 1189 2106 che
1217 2066 1288 2106 non
1312 2044 1347 2106 vi
1371 2043 1415 2106 sii
1440 2045 1505 2106 che
1529 2064 1581 2105 en·
1681 2102 1682 2109 ,

308 2152 443 2233 tirpare
467 2149 538 2232 piir,
563 2160 703 2234 potrete
729 2172 749 2212 a
774 2150 987 2214 commoditie
1013 2161 1133 2213 vostra
1156 2151 1422 2231 ritornarvene‚
1452 2172 1521 2214 non
1548 2151 1582 2210 ui
1681 2194 1682 2227 3

308 2259 489 2322 metiendo
520 2260 608 2339 pero
638 2259 683 2321 ad
708 2260 812 2319 alcun
837 2257 1013 2338 peric010‚
1043 2259 1119 2320 anzi
1148 2257 1208 2338 piri
1238 2267 1359 2340 presto
1389 2267 1582 2339 temporeg·

307 2366 439 2446 giendo
464 2363 579 2427 finche
604 2365 760 2446 possiate
786 2364 909 2426 venire
933 2364 1168 2442 securissimO,
1195 2365 1327 2447 perche
1352 2364 1426 2428 Sua
1443 2364 1585 2427 Sancite

308 2482 343 2534 et
374 2471 434 2534 noi
464 2471 499 2534 vi
523 2472 664 2534 volemo
699 2480 734 2534 et
759 2470 982 2534 desideramo
1014 2471 1046 2532 in
1072 2471 1195 2552 primis
1218 2492 1306 2533 sano
1337 2483 1373 2534 et
1397 2475 1508 2554 saluo.
1552 2473 1583 2533 A
1681 2502 1682 2557 3

308 2579 424 2660 questi
454 2576 489 2639 di
514 2578 549 2639 vi
573 2578 782 2640 scrivernmo
814 2579 879 2639 che
904 2587 1045 2658 poteste
1069 2578 1243 2640 ritornare
1268 2599 1290 2640 a
1312 2578 1433 2659 piacet
1457 2589 1585 2657 vostre,
1681 2586 1682 2589 ’

306 2684 474 2748 rechiesti
491 2686 536 2746 da
553 2683 629 2757 voi;
655 2705 717 2746 ora
733 2685 767 2746 vi
786 2684 1008 2747 exhortiamo
1032 2707 1052 2747 a
1068 2705 1137 2747 non
1155 2685 1288 2767 partire
1304 2707 1343 2747 se
1360 2707 1430 2749 nou
1447 2688 1586 2768 quando

307 2813 394 2875 pare
426 2812 447 2854 a
469 2789 528 2853 voi
559 2792 624 2854 che
649 2791 684 2854 in
710 2794 800 2854 oltre
834 2813 905 2855 non
937 2792 990 2855 sia
1021 2793 1055 2854 di
1080 2791 1232 2875 bisogno
1264 2794 1297 2856 el
1321 2804 1436 2857 restar
1469 2804 1588 2857 vostro

308 2904 413 2981 costi,
446 2909 480 2961 et
511 2901 576 2962 che
609 2899 765 2979 possiate
789 2899 983 2962 venirvene
1015 2921 1036 2961 a
1059 2902 1299 2980 salvamento,
1330 2900 1355 2962 il
1383 2903 1450 2963 che
1473 2900 1587 2963 rimet-

307 3006 414 3069 tiamo
439 3006 510 3067 alla
533 3005 724 3086 prudentia
748 3015 886 3079 vostra;
911 3014 1092 3069 toruerete
1117 3026 1257 3089 sempre
1282 3006 1307 3068 il
1331 3010 1400 3069 ben
1425 3006 1527 3071 visto.

397 3113 447 3175 Le
473 3133 555 3175 cose
580 3114 646 3175 che
671 3134 692 3175 a
716 3112 831 3194 questi
863 3114 897 3174 di
928 3112 1119 3175 ricercaste
1143 3134 1251 3196 sopra
1275 3115 1295 3176 l’
1309 3117 1497 3179 absolvere
1522 3125 1590 3177 etc.

306 3220 343 3283 vi
378 3241 416 3282 se
452 3220 693 3282 manderanno
729 3221 784 3281 col
819 3218 933 3301 primo
969 3219 1034 3282 ciue
1070 3220 1128 3301 gia
1170 3243 1256 3285 sono
1293 3223 1393 3304 quasi
1427 3222 1592 3305 espediti.

307 3327 644 3389 Raccomandatece
676 3326 868 3393 humilliter
885 3328 968 3390 ,alla
1000 3330 1097 3391 bona
1118 3328 1235 3410 gratia
1266 3330 1301 3391 di
1314 3328 1457 3393 ·Cesare
1488 3340 1527 3393 et
1558 3333 1593 3393 al

308 3454 397 3516 gran
422 3434 633 3497 cancelliere
667 3443 702 3496 et
736 3435 770 3495 al
793 3433 840 3497 R.
867 3434 984 3496 Padre
1010 3433 1212 3502 confessor.
1259 3436 1304 3498 Et
1335 3440 1428 3499 bene
1458 3440 1594 3501 valete.

307 3541 510 3605 Florentiae
533 3541 729 3622 penultima
753 3540 837 3619 Julii
861 3540 1044 3606 MDXXI.

397 3648 432 3709 A
462 3648 539 3729 Mgr
566 3648 662 3711 Rmo
696 3647 731 3710 di
756 3646 884 3729 Lieggi
915 3647 1088 3728 piacciavi
1122 3652 1230 3713 molto
1264 3654 1598 3716 neccommandarci

308 3762 344 3817 et
367 3774 437 3817 non
462 3757 712 3817 mancheremo
737 3756 829 3817 nelle
853 3775 937 3817 cose
962 3776 1035 3819 sue.

884 3960 931 3971 tle(
947 3960 975 3971 Ax
982 3961 1051 3972 ,νυνυν

914 4141 987 4205 113.

632 4252 698 4333 lec
726 4254 769 4335 X.
798 4256 1006 4357 Mergreuic
1034 4257 1264 4359 Autuerpice.

737 4393 881 4462 (Nutiet.
901 4393 1026 4452 German.
1045 4393 1076 4452 Ιι.
1095 4395 1160 4464 iit.)

796 4501 900 4568 (llense
919 4505 993 4569 Julio
1016 4509 1100 4569 1521.)

394 4638 534 4700 Dilecte
558 4638 626 4700 Fili
659 4647 725 4703 etc.
773 4637 827 4699 Ex
861 4637 987 4700 litteris
1020 4638 1228 4702 nunciorum
1259 4650 1463 4706 nostrorum
1499 4668 1607 4712 acce·

305 4744 421 4826 pimus
452 4753 585 4826 quanta
608 4743 679 4807 fide
704 4754 739 4807 et
764 4745 950 4826 diligentia
979 4746 1015 4808 in
1040 4747 1255 4828 extirpanda
1279 4748 1494 4816 Lutherana
1520 4758 1609 4821 hae-

304 4852 375 4915 resi
407 4864 443 4915 te
477 4873 601 4916 verum
633 4852 860 4915 christianum
897 4862 933 4914 et
966 4854 1136 4936 optimum
1168 4854 1350 4918 Ecclesiae
1378 4856 1450 4920 Dei
1488 4862 1611 4929 filium
