3425 5700
693 532 939 595 0439771141

153 691 245 753 altro
269 686 437 766 remedio,
461 685 618 748 secondo
643 686 761 768 quello
785 706 899 769 pocco
924 687 990 749 che
1014 687 1061 749 ho
1085 698 1233 769 possuto
1255 709 1435 771 compren-

153 798 240 860 dere
273 814 339 878 per
370 790 595 875 experientia
624 812 743 855 essere
777 794 980 857 necessario
1011 797 1081 857 alla
1105 799 1193 859 total
1218 797 1434 881 extirpation

154 904 191 966 di
216 910 343 985 questa
366 899 515 981 heresia‚
550 900 645 963 della
669 900 752 981 qual
777 902 912 963 anchor
936 903 1002 964 che
1030 901 1164 965 restino
1188 923 1254 990 per
1277 904 1362 985 ogni
1386 906 1434 968 lu·

153 1030 220 1074 oco
245 1009 396 1091 qualche
419 1006 569 1091 reliquie
592 1006 653 1088 piu
677 1026 743 1088 per
766 1006 788 1069 l'
802 1006 885 1069 odio
911 1006 947 1069 di
969 1007 1089 1071 Roma
1113 1018 1149 1071 et
1173 1010 1232 1072 del
1246 1011 1343 1073 clero
1368 1013 1434 1075 che

153 1137 220 1199 per
242 1114 474 1197 favoreggiar
498 1134 520 1175 a
543 1113 687 1194 Luther‚
712 1112 928 1178 nondimeno
952 1114 1038 1195 ogni
1063 1117 1098 1178 dl
1121 1116 1182 1197 piu
1207 1118 1237 1180 si
1262 1118 1433 1202 extingue

152 1244 219 1305 per
248 1224 284 1285 la
313 1220 430 1303 gratia
461 1220 506 1283 de
530 1219 599 1283 Dio
632 1222 764 1303 perche
797 1221 832 1284 in
865 1240 952 1283 vero
977 1240 1049 1283 non
1073 1222 1092 1285 ἐ
1116 1223 1265 1303 possibil
1289 1225 1445 1289 resister

152 1330 212 1395 all’
238 1326 407 1393 auttorite
430 1327 628 1410 apostolica
653 1336 688 1389 et
712 1347 857 1391 cesarea
888 1327 986 1391 unite
1016 1327 1162 1393 insieme
1185 1332 1373 1411 presertim
1396 1334 1432 1397 in

150 1457 262 1502 causa
284 1446 356 1499 tam
380 1444 513 1497 sancta.

244 1543 367 1625 Hoggi
390 1544 438 1605 ho
461 1542 577 1605 inteso
593 1560 692 1603 esser
715 1540 871 1604 arrivato
894 1561 965 1604 uno
989 1542 1095 1605 homo
1118 1544 1286 1607 mandato
1310 1546 1370 1608 dal
1392 1568 1432 1611 re

150 1652 191 1715 di
207 1651 417 1732 Portugallo
442 1669 508 1711 con
533 1650 660 1711 lettere
685 1648 742 1709 all'
767 1647 961 1728 imperator
985 1657 1021 1711 et
1044 1648 1069 1711 li
1092 1649 1244 1732 principi
1268 1652 1350 1716 dell'
1367 1652 1431 1715 Im-

149 1759 253 1843 perio
278 1765 403 1821 contra
426 1766 552 1838 questa
575 1754 725 1819 heresia.
772 1754 811 1817 Io
828 1757 941 1836 perho
965 1770 1035 1817 non
1060 1757 1081 1817 l'
1095 1757 1142 1819 ho
1166 1777 1276 1820 ancor
1299 1758 1431 1822 veduto

149 1866 283 1949 perche
308 1864 367 1947 gia
391 1872 445 1926 tre
470 1860 505 1924 dl
528 1862 632 1924 stomi
656 1842 692 1923 in
717 1882 800 1924 casa
825 1882 845 1923 a
869 1860 925 1924 far
940 1861 1142 1944 imprimere
1166 1863 1191 1926 li
1214 1866 1371 1927 mandati
1394 1866 1431 1931 in

147 1972 366 2055 fiammengo
398 1978 433 2033 et
467 1968 630 2031 francese
655 1977 690 2030 et
720 1967 776 2031 far
805 1967 939 2031 scriver
968 1968 1108 2030 diverse
1131 1970 1370 2035 substitutioni
1396 1973 1431 2036 di

149 2078 262 2163 quelli
286 2079 351 2141 che
375 2078 469 2140 lasso
494 2096 559 2157 per
582 2077 749 2138 absolvet
773 2074 882 2156 quelli
906 2076 972 2137 che
995 2095 1172 2138 verranno
1196 2097 1218 2139 a
1233 2078 1431 2159 penitentia

147 2207 218 2269 per
240 2187 352 2249 hever
375 2183 452 2247 letti
476 2183 501 2246 li
524 2182 605 2245 libri
631 2182 666 2244 di
690 2182 823 2245 Luther
857 2201 878 2244 ο
908 2183 1094 2263 prestatoli
1127 2172 1246 2264 favor,
1279 2195 1314 2248 et
1343 2188 1431 2269 pero

147 2313 239 2356 sono
263 2292 390 2355 irretiti
414 2290 449 2353 in
474 2310 621 2353 censure
646 2290 855 2371 gravissime
873 2299 909 2351 et
923 2310 1011 2353 sono
1028 2302 1126 2353 certo
1141 2291 1176 2353 in
1194 2293 1430 2373 grandissimo

147 2419 316 2473 numero;
341 2418 447 2480 spero
472 2399 598 2465 deman
624 2417 722 2460 esser
745 2416 811 2459 con
838 2398 937 2460 detto
960 2398 1066 2460 homo
1091 2398 1370 2482 dePortuga110‚
1395 2412 1432 2463 et

147 2506 182 2569 si
219 2503 421 2587 besognara
458 2503 514 2566 far
552 2506 679 2566 alcuna
715 2523 817 2583 cosa,
856 2502 887 2565 si
920 2503 1007 2565 dara
1039 2504 1160 2566 debita
1191 2505 1430 2587 expeditione.

149 2614 196 2679 A.
222 2612 265 2676 V.
291 2610 328 2675 S.
353 2612 453 2675 Illma
477 2613 565 2673 baso
590 2612 623 2674 le
648 2611 752 2673 mani.

752 3083 825 3147 111.

515 3199 841 3282 vicecancellarius
869 3199 1057 3282 lleandrc.

585 3347 727 3417 stimulat.
747 3345 874 3406 German
892 3345 924 3404 Ιι.
943 3346 995 3414 la)

659 3462 712 3534 (27.
732 3465 799 3530 Julii
821 3463 909 3532 1521.)

239 3591 400 3655 Havemo
424 3593 460 3653 la
482 3598 603 3652 vostra
627 3589 673 3652 de
696 3587 752 3652 IX
778 3589 834 3650 del
859 3588 960 3651 Mese
984 3590 1041 3651 col
1063 3589 1156 3652 libro
1181 3602 1304 3653 contro
1321 3592 1428 3656 Frate

145 3697 350 3761 Ambrosie.
400 3695 442 3760 N.
469 3693 504 3758 S.
539 3696 747 3759 commenda
770 3696 805 3757 in
840 3703 931 3757 tutto
963 3694 987 3757 il
1011 3696 1142 3776 studi0,
1182 3697 1369 3779 diligentia
1393 3709 1429 3763 et

142 3826 262 3887 opera
284 3813 407 3868 vostra
431 3823 530 3866 come
554 3805 600 3866 ha
623 3804 713 3866 fatto
738 3823 888 3885 sempre.
935 3801 982 3865 Vi
1006 3803 1035 3865 si
1051 3804 1229 3867 mandano
1254 3805 1323 3868 due
1347 3806 1427 3868 altri

143 3912 230 3976 libri
254 3912 289 3974 di
314 3913 405 3975 frate
430 3909 621 3973 Ambrosio
646 3929 746 3971 come
771 3907 949 3988 chiedete,
979 3917 1014 3971 et
1037 3912 1156 3990 quello
1179 3913 1309 3974 havete
1333 3931 1426 3974 man-

142 4021 233 4082 dato
257 4018 286 4080 si
311 4019 329 4082 ὲ
355 4019 438 4080 dato
463 4038 484 4079 a
507 4016 566 4081 lui.
613 4015 849 4078 Perseverate
867 4014 1066 4077 virilmente
1090 4019 1247 4080 secundo
1271 4019 1305 4080 lo
1330 4018 1426 4081 insti-

142 4135 224 4188 tuto
247 4135 369 4187 vostro
394 4124 439 4186 fin
466 4124 532 4186 che
556 4131 648 4186 state
673 4121 707 4183 di
732 4120 766 4183 lei
790 4120 825 4182 di
850 4120 1010 4202 extirpar
1038 4122 1073 4184 in
1098 4131 1198 4196 tutto
1214 4126 1333 4206 quella
1356 4146 1425 4187 ma·

143 4232 283 4296 ledetta
307 4230 440 4293 zizania
465 4229 563 4293 accio
587 4228 745 4310 possiate
762 4228 937 4309 riportare
952 4226 988 4290 in
1006 4249 1076 4310 qua
1092 4229 1207 4291 solida
1224 4231 1268 4292 ed
1285 4230 1424 4310 integra

142 4339 299 4403 vitteria.
347 4337 394 4400 Et
425 4339 518 4400 bene
548 4338 676 4398 valete.
724 4334 927 4397 Florentiae
952 4334 1104 4398 XXVII
1132 4335 1214 4416 Julii
1242 4335 1424 4402 MDXXI.

682 4636 889 4648 mm
