3425 5700
135 754 151 798 a
171 731 349 817 quibusvis
373 738 759 819 excommunicationis,
784 738 1025 822 suspensionis
1051 749 1086 800 et
1109 735 1284 802 interdicti
1313 727 1401 801 aliis-

134 861 191 922 que
215 842 400 905 sententiis
425 843 583 907 censuris
606 855 643 908 et
666 844 791 926 poenis
816 865 907 927 quae
923 854 1115 927 propterea
1137 845 1403 927 quomodolibet

134 947 330 1011 incurrisses
354 950 570 1014 absolvimus
595 961 631 1014 et
654 951 813 1015 totaliter
835 951 1035 1014 liberamus.
1083 951 1162 1014 Non
1179 952 1402 1016 obstantibus

134 1055 433 1120 constitutionibus
457 1067 493 1120 et
517 1057 798 1122 ordinationibus
826 1057 1049 1138 apostolicis,
1081 1058 1303 1140 caeterisque
1335 1068 1401 1123 etc.

135 1162 202 1228 Dat.
227 1163 368 1225 Romae
392 1173 459 1227 etc.
483 1165 541 1227 die
565 1165 640 1228 XII
662 1165 782 1228 Martii
810 1185 904 1244 1525.

655 1432 861 1443 vvuxwmvvvvvs

723 1733 786 1798 197

369 1849 507 1931 (11111111.
537 1851 578 1930 de
605 1785 845 1952 lotharingia
872 1850 1045 1930 0111111111
1072 1850 1150 1930 VII.
1205 1845 1206 1848 ‘

269 1997 339 2069 (sut
356 1997 496 2056 0111111111
513 1997 576 2056 m
593 1997 725 2056 Litterae
742 1997 845 2057 111111.
863 1997 1027 2071 principum·
1045 1996 1117 2055 tutu
1135 1995 1181 2056 111
1199 1997 1252 2066 te.)

625 2111 677 2171 (12.
697 2110 787 2158 Martii
810 2106 896 2176 1525.)

209 2239 323 2322 Quum
347 2241 465 2304 multis
481 2241 624 2328 omnino
643 2241 844 2305 nominibus
862 2243 949 2305 haec
966 2251 1128 2324 tempora
1145 2261 1210 2304 nos
1227 2239 1399 2324 affligant,

130 2345 330 2410 Beatissime
354 2349 480 2428 Pater,
508 2357 582 2410 turn
610 2368 717 2410 unum
746 2350 813 2411 hoc
844 2347 1063 2430 potissimum
1088 2369 1142 2411 me
1169 2348 1235 2410 urit
1259 2369 1300 2409 ac
1326 2369 1397 2410 cru-

130 2453 205 2532 ciat,
230 2456 325 2536 quod
348 2455 416 2516 hoc
441 2456 582 2517 demum
605 2475 690 2518 vere
715 2455 922 2518 calamitoso
947 2458 1107 2535 11111111,
1134 2475 1193 2517 eas
1217 2455 1400 2518 videamus

129 2571 275 2642 exortas,
290 2560 834 2643 111111111111111111,111111111,
849 2581 938 2644 quae
949 2581 1020 2624 non
1034 2560 1109 2623 sine
1123 2561 1399 2625 Christianarum

130 2668 314 2730 animarum
355 2667 494 2749 ingenti
537 2667 737 2731 discrimine
784 2678 856 2730 tam
901 2669 1029 2730 multos
1064 2667 1195 2749 ubique
1230 2666 1398 2732 inficiunt.

130 2772 234 2836 Unius
257 2774 419 2837 nimirum
443 2774 588 2836 Martini
603 2773 749 2838 Lutheri
774 2794 894 2857 opera,
920 2774 979 2857 qui
1002 2775 1058 2837 vir
1080 2773 1399 2858 pestilentissimus,

127 2881 414 2959 pestilentissimis
451 2883 523 2944 suis
556 2882 752 2963 dogmatis,
783 2903 855 2945 non
887 2882 1000 2964 ipsam
1036 2882 1141 2944 modo
1173 2880 1399 2945 Germaniam

126 2986 245 3051 imbuit
267 2988 365 3051 cuius
386 2989 568 3052 meliorem
591 2998 730 3070 partem
745 2989 814 3051 iam
830 2990 920 3071 proh
937 2988 1041 3051 dolor
1056 2988 1216 3050 videmus
1239 2989 1273 3050 in
1299 3010 1397 3072 prae·

127 3112 206 3176 ceps
231 3096 340 3177 abire,
364 3097 429 3158 sed
454 3106 490 3159 et
513 3095 648 3159 vicinas
672 3116 813 3177 quoque
842 3095 1005 3158 nationes
1033 3094 1187 3176 pessimo
1218 3093 1306 3157 istoc
1330 3095 1397 3157 fer-

126 3213 239 3264 mento
263 3202 314 3265 sic
337 3202 446 3265 viciat
471 3202 745 3284 corrumpitque,
769 3211 808 3265 ut
831 3222 944 3264 novos
961 3200 1111 3264 subinde
1127 3222 1211 3263 suae
1234 3199 1399 3265 factionis

127 3308 308 3373 seditiosos
331 3309 563 3391 perditosque
587 3311 730 3372 rabulas
755 3318 935 3390 procreet,
970 3308 1028 3390 qui
1056 3308 1166 3388 ipsius
1196 3311 1398 3390 exemplum

126 3416 243 3495 secuti,
270 3418 317 3479 ad
353 3416 467 3498 ipsarn
499 3416 726 3479 christianam
755 3415 985 3497 Religionem
1017 3416 1294 3498 perturbandam
1328 3436 1398 3479 non

124 3533 287 3587 1111111111
311 3525 494 3587 accedere.
542 3522 646 3603 Quod
671 3522 823 3604 quidem,
849 3542 955 3604 quum
976 3520 1108 3603 passim
1126 3542 1216 3583 nunc
1235 3542 1303 3583 non
1328 3543 1399 3584 uno

123 3627 155 3689 in
183 3631 263 3693 loco
293 3630 417 3693 videre
441 3630 502 3711 sit,
531 3638 605 3692 tum
637 3639 673 3692 et
706 3629 742 3691 in
767 3638 889 3691 nostra
915 3648 1054 3710 quoque
1078 3627 1230 3689 Metensi
1256 3628 1399 3709 diocesi,

124 3734 214 3797 haud
250 3738 299 3800 ita
334 3736 474 3819 pridem
510 3734 701 3816 contigisse
734 3734 983 3815 cognovimus:
1022 3734 1082 3795 ubi
1118 3754 1163 3795 ex
1203 3734 1267 3795 hac
1301 3734 1399 3797 facti·

123 3861 260 3906 osorum
283 3844 543 3924 impiorumque
571 3842 751 3906 hominum
775 3852 874 3904 secta
899 3843 968 3903 duo
994 3839 1198 3917 extiterunt,
1224 3840 1282 3921 qui
1307 3842 1398 3903 dam-

121 3950 300 4014 natissima
324 3972 389 4013 sua
413 3950 586 4028 doctrina,
610 3949 771 4012 incautos
795 3948 981 4029 imperitae
1005 3946 1239 4009 multitudinis
1265 3946 1399 4010 animos

122 4058 291 4120 seducere
315 4060 548 4123 conabantur.
596 4056 638 4118 Id
663 4057 757 4138 quod
780 4065 852 4117 tum
869 4074 974 4135 quum
991 4054 1110 4134 reipsa
1127 4054 1399 4136 haudquaquam

121 4165 270 4227 obscure
295 4164 471 4245 facerent,
505 4176 669 4245 essetque
693 4162 846 4243 idipsum
871 4162 915 4223 ad
942 4170 1082 4223 nostros
1108 4158 1298 4222 officiarios
1322 4182 1398 4242 per-

123 4270 248 4351 latum,
281 4275 398 4354 probe
430 4271 583 4334 scientes
608 4271 681 4350 illi,
715 4290 821 4351 quam
844 4268 971 4331 merito
1005 4286 1069 4330 nos
1094 4266 1176 4328 odio
1201 4266 1399 4330 huiusmodi

121 4377 350 4455 pessimorum
375 4377 556 4440 hominum
580 4376 881 4457 conspirationem
915 4393 1191 4456 prosequamur,
1228 4372 1399 4455 simulque

122 4484 203 4563 quid
218 4484 323 4547 istinc
340 4485 555 4547 abeuntibus
574 4484 677 4546 nobis
692 4484 727 4545 in
750 4480 928 4545 mandatis
950 4490 1011 4543 tua
1035 4480 1192 4543 dedisset
1210 4480 1400 4561 SanctitaS,

122 4590 207 4654 duos
227 4592 308 4655 illos
324 4591 528 4655 carceribus
545 4590 800 4672 mancipandos
815 4597 1039 4668 curaverunt,
1065 4589 1214 4649 alterum
1232 4586 1399 4649 videlicet

121 4695 155 4759 in
169 4696 265 4762 Vico
281 4698 425 4782 oppid0,
450 4701 601 4761 alterum
625 4718 711 4761 vero
736 4696 771 4758 in
789 4695 911 4776 eaipsa
933 4692 1086 4756 Metensi
1111 4692 1264 4756 civitate.
1302 4692 1400 4773 Quos

121 4804 179 4866 ubi
203 4804 267 4867 diu
290 4806 359 4869 iam
383 4815 586 4869 asservatos
609 4804 892 4885 diligenterque,
917 4820 958 4862 ac
983 4800 1076 4862 omni
1101 4808 1243 4863 servata
1267 4800 1399 4863 christi-

121 4931 209 4975 anae
233 4911 378 4994 pietatis
400 4933 546 4975 mansue
564 4912 669 4974 udine
694 4909 814 4994 sepius
838 4906 1149 4989 commonefactos,
1174 4906 1400 4970 nihilosecius

146 5026 228 5078 8111111,
240 5029 385 5069 Documenta
394 5030 532 5069 Larumna
1206 5030 1241 5083 28
