3425 5700
783 582 1029 641 >-<3318ἱ><’

266 734 371 796 modo
406 730 610 794 demerendi
646 730 710 793 sed
742 737 778 792 et
809 733 922 794 verbo
951 729 1138 794 erudiendi
1173 736 1256 792 sunt
1285 735 1392 810 atque
1423 725 1546 809 eciam,

167 920 169 924 Ι
267 840 296 903 si
320 840 369 902 ita
393 858 483 921 opus
507 838 569 917 sit,
601 836 707 899 armis
730 836 975 919 spiritualibus
1008 834 1259 919 expugnandi;
1293 835 1461 918 Episcopi
1493 834 1547 897 sui

269 946 376 1010 officii
401 944 665 1023 commonendi,
691 942 853 1007 civitates
876 945 913 1007 in
938 943 1056 1008 officio
1080 942 1334 1024 continendae,
1359 939 1548 1025 gymnasia

267 1054 504 1130 adhortanda,
534 1050 697 1113 monachi
722 1050 917 1131 excitandi,
954 1049 1050 1113 docti
1073 1050 1205 1131 ubique
1228 1069 1292 1130 spe
1317 1059 1353 1112 et
1376 1047 1547 1131 pollicita·

267 1160 363 1223 tione
386 1158 574 1223 alliciendi.
622 1158 662 1219 In
688 1157 816 1240 quibus
840 1169 937 1221 certe
966 1177 1037 1220 non
1068 1156 1250 1219 minimum
1278 1157 1437 1237 pondus,
1468 1174 1549 1219 mea

267 1266 445 1349 opinione,
470 1265 573 1328 situm
599 1274 661 1328 est.
710 1264 970 1345 Perpurganda
994 1283 1136 1346 quoque
1155 1265 1287 1326 rudera
1311 1262 1450 1344 Curiae,
1473 1282 1547 1325 cur·

267 1375 461 1438 tisanorum
485 1372 620 1435 scilicet
645 1371 717 1450 fex,
741 1371 897 1453 bonique
912 1370 1155 1435 tantummodo
1172 1390 1214 1433 ac
1231 1370 1339 1452 docti,
1362 1370 1397 1433 in
1421 1368 1550 1453 quibus

268 1500 407 1563 semper
430 1478 623 1560 presidium
646 1478 682 1541 in
707 1489 874 1559 promptu
899 1490 972 1558 est,
995 1476 1238 1559 provehendi3
1270 1477 1307 1539 id
1331 1478 1427 1559 quod
1451 1484 1549 1539 certe

268 1588 308 1651 T.
333 1586 368 1651 S.
395 1586 463 1649 erit
485 1586 520 1647 in
545 1584 667 1667 primis
692 1604 834 1657 curare:
869 1594 976 1666 atque
1000 1594 1038 1647 ut
1061 1584 1156 1648 idem
1179 1583 1243 1648 fiat
1266 1605 1289 1647 a
1312 1584 1479 1649 Patribus
1504 1586 1550 1647 ab

269 1693 455 1777 Episcopis
472 1703 533 1755 tua
549 1691 759 1755 auctoritate
779 1691 1011 1755 intercedere.
1059 1691 1150 1754 Nam
1174 1691 1204 1754 si
1228 1693 1353 1755 horum
1376 1694 1550 1755 hactenus

271 1801 381 1865 maior
404 1798 529 1863 fuisset
553 1798 675 1861 habita
700 1798 801 1880 ratio,
826 1808 924 1861 certe
948 1818 1018 1862 non
1042 1808 1114 1861 tam
1138 1798 1292 1880 pessime
1307 1798 1414 1862 hodie
1429 1796 1551 1861 Eccle-

271 1908 345 1973 siae
369 1906 551 1990 negotium
577 1906 724 1969 audiret.
782 1906 967 1968 Postremo
1001 1904 1215 1969 Germaniae
1248 1916 1392 1970 nostrae
1423 1924 1550 1988 grava·

270 2016 364 2080 mina
389 2013 586 2078 relaxanda
614 2022 726 2092 erunt,
751 2012 800 2074 ita
823 2013 918 2075 enirn
942 2032 1012 2076 non
1037 2032 1231 2094 paucorum
1254 2013 1390 2075 animos
1412 2013 1453 2076 Τ.
1482 2011 1551 2075 sibi

272 2122 308 2187 S.
334 2119 582 2185 demerebitur.
629 2118 828 2183 Novissime
853 2140 940 2183 vero
964 2119 1078 2182 omnis
1101 2119 1285 2184 Ecclesiae
1307 2120 1433 2201 facies,
1458 2138 1551 2201 quae

272 2240 369 2294 certe
393 2246 464 2290 non
489 2247 558 2290 una
581 2236 684 2308 parte
708 2227 898 2309 deturpata
930 2234 1000 2306 est,
1024 2225 1251 2312 reformanda
1274 2225 1350 2290 erit.
1397 2226 1499 2289 Haec
1523 2225 1552 2287 si

271 2337 311 2401 T.
337 2334 373 2399 S.
399 2333 600 2418 promiserit
616 2333 882 2415 prestiteritque
897 2332 1042 2396 dubium
1058 2332 1141 2395 mihi
1163 2354 1234 2410 non
1258 2333 1325 2396 erit
1348 2344 1552 2417 presentem

272 2463 378 2526 posse
402 2449 651 2523 tempestatem
677 2440 804 2503 sedari.
852 2438 996 2503 Suadeo
1029 2449 1146 2503 tamen
1171 2441 1308 2505 interea
1333 2452 1370 2504 et
1392 2440 1428 2505 in
1453 2440 1553 2503 Urbe

274 2550 368 2615 etin
393 2546 490 2611 Orbe
515 2568 556 2610 ac
581 2548 713 2629 passim
737 2568 802 2629 per
834 2546 975 2629 singula
1005 2548 1221 2612 monasteria
1254 2552 1399 2612 crebras
1431 2568 1553 2631 preca·

274 2658 394 2721 ciones
416 2654 503 2735 fieri,
525 2654 632 2717 indici
649 2653 789 2735 ieiunia,
817 2655 933 2716 Deum
954 2655 1197 2717 communibus
1220 2656 1314 2719 votis
1332 2676 1374 2719 ac
1387 2655 1555 2737 lacrymis

274 2783 425 2828 exorare
441 2772 480 2825 ut
496 2781 561 2824 nos
578 2764 623 2824 ab
647 2762 714 2824 hac
741 2770 940 2843 temporum
963 2760 1098 2824 malitia
1120 2760 1259 2841 liberet,
1284 2773 1320 2826 et
1342 2765 1468 2845 procul
1493 2764 1554 2826 du-

274 2872 333 2935 bio
357 2891 422 2934 nos
446 2890 515 2934 non
541 2871 696 2948 deseret,
726 2871 789 2932 sed
823 2879 858 2932 et
881 2887 1036 2950 sponsae
1060 2866 1214 2932 Sanctae
1239 2869 1420 2934 Ecclesiae
1445 2891 1556 2953 exop-

275 2990 385 3043 tatam
409 2976 556 3039 donabit
580 2996 715 3058 pacem.
763 2976 881 3039 Unum
897 2985 1060 3060 superest
1077 2977 1172 3058 quod
1188 2976 1243 3039 his
1257 2977 1371 3041 turbis
1386 2977 1557 3041 sedandis

276 3084 427 3167 aliquid,
463 3083 498 3146 ni
533 3081 648 3164 fallor,
674 3083 901 3145 emolumenti
937 3081 1085 3147 adferet.
1143 3082 1224 3146 Hoc
1255 3093 1309 3147 est
1344 3084 1373 3148 si
1403 3097 1558 3149 caveant

276 3191 457 3276 principes
481 3199 633 3252 caveant
648 3198 683 3252 et
707 3189 880 3270 civitates,
904 3190 1000 3252 nulla
1024 3190 1239 3253 clancularia
1270 3189 1348 3255 fieri
1376 3193 1556 3256 conventi·

277 3299 367 3379 cula,
391 3297 506 3359 nullas
531 3295 829 3377 conspirationes;
855 3313 913 3358 res
937 3294 1030 3358 enim
1053 3295 1167 3377 magis
1187 3296 1344 3364 factione
1360 3321 1464 3382 quam
1488 3320 1559 3382 pro

277 3405 429 3468 veritate
452 3403 588 3484 agitur;
615 3402 743 3466 deinde
760 3402 957 3466 sediciosae
974 3413 1014 3464 ut
1029 3403 1066 3467 in
1082 3405 1263 3486 publicum
1278 3407 1560 3471 declamationes

277 3511 534 3596 prohibeantur
558 3509 660 3572 simul
684 3517 719 3574 et
743 3509 803 3592 qui
827 3509 985 3574 famosos
1009 3509 1150 3574 libellos
1180 3514 1238 3575 vel
1270 3514 1380 3576 edunt
1405 3515 1465 3577 vel
1496 3535 1560 3578 ex-

278 3621 412 3683 cudunt
437 3625 495 3679 aut
519 3616 627 3679 etiam
650 3617 847 3679 divendunt
876 3627 915 3680 ut
947 3617 1153 3700 puniantur:
1189 3618 1393 3702 deligantur
1415 3642 1563 3704 quoque

280 3725 340 3808 qui
364 3723 612 3806 perquirendis
635 3723 704 3787 illis
728 3724 864 3806 presint
887 3725 990 3787 simul
1015 3735 1050 3786 et
1074 3725 1327 3792 concionantes
1355 3731 1565 3798 observent.

279 3831 449 3914 Episcopi
489 3830 594 3894 etiam
626 3831 885 3894 auscultatores
917 3833 1112 3894 decernant
1141 3832 1201 3914 qui
1232 3836 1357 3899 horum
1388 3838 1567 3919 dogmata

280 3939 484 4003 diiudicent.

370 4045 471 4109 Haec
495 4066 561 4129 pro
586 4067 664 4109 mea
676 4045 888 4126 temeritate,
911 4045 1123 4111 Beatissime
1138 4047 1256 4129 Pater,
1281 4049 1441 4131 pluribus
1463 4049 1568 4114 forte

282 4173 387 4235 quarn
411 4172 502 4234 opus
527 4163 613 4234 erat,
643 4153 683 4216 T.
708 4149 745 4216 S.
774 4172 999 4217 commonere
1031 4154 1145 4234 volui,
1175 4175 1246 4219 non
1278 4158 1372 4238 quod
1400 4157 1569 4222 dubitem

283 4261 408 4324 adesse
433 4259 497 4322 tibi
522 4260 579 4343 qui
614 4257 650 4323 S.
676 4260 715 4322 T.
748 4259 874 4322 similia
906 4267 941 4322 et
969 4261 1111 4324 saniora
1141 4274 1351 4346 suggerant,
1382 4264 1444 4328 sed
1477 4267 1572 4346 quia

282 4387 337 4430 me
362 4365 471 4429 officii
495 4387 635 4450 quoque
651 4365 719 4430 mei
735 4367 909 4430 rationem
926 4367 1060 4430 habere
1078 4369 1255 4450 oportuit;
1280 4390 1361 4434 nam
1384 4371 1444 4435 ubi
1468 4393 1572 4438 com·

283 4494 387 4538 mune
402 4473 597 4555 periculum
613 4473 780 4552 imminet,
805 4473 854 4535 ibi
879 4483 977 4536 certe
990 4474 1026 4536 in
1047 4474 1228 4555 publicum
1245 4479 1467 4542 consultandi
1491 4500 1575 4547 om-

283 4583 386 4645 nibus
411 4599 527 4662 aequa
549 4580 701 4643 facultas
725 4592 779 4642 est
835 4579 977 4642 Vellem
1001 4600 1069 4662 ego
1093 4583 1186 4645 hunc
1210 4582 1363 4649 animum
1385 4605 1503 4649 meum
1531 4589 1574 4653 in

284 4687 410 4751 litteris
434 4707 531 4767 esse,
563 4697 602 4748 ut
633 4687 767 4749 scilicet
800 4707 872 4749 non
903 4686 1058 4750 consiliis
1081 4692 1187 4752 modo
1211 4693 1275 4753 sed
1298 4713 1338 4756 re
1361 4713 1506 4775 quoque
1533 4709 1576 4762 et

285 4815 395 4876 opera
408 4796 585 4856 turbatam
603 4793 785 4856 Ecclesiae
810 4812 935 4876 pacem
959 4793 1201 4870 vindicarent;
1226 4818 1348 4861 verum
1365 4807 1577 4866 mutescunt

284 4900 487 4984 gymnasia,
520 4898 699 4962 dormiunt
729 4899 892 4963 monachi
916 4908 952 4963 et
975 4903 1080 4984 pauci
1112 4903 1301 4967 admodum
1332 4915 1413 4969 sunt
1440 4907 1505 4987 qui
1531 4931 1579 4974 se
