3425 5700
632 564 880 625 *balbo-0

131 738 250 801 gregat
274 718 307 781 el
332 714 506 803 Concilio)
531 726 567 780 et
590 714 777 779 tractarasi
800 715 850 777 tal
875 734 958 777 cosa
982 734 1059 777 curn
1090 712 1114 775 li
1143 709 1224 775 altri
1248 710 1322 788 Re,
1358 726 1395 771 et

132 825 276 907 Principi
300 823 492 888 Christiani
515 825 647 907 perche
672 844 777 888 senza
800 824 878 885 loro
903 841 974 885 non
1004 819 1033 885 si
1062 820 1123 901 pol
1151 816 1206 880 iar
1234 814 1394 881 Concilio

131 930 328 995 Universale
352 932 418 995 che
442 931 525 995 vadi
548 933 630 995 ben.

206 1039 286 1101 Non
310 1040 473 1119 besogna
496 1038 562 1101 che
587 1035 660 1102 Sua
683 1035 821 1101 Maesta
852 1035 992 1099 remetti
1024 1043 1150 1116 questa
1178 1051 1276 1111 cosa,
1306 1050 1328 1092 a
1360 1032 1395 1094 la

130 1154 247 1207 venuta
270 1144 322 1209 dil
346 1164 436 1226 gran
461 1142 672 1209 Cancellieri
696 1145 741 1207 de
765 1163 849 1226 qua,
875 1142 1007 1225 perche
1030 1142 1049 1205 ἐ
1074 1136 1276 1203 necessaria
1298 1136 1320 1199 l'
1336 1156 1393 1200 au·

131 1250 222 1314 torita
246 1271 321 1331 sua,
347 1261 383 1315 et
406 1270 478 1313 non
502 1252 547 1313 de
570 1270 694 1315 menor
715 1270 880 1333 persone,
905 1251 950 1313 ad
974 1248 1030 1312 far
1053 1249 1119 1311 che
1142 1246 1252 1328 quelli
1270 1243 1395 1327 populi

132 1358 347 1422 obediscano.
394 1356 510 1422 Etiam
533 1357 665 1440 perche
690 1360 725 1421 el
752 1376 842 1439 gran
872 1353 1082 1420 Cancellieri
1112 1374 1184 1417 non
1218 1352 1394 1434 potrebbe

132 1465 210 1530 cossi
232 1466 319 1550 ogni
350 1465 435 1529 fiata
468 1464 574 1549 piliar
598 1464 826 1529 conclusione
850 1464 944 1527 deli
968 1461 1116 1527 remedii
1138 1463 1204 1524 che
1227 1460 1394 1542 perereb-

132 1574 212 1637 beno
245 1594 267 1635 a
294 1575 329 1637 la
360 1572 526 1649 giornata
559 1592 657 1635 esser
680 1572 891 1653 necessarii,
915 1591 1022 1635 senza
1044 1589 1140 1632 nova
1161 1574 1326 1649 resposta
1349 1566 1393 1627 de

133 1676 194 1743 Sua
216 1678 351 1744 Maesti
375 1680 442 1743 che
466 1680 619 1743 sarebbe
643 1699 728 1743 cosa
751 1678 995 1761 longhissima.
1042 1677 1088 1739 Et
1111 1684 1211 1739 tanto
1234 1673 1296 1755 piu
1327 1673 1393 1735 che

133 1786 161 1847 la
181 1786 329 1850 Natione
353 1784 569 1851 Gemanica
591 1784 896 1868 suspiciosissima,
920 1792 957 1849 et
980 1786 1167 1847 denatura
1182 1801 1296 1864 pocco
1311 1781 1392 1842 obe·

133 1892 258 1973 diente,
284 1913 355 1957 non
380 1894 538 1957 darebbe
562 1891 645 1957 fede
669 1914 691 1955 a
713 1895 747 1956 le
772 1893 1002 1972 ordinationi,
1034 1893 1100 1954 che
1127 1889 1310 1953 venissero
1335 1887 1395 1950 dal

132 2018 211 2080 gran
233 1999 441 2063 Cancellieri
464 2001 615 2063 essendo
640 2000 689 2063 lui
712 2000 747 2063 in
772 2000 887 2078 Italia,
911 2000 990 2063 anci
1013 2000 1210 2062 direbbeno
1234 1997 1301 2059 che
1324 1993 1393 2057 lus-

132 2126 202 2170 sero
224 2106 416 2171 inventioni
441 2116 572 2171 nostre.
619 2107 647 2170 Il
681 2109 748 2171 che
783 2127 854 2170 non
882 2116 1036 2189 potrano
1060 2106 1136 2169 dire
1160 2125 1198 2167 se
1223 2100 1296 2167 Sua
1319 2100 1392 2165 Ma·

131 2212 200 2275 esti
211 2215 377 2278 mandara
392 2214 449 2277 un'
462 2214 568 2278 horno
584 2215 630 2277 de
646 2214 820 2296 Hispania
841 2233 906 2296 per
930 2224 1056 2297 questa
1078 2232 1162 2277 cosa
1186 2213 1392 2275 solamente.

209 2320 368 2384 Adverta
391 2322 426 2383 la
449 2320 604 2385 Cesarea
626 2320 765 2385 Maesta
795 2322 862 2385 che
892 2341 959 2403 per
989 2322 1010 2384 l'
1026 2324 1140 2385 honor
1168 2319 1213 2382 de
1246 2318 1315 2381 Dio
1357 2326 1394 2380 et

132 2446 187 2490 suo
209 2430 357 2492 sarebbe
382 2431 477 2491 bono
501 2427 531 2491 si
546 2448 717 2509 pensasse
742 2431 787 2492 de
810 2429 933 2511 privar
956 2430 991 2492 lo
1008 2428 1147 2492 Elettor
1161 2427 1207 2489 de
1222 2422 1393 2504 Saxonia,

133 2541 163 2594 et
182 2534 361 2598 transferir
384 2537 419 2598 lo
442 2535 700 2607 Elettoratoin
724 2556 771 2599 un
795 2537 964 2618 Principe
997 2539 1063 2600 che
1094 2535 1155 2618 piu
1186 2534 1347 2616 piacesse
1372 2551 1394 2593 a

132 2636 196 2703 Sua
216 2640 353 2704 Maesta
380 2651 416 2705 et
439 2662 586 2724 paresse
609 2641 665 2706 far
688 2644 722 2706 al
746 2644 932 2725 proposito
957 2645 1001 2707 de
1025 2652 1152 2725 questa
1175 2639 1333 2719 materia,
1358 2646 1394 2701 et

132 2746 171 2807 de
192 2749 224 2810 le
246 2768 327 2811 cose
350 2769 422 2812 sue.
470 2749 606 2814 Perchd
631 2751 665 2815 el
689 2751 788 2814 detto
813 2752 857 2814 de
882 2750 1041 2814 Saxonia
1071 2770 1136 2832 per
1169 2768 1267 2811 esser
1299 2754 1392 2809 stato

131 2864 222 2918 autor
243 2865 277 2919 et
297 2856 416 2920 fautor
431 2857 475 2920 de
490 2865 616 2939 questa
632 2858 804 2939 haeresia,
819 2858 976 2923 meritasi
999 2879 1065 2941 per
1088 2859 1122 2921 le
1145 2856 1217 2939 legi
1241 2875 1342 2919 sacre
1357 2862 1394 2916 et

130 2959 290 3043 imperiali
304 2963 561 3046 esserprivat0,
570 2982 671 3026 corno
681 2947 786 3028 etiarn
795 2968 904 3047 perla
914 2965 1149 3048 ignominiosa
1161 2961 1392 3027 desobedien-

131 3067 181 3147 tia,
200 3071 233 3132 la
248 3073 328 3152 qual
342 3070 392 3134 lui
403 3073 450 3134 ha
467 3080 567 3133 usato
582 3081 706 3134 contra
719 3072 754 3134 lo
766 3070 895 3135 Edicto
907 3073 953 3136 de
964 3069 1037 3136 Sua
1049 3071 1188 3134 Maesta
1201 3078 1237 3132 et
1253 3069 1298 3131 de
1314 3076 1390 3129 tuto

132 3173 326 3259 lolmperio,
353 3178 418 3240 che
443 3177 479 3240 in
502 3197 588 3240 vero
614 3178 733 3241 &cosa
757 3199 827 3242 non
853 3181 1048 3243 solamente
1073 3180 1118 3242 de
1141 3197 1256 3260 pocco
1278 3175 1394 3237 honor

39 3341 40 3344 ,
131 3279 237 3347 aSua
258 3284 397 3348 Maesta
420 3305 478 3348 ma
501 3305 633 3348 ancora
656 3285 858 3367 periculosa
891 3285 927 3348 in
950 3285 1031 3350 farli
1062 3285 1205 3367 minuir,
1239 3291 1275 3346 et
1304 3280 1392 3344 forsi

130 3388 241 3453 levarli
262 3394 296 3455 la
320 3391 526 3456 obedientia
549 3393 596 3454 de
619 3391 643 3454 li
667 3392 746 3454 altri
771 3393 940 3474 Principi‚
965 3402 1002 3456 et
1025 3393 1165 3474 Populi,
1189 3412 1228 3454 se
1251 3390 1391 3452 vedeno

130 3513 169 3557 un
192 3499 278 3562 cossi
301 3497 491 3562 manifesto
516 3518 616 3561 error
640 3499 696 3562 del
714 3500 816 3562 Duca
841 3501 886 3562 de
907 3497 1067 3562 Saxonia
1090 3518 1188 3563 esser
1209 3494 1392 3579 impunito.

208 3603 364 3669 Sarebbe
388 3624 498 3668 ancor
520 3606 616 3668 bono
641 3605 707 3668 che
731 3603 805 3668 Sua
832 3605 971 3669 Maesta
995 3625 1182 3689 pensasse,
1207 3625 1228 3666 a
1252 3601 1391 3666 dochia-

130 3725 181 3770 rar
200 3730 263 3794 per
283 3713 413 3776 adesso
437 3731 508 3774 una
531 3713 607 3775 sola
630 3712 676 3775 de
700 3712 818 3793 quelle
842 3721 937 3775 terre
960 3713 1107 3776 franche
1132 3732 1230 3776 esser
1253 3711 1392 3773 incorsa

132 3812 162 3876 in
192 3818 224 3880 le
254 3837 370 3900 poene
402 3819 461 3882 del
492 3817 618 3880 Banno
642 3817 846 3900 Imperiale,
883 3828 919 3882 et
941 3820 1094 3884 metterli
1133 3821 1167 3882 le
1197 3817 1393 3900 represalia

129 3919 153 3982 si
174 3942 236 4004 per
257 3923 459 4006 Germania,
484 3944 584 3988 como
609 3945 674 4007 per
689 3925 755 3987 tuti
771 3925 794 3988 li
811 3927 915 4008 lochi,
941 3928 1032 3990 dove
1055 3928 1175 3990 hanno
1198 3925 1391 3989 mercantie

41 4037 42 4114 J
129 4033 215 4092 tanto
238 4031 296 4115 pili
320 4033 387 4095 che
412 4031 442 4095 si
464 4033 556 4095 vede
580 4031 649 4095 essi
673 4033 843 4096 medesmi
867 4033 1037 4097 mercanti
1059 4036 1169 4096 molto
1184 4034 1296 4097 haver
1311 4050 1390 4114 pec·

130 4145 198 4198 cato
227 4137 261 4200 in
293 4148 420 4222 questa
453 4137 626 4202 haeresia.
683 4137 817 4218 Questo
857 4141 1044 4204 volentieri
1078 4142 1330 4203 vederebbeno
1367 4139 1389 4202 li

41 4281 43 4310 2
131 4239 272 4328 Principi
295 4249 341 4309 de
366 4244 575 4327 Germania,
600 4256 636 4310 et
659 4266 697 4309 se
722 4245 886 4310 metteria
908 4257 1034 4328 terror,
1064 4269 1086 4310 a
1115 4250 1149 4311 le
1173 4248 1262 4310 altre
1285 4255 1390 4324 terre,

41 4395 43 4416 ι
130 4357 159 4408 et
179 4351 311 4435 Populi,
336 4353 443 4417 etiam
468 4374 538 4416 non
562 4373 667 4416 senza
691 4354 828 4435 grande
856 4354 941 4418 utile
974 4355 1020 4418 de
1055 4351 1128 4418 Sua
1150 4353 1299 4416 Maesta.
1346 4353 1391 4415 Et

130 4457 231 4533 questi
254 4480 322 4523 non
347 4480 436 4523 sono
460 4460 607 4524 remedii
632 4459 732 4541 novi,
757 4481 815 4524 ma
838 4461 1107 4541 consuetissimi,
1132 4470 1168 4523 et
1191 4481 1257 4543 per
1279 4463 1388 4524 molto

43 4573 44 4632 j
130 4579 239 4628 menor
261 4586 366 4630 causa
392 4567 438 4628 da
462 4566 485 4628 li
509 4566 595 4630 boni
618 4566 829 4648 Imperatori
852 4567 912 4648 piu
936 4569 1034 4630 volte
1057 4566 1158 4630 usati.

204 4671 425 4738 Finalmente
447 4674 572 4755 tenghi
595 4683 693 4737 certo
718 4672 791 4737 Sua
815 4673 952 4738 Maesta
981 4677 1046 4737 che
1075 4674 1206 4737 Nostro
1234 4672 1388 4754 Signore

131 4793 190 4838 non
211 4779 239 4842 si
263 4801 366 4844 move
391 4780 427 4844 in
451 4791 577 4862 questa
600 4800 686 4848 cosa
709 4801 775 4862 per
798 4781 831 4843 el
855 4780 995 4863 privato
1021 4781 1223 4862 commodo,
1248 4800 1270 4843 o
1293 4781 1390 4857 utile,

47 4976 53 4987 .
131 4881 185 4950 che
206 4888 336 4975 venghi
363 4888 408 4956 de
433 4889 467 4954 la
483 4885 675 4958 Germania
699 4909 720 4952 a
743 4897 869 4973 questa
893 4887 1019 4960 Corte;
1044 4890 1109 4952 che
1132 4896 1229 4950 certo
1254 4889 1388 4959 &tanto
