3425 5700
775 1414 1033 1535 Appendix.

625 1632 674 1711 De
701 1631 891 1711 natalibus
919 1630 1110 1712 Clementis
1136 1631 1216 1711 VH.

710 1772 796 1841 (Am.
815 1769 891 1829 Vm
910 1785 982 1843 capr.
1002 1770 1018 1827 t
1036 1769 1069 1827 ll.
1087 1770 1122 1840 1.)

784 1884 837 1941 (20.
856 1883 928 1945 Sept.
951 1878 1038 1948 1513.)

277 2020 367 2083 Leo
409 2021 663 2105 Episcopus
704 2021 863 2087 Servus
893 2023 1128 2087 Servorum
1161 2022 1241 2085 Dei
1273 2024 1326 2084 ad
1357 2020 1557 2083 futuram

733 2130 798 2194 rei
828 2131 1093 2194 memoriam.

365 2251 425 2313 Ad
441 2252 643 2316 Romanum
660 2254 869 2318 Pontificem
884 2254 1044 2337 inprimis
1057 2254 1211 2337 pertinet
1223 2274 1292 2316 non
1305 2255 1417 2316 solum
1433 2249 1556 2313 Salva·

275 2358 362 2421 toris
376 2360 518 2421 Domini
535 2362 645 2424 nostri
659 2362 745 2441 Jesu
757 2361 887 2425 Christi
900 2362 1059 2443 singulas
1075 2362 1234 2425 actiones
1250 2382 1319 2443 que
1336 2359 1380 2423 ad
1397 2368 1556 2421 nostram

276 2475 357 2528 sunt
379 2466 658 2550 instructionem,
682 2490 804 2531 verum
837 2470 943 2532 etiam
975 2468 1050 2532 eius
1077 2472 1189 2533 verba
1219 2489 1288 2550 que
1318 2488 1387 2530 non
1419 2468 1555 2547 absque

276 2571 444 2654 profundi
468 2594 593 2637 sensus
617 2576 772 2638 misterio
797 2576 954 2657 protulit,
980 2578 1110 2657 quique
1135 2576 1243 2649 dixit;
1289 2575 1368 2657 Ego
1392 2594 1469 2636 sum
1492 2574 1554 2634 lux

276 2680 413 2762 mundi,
449 2701 518 2762 que
551 2682 662 2764 pulsis
694 2682 894 2763 ignorantie
925 2684 1102 2764 tenebris,
1133 2683 1284 2745 veritate
1318 2680 1458 2763 previa,
1489 2700 1556 2761 per

277 2798 409 2849 rectam
427 2788 558 2853 iustitie
576 2788 735 2854 semitam
753 2800 881 2854 cuncta
898 2791 1005 2873 ducit,
1021 2790 1161 2864 imitari;
1187 2789 1354 2872 quocirca
1376 2809 1442 2850 nos
1467 2786 1552 2850 eius-

277 2895 357 2958 dem
383 2893 582 2960 Salvatoris
606 2899 727 2978 nostri,
751 2898 835 2960 licet
858 2898 1040 2979 immeriti,
1069 2898 1166 2963 vices
1189 2907 1357 2980 gerentes
1381 2897 1417 2959 in
1440 2894 1556 2972 terris,

276 3023 316 3064 ac
341 3003 376 3065 in
402 3005 486 3067 sede
511 3004 643 3068 iustitie
668 3005 788 3068 divina
813 3006 1047 3088 dispositione
1070 3007 1195 3087 locati,
1221 3027 1267 3068 ex
1292 3004 1413 3068 debito
1437 3013 1554 3085 pasto·

278 3109 362 3172 ralis
386 3110 512 3190 officii,
543 3121 581 3174 ut
605 3133 904 3195 quorumcumque
929 3132 1160 3195 personarum
1192 3123 1303 3177 status
1335 3120 1370 3174 et
1399 3108 1555 3171 conditio

276 3218 593 3300 proutdecetequo
603 3219 1369 3303 libraminepensitenturetunicuiquesuum
1380 3217 1556 3280 tribuatur

275 3322 339 3404 ius,
364 3343 487 3388 curare
512 3335 672 3390 tenemur
688 3337 733 3409 et,
759 3336 942 3410 comperta
957 3328 1118 3408 veritate,
1143 3326 1393 3391 declarationis
1409 3323 1555 3386 oraculo

277 3432 373 3493 clara
398 3441 433 3494 et
455 3434 563 3514 plana
587 3434 717 3515 iacere,
741 3443 780 3496 ut
804 3435 934 3498 exinde
959 3455 1109 3498 erronea
1125 3434 1292 3518 opinione
1315 3442 1350 3496 et
1376 3427 1556 3494 contraria

275 3537 371 3600 sama
398 3539 558 3620 sublatis,
576 3541 689 3604 omnis
707 3543 898 3606 dubietatis
914 3543 1027 3607 fomes
1050 3550 1286 3606 removeatur.
1333 3539 1420 3602 Cum
1440 3555 1555 3617 nuper

275 3645 345 3708 fide
362 3644 548 3728 dignorum
565 3649 738 3712 relatione
754 3651 1017 3731 perceperimus
1042 3651 1137 3732 quod
1161 3649 1310 3711 dilectus
1333 3646 1425 3708 filius
1441 3643 1555 3723 Julius

275 3751 418 3815 Electus
442 3753 681 3837 Florentinus,
715 3777 819 3838 quem
852 3759 1023 3820 hactenus
1055 3758 1099 3819 de
1129 3757 1306 3838 quondam
1337 3753 1479 3832 Juliano
1509 3751 1555 3810 de

276 3858 426 3922 Medicis
451 3860 536 3924 Cive
560 3863 785 3943 Florentino,
823 3865 1014 3927 secundum
1039 3885 1180 3927 carnem
1217 3862 1350 3925 Patruo
1374 3867 1495 3922 nostro
1519 3865 1556 3919 et

276 3966 421 4029 Floreta
444 3967 593 4030 Antonii
616 3968 766 4031 Muliere
782 3969 989 4033 Florentina
1011 3981 1095 4033 tunc
1118 3971 1153 4032 in
1177 3968 1338 4033 humanis
1353 3964 1556 4061 agentibus,

277 4073 431 4156 genituS,
456 4075 635 4137 defectum
661 4077 828 4139 natalium
853 4079 928 4159 pati
952 4086 1147 4159 reputatus,
1165 4095 1353 4157 secumque
1374 4085 1556 4156 tamquam

278 4181 454 4245 deiectum
492 4181 691 4245 huiusmodi
719 4184 889 4265 patiente,
923 4185 959 4247 in
997 4183 1261 4265 provisionibus
1302 4180 1556 4245 beneficiorum

278 4287 345 4349 sibi
370 4287 474 4350 iactis
498 4308 563 4369 per
586 4291 861 4371 predecessores
878 4301 1018 4354 nostros
1042 4302 1078 4354 et
1101 4312 1167 4373 per
1190 4312 1264 4372 nos,
1288 4310 1367 4352 cum
1381 4309 1494 4371 nuper
1509 4289 1555 4351 de

277 4414 431 4475 persona
456 4415 520 4457 sua
545 4397 696 4459 ecclesie
725 4396 913 4461 florentine
937 4407 1021 4460 tunc
1054 4408 1152 4461 certo
1176 4399 1282 4461 modo
1307 4396 1447 4459 vacanti
1473 4416 1556 4478 pro·

274 4500 497 4582 vidissemus,
528 4503 713 4585 ipsumque
737 4502 787 4565 illi
811 4503 1071 4585 proficissemus
1101 4505 1138 4567 in
1167 4504 1485 4587 Archiepiscopum
1519 4514 1557 4565 et

278 4609 461 4671 Pastorem
486 4619 526 4671 ut
549 4609 600 4672 illi
625 4630 770 4691 preesse
793 4620 917 4691 posset
940 4612 1182 4693 dispensatum
1205 4611 1282 4691 fuit,
1307 4612 1401 4694 quod
1432 4611 1468 4674 in
1498 4629 1556 4672 ve-

276 4714 380 4778 ritate
405 4737 450 4778 ex
474 4715 633 4798 legitimo
657 4703 880 4781 matrimonio
904 4719 996 4781 inter
1020 4721 1165 4782 eosdem
1196 4717 1372 4798 Julianum
1408 4727 1444 4781 et
1476 4716 1557 4780 Flo·

278 4831 390 4885 retam
414 4843 479 4904 per
506 4825 618 4886 verba
642 4823 798 4904 legitime
824 4827 868 4888 de
895 4828 1053 4907 presenti
1077 4836 1258 4890 contracto
1283 4837 1319 4889 et
1343 4825 1476 4888 carnali
1501 4845 1558 4888 co·

276 4931 361 5011 pula
385 4939 590 4992 consumato
614 4942 821 5013 procreatus
847 4942 923 4996 erat
946 4953 987 4995 ac
1012 4935 1109 5015 quod
1132 4933 1241 5016 aliqui
1258 4955 1304 4997 ex
1319 4934 1471 4997 testibus
1494 4934 1558 5016 qui
