3425 5700
771 551 921 608 satiat
960 554 1018 606 &0

254 708 373 762 tamen
397 697 431 760 in
448 695 730 778 impiissimarum
752 719 893 762 suarum
918 699 1211 781 propositionum,
1235 701 1413 783 pervicaci
1442 724 1537 766 asse·

255 805 416 868 vorantia
448 803 631 866 induratos
664 803 936 887 pertinacesque
971 826 1050 869 esse
1083 808 1355 890 cognovissent,
1379 829 1425 872 ne
1449 809 1537 890 quid

254 932 400 995 prorsus
424 909 620 974 sedulitatis
644 909 680 973 in
706 931 748 973 ea
771 931 809 974 re
835 914 881 974 ab
906 911 992 994 ipsis
1016 913 1309 996 desyderaretur‚
1333 935 1403 978 non
1429 917 1538 979 modo

255 1020 407 1102 optimos
431 1039 470 1080 ac
495 1016 718 1079 doctissimos
740 1037 901 1100 quosque
925 1019 1001 1082 eius
1031 1020 1100 1083 loci
1124 1023 1387 1100 consuluerunt,
1413 1043 1536 1085 verum

255 1139 290 1190 et
324 1129 369 1189 ab
403 1126 479 1206 ipsa
510 1143 652 1205 quoque
689 1124 883 1188 Parisiensi
915 1124 1079 1190 Sorbona
1110 1129 1277 1192 doctores
1306 1130 1540 1193 adsciverunt

255 1237 390 1315 aliquot
415 1231 471 1313 qui
499 1233 579 1292 dum
606 1241 734 1294 exacta
757 1240 965 1314 maturaque
991 1234 1263 1314 examinatione,
1288 1236 1412 1317 eaipsa
1426 1236 1540 1318 impia

255 1362 296 1403 ac
321 1339 434 1402 modis
458 1337 621 1401 omnibus
644 1338 826 1401 haeretica
856 1359 936 1403 esse
968 1339 1226 1423 comperissent
1265 1363 1355 1424 quae
1389 1347 1435 1405 ab
1467 1344 1540 1406 illis

256 1456 359 1510 erant
391 1447 436 1507 ad
469 1446 639 1526 populum
673 1445 886 1524 declamata,
919 1456 1027 1528 atque
1060 1447 1290 1529 pertinaciter
1325 1448 1430 1512 etiam
1463 1462 1539 1512 tum

257 1555 519 1630 asserebantur,
544 1571 665 1614 eorum
691 1553 851 1632 alterum,
876 1553 936 1635 qui
960 1554 1056 1634 apud
1080 1554 1264 1636 praefatos
1279 1555 1454 1619 Vicenses
1478 1558 1541 1619 de·

256 1661 452 1738 tinebatur,
483 1659 669 1722 ultricibus
701 1660 843 1721 tandem
874 1659 1079 1742 meritisque
1120 1660 1267 1726 flammis
1303 1662 1541 1728 tradiderunt.

256 1767 360 1849 Quod
384 1787 470 1828 sane
494 1776 726 1847 posteaquam
751 1775 934 1846 peractum
959 1778 1062 1848 esset,
1088 1768 1243 1850 regressi
1273 1768 1308 1831 in
1338 1769 1540 1833 Metensem

255 1876 368 1958 ipsam
393 1875 572 1936 civitatem
596 1872 707 1935 nostri
732 1871 905 1952 officiarii,
930 1893 973 1936 eo
997 1885 1079 1935 sunt
1103 1877 1263 1956 tumultu,
1289 1895 1333 1938 ea
1348 1876 1540 1956 seditione,

256 2003 299 2045 eo
323 1981 443 2043 furore
468 2001 489 2042 a
512 1979 691 2044 concitato
715 1982 997 2061 perturbatoque
1013 1980 1148 2062 populo
1171 1981 1325 2063 excepti,
1349 1990 1388 2044 ut
1411 2002 1539 2063 parum

256 2087 429 2168 abfuerit,
462 2086 545 2167 quin
580 2105 701 2148 omnes
735 2088 779 2147 ad
820 2105 926 2148 unum
961 2085 1094 2148 indicta
1130 2107 1257 2152 caussa
1293 2088 1541 2152 crudelissime

256 2203 502 2258 mactarentur.
550 2193 665 2255 Tanta
694 2192 862 2255 videlicet
896 2202 973 2255 erat
1006 2193 1142 2274 rabies,
1179 2214 1248 2256 non
1285 2194 1396 2276 ipsius
1430 2197 1540 2258 modo

256 2302 477 2384 plebeculae,
501 2303 564 2361 sed
590 2309 625 2360 et
649 2301 897 2361 nonnullorum
921 2318 1063 2381 quoque
1088 2320 1134 2362 ex
1158 2300 1245 2380 ipsis
1276 2301 1384 2364 totius
1417 2301 1535 2364 civita·

255 2409 300 2471 tis
323 2407 537 2490 primoribus
562 2425 650 2486 quos
675 2409 882 2468 seductores
906 2405 955 2467 illi
979 2405 1015 2467 in
1039 2405 1316 2487 perditissimam
1340 2428 1440 2471 suam
1463 2427 1540 2470 sec·

255 2525 327 2578 tam
352 2515 424 2577 suis
447 2513 516 2576 iam
541 2512 745 2595 praestigiis
769 2513 1004 2574 adduxerant.
1060 2512 1180 2593 Atque
1208 2512 1243 2575 in
1276 2515 1370 2576 hunc
1394 2517 1540 2578 modurn

255 2621 495 2684 vociferantes
519 2619 701 2700 indignum
727 2618 880 2701 facinuS,
911 2619 1006 2699 quod
1029 2622 1180 2701 probum
1205 2619 1341 2684 scilicet
1359 2621 1541 2685 hominem

255 2729 526 2804 interemissent,
552 2746 614 2788 eos
637 2727 735 2808 ipsos
759 2725 951 2788 officiarios
988 2736 1138 2804 nostros,
1179 2746 1257 2789 cum
1288 2748 1419 2809 magna
1452 2728 1541 2792 sica·

254 2835 386 2899 riorum
412 2836 558 2899 cohorte
583 2833 806 2915 vestigarunt
830 2842 867 2894 ut
891 2831 1104 2915 ingularent.
1153 2831 1251 2914 Quos
1281 2834 1342 2897 ubi
1368 2835 1430 2898 diu
1453 2839 1540 2899 mul-

253 2954 397 3024 tumque
421 2942 600 3024 quaesitos
615 2961 681 3002 non
700 2951 846 3021 possent
870 2940 1042 3018 invenire,
1067 2939 1102 3002 in
1127 2942 1235 3003 aedes
1258 2943 1402 3005 tandem
1424 2944 1539 3006 cuius·

255 3052 335 3113 dam
360 3070 405 3111 ex
429 3048 607 3130 precipuis
639 3046 769 3109 nostris
804 3046 1056 3125 familiaribus,
1088 3046 1144 3108 cui
1177 3058 1321 3111 nostrae
1352 3047 1542 3113 Goziensis

255 3156 422 3219 abbatiae
447 3174 567 3217 curam
592 3154 829 3234 comissimus,
860 3173 930 3215 non
964 3153 1173 3218 dubitarunt
1206 3153 1418 3238 irrumpere,
1449 3177 1543 3239 quas

257 3284 299 3325 ea
323 3262 540 3325 immanitate
565 3261 813 3342 compilarunt,
845 3271 884 3323 ut
919 3280 991 3323 non
1015 3261 1171 3323 contenti
1204 3264 1463 3344 supellectilem
1486 3274 1540 3327 to·

255 3381 325 3433 tam
350 3378 482 3450 quanta
505 3378 636 3449 quanta
662 3376 738 3429 erat
762 3366 969 3447 diripuisse,
998 3366 1175 3430 fenestras
1208 3387 1350 3451 quoque
1374 3374 1471 3451 ipsas
1493 3390 1541 3435 ac

254 3476 429 3559 parietes,
464 3475 637 3537 effrenata
670 3494 732 3535 sua
764 3473 903 3536 insania
940 3472 991 3535 ita
1020 3473 1265 3555 disruperunt,
1300 3484 1338 3537 ut
1370 3475 1400 3538 is
1437 3478 1540 3540 locus

254 3586 440 3665 plusquam
476 3580 597 3643 decies
633 3579 729 3643 mille
764 3578 979 3643 florenorum
1018 3578 1189 3643 iacturam
1225 3580 1353 3645 fecisse
1387 3582 1540 3651 dicatur.

253 3689 378 3770 Neque
403 3708 489 3751 vero
519 3688 554 3749 id
580 3707 642 3749 eos
665 3684 790 3767 flagitii
815 3686 968 3749 satiavit.
1015 3685 1108 3767 Quin
1133 3687 1168 3750 in
1193 3686 1307 3768 ipsam
1331 3691 1456 3753 urbem
1485 3712 1538 3754 re-

252 3795 357 3875 versi,
382 3806 521 3857 nostros
545 3796 636 3857 adeo
661 3813 823 3856 carceres
846 3792 951 3855 veriti
974 3813 1046 3857 non
1069 3802 1152 3856 sunt
1174 3793 1399 3877 perfringere
1426 3807 1465 3858 ut
1489 3801 1537 3859 al·

253 3914 366 3965 terum
389 3901 486 3964 illum
510 3900 725 3963 haereticum
755 3899 960 3978 liberarent,
989 3920 1093 3982 quem
1122 3911 1284 3983 ereptum
1315 3902 1360 3964 ad
1385 3904 1538 3984 primum

253 4028 394 4090 quoque
407 4008 562 4091 lapidem
580 4009 816 4085 deduxerunt,
842 4026 912 4088 quo
929 4007 1038 4070 tutius
1057 4029 1180 4070 manus
1197 4018 1338 4071 nostras
1354 4012 1537 4075 evaderet.

252 4116 352 4177 Haec
376 4114 485 4196 igitur
513 4134 618 4196 quum
655 4114 703 4176 ita
737 4112 808 4174 sint
840 4113 1053 4178 Beatissime
1084 4116 1193 4177 Pater
1222 4126 1425 4179 nostrarum
1456 4138 1538 4183 esse

253 4222 406 4302 pretium
431 4220 498 4282 rati
518 4241 647 4301 sumus,
672 4240 792 4282 eorum
809 4218 845 4281 S.
860 4220 898 4285 T.
917 4220 1105 4284 certiorem
1121 4222 1284 4299 reddere,
1308 4232 1346 4285 ut
1368 4221 1537 4287 idoneum

252 4328 496 4391 exorientibus
509 4326 708 4391 huiusmodi
720 4328 821 4389 malis
834 4328 1028 4390 remedium
1041 4329 1220 4391 adhibeat.
1237 4328 1276 4390 Id
1289 4330 1384 4410 quod
1395 4329 1538 4393 incunc-

251 4443 369 4497 tanter
381 4455 446 4497 nos
459 4444 556 4497 certe
570 4434 779 4511 faceremus
795 4446 903 4515 prout
913 4434 991 4516 ipsa
1003 4446 1123 4498 monet
1136 4434 1262 4516 pietas,
1276 4434 1424 4517 eiusque
1436 4457 1537 4500 reve·

251 4542 366 4605 rentia
379 4540 413 4603 in
425 4541 522 4603 cuius
532 4542 628 4603 haud
638 4540 743 4603 dubie
753 4551 992 4622 contemptum
1004 4542 1073 4604 ista
1080 4552 1334 4624 perpetrantur
1342 4543 1372 4604 si
1382 4542 1420 4605 id
1429 4544 1536 4607 modo

250 4649 286 4711 in
311 4658 432 4711 nostra
456 4667 560 4711 manu
585 4648 670 4709 satis
695 4660 798 4711 esset.
845 4648 981 4710 Verum
1005 4668 1111 4729 quum
1145 4648 1177 4710 ei
1208 4647 1260 4711 rei
1290 4648 1536 4713 conficiendae

251 4775 377 4836 parum
401 4775 466 4816 nos
490 4754 654 4817 sufficere
678 4755 895 4834 videremus,
931 4754 1044 4818 visum
1069 4763 1123 4816 est
1146 4756 1193 4816 ad
1217 4753 1392 4817 neminem
1416 4754 1536 4836 potius

251 4882 356 4946 quarn
386 4864 431 4925 ad
454 4862 494 4925 E.
519 4861 556 4925 S.
580 4862 621 4924 T.
650 4862 855 4942 confugere,
881 4881 973 4942 quae
1006 4861 1109 4923 nobis
1137 4859 1173 4922 in
1203 4880 1278 4923 rem
1312 4860 1536 4927 Christianae
