3425 5700
765 503 1012 559 &loedere

250 669 332 749 quin
358 690 413 732 me
439 671 533 750 apud
559 669 641 730 B¹¹¹'¹¹¹
663 668 704 731 V.
729 687 836 750 super
860 668 914 729 his
939 688 1159 749 excusarem,
1185 688 1229 730 ne
1262 667 1354 730 forte
1375 668 1531 729 tacendo

249 775 528 857 indignationem
553 777 627 855 vel,
662 775 756 857 quod
781 774 891 854 absit,
925 776 1049 837 harum
1073 794 1189 836 rerum
1214 773 1446 855 suspitionem
1470 774 1530 836 ali-

251 903 355 964 quam
380 882 605 947 incurrerem.
660 880 778 963 Quare
806 880 1009 943 beatissime
1041 890 1144 963 pater
1167 881 1360 943 humillime
1384 880 1530 944 obnixe-

253 1010 321 1072 que
346 1010 409 1053 oro
434 990 462 1050 si
487 988 570 1070 quid
597 989 717 1051 talium
742 1008 917 1071 nugarum
942 991 987 1051 de
1011 1010 1066 1051 me
1091 989 1137 1050 ad
1163 987 1206 1050 V.
1231 988 1316 1050 B¹¹⁰¹¹¹
1347 989 1382 1050 in
1414 1008 1531 1051 meum

251 1097 382 1159 forsam
407 1096 524 1158 odium
550 1117 571 1158 a
595 1094 805 1178 quibusdam
829 1095 918 1158 meis
941 1095 1066 1157 emulis
1094 1095 1250 1157 delatum
1282 1104 1376 1158 esset
1409 1096 1465 1157 vel
1494 1095 1531 1155 in

251 1204 407 1266 futurum
431 1202 632 1279 deferetur,
664 1202 750 1265 nihil
779 1202 863 1264 fidei
893 1202 963 1265 illis
987 1204 1139 1283 prebere
1163 1223 1230 1264 nec
1253 1201 1359 1264 facile
1383 1204 1532 1265 credere

156 1392 160 1401 Ι
252 1312 343 1374 velle
368 1331 423 1373 me
447 1312 493 1372 ab
518 1312 669 1372 honesto
691 1308 855 1391 iustoque
870 1311 1082 1383 concedere;
1107 1312 1292 1391 perpalam
1308 1308 1400 1371 enim
1418 1320 1471 1371 est
1496 1321 1534 1371 et

250 1418 316 1481 toti
340 1418 416 1480 fere
439 1415 652 1479 Germaniae
676 1416 857 1496 cognitum
882 1425 1051 1498 quantum
1075 1436 1145 1499 ego
1168 1436 1234 1498 pro
1259 1416 1427 1478 sedandis
1459 1416 1534 1478 illis

250 1525 460 1589 rusticorum
484 1522 600 1605 impiis
632 1522 838 1586 tumultibus
864 1524 1009 1603 egerim,
1042 1524 1219 1605 hodieque
1250 1524 1442 1597 contendo,
1471 1523 1533 1603 qui

253 1652 322 1695 non
347 1634 459 1693 solum
484 1632 579 1712 apud
603 1629 783 1711 principes
798 1629 1122 1693 confaederationis
1146 1629 1311 1693 suevicae
1336 1631 1398 1693 sed
1424 1629 1533 1693 etiam

251 1758 317 1821 per
340 1738 691 1819 Magdeburgensem
715 1748 751 1800 et
775 1737 1092 1799 Alberstadensem
1117 1738 1279 1800 dioceses
1311 1755 1381 1799 non
1413 1725 1532 1816 asperss

252 1846 406 1907 dandam
430 1844 570 1926 copiam
595 1844 764 1907 nobilium
789 1843 945 1925 equitum
969 1855 1004 1906 et
1028 1844 1176 1906 militum
1193 1846 1365 1907 adversus
1380 1842 1535 1905 rusticos

251 1972 318 2033 pro
342 1954 477 2014 honore
504 1950 684 2013 Ecclesiae
708 1950 895 2013 Romanae
919 1952 1052 2013 tuendo
1078 1960 1113 2012 et
1141 1950 1306 2032 publicae
1339 1944 1533 2030 tranquilli·

252 2058 334 2121 tatis
359 2058 631 2121 conservatione
655 2054 823 2139 impensis
846 2056 1003 2139 propriis
1026 2056 1226 2135 habuerim,
1251 2056 1286 2119 in
1311 2076 1399 2137 quas
1422 2058 1535 2119 multa

252 2162 349 2227 milia
371 2161 585 2227 florenorum
611 2172 647 2226 et
669 2162 852 2245 ingentem
876 2183 993 2225 rerum
1018 2164 1157 2245 copiam
1188 2163 1441 2245 impenderim,
1471 2164 1533 2227 ho-

254 2270 383 2352 dieque
408 2270 442 2332 in
467 2270 689 2352 corrigendis
713 2270 781 2333 illis
805 2270 956 2333 subditis
979 2270 1065 2333 meis
1094 2272 1154 2352 qui
1185 2272 1220 2333 in
1244 2281 1366 2352 partes
1394 2270 1534 2333 illorum

252 2380 427 2440 latronum
459 2376 669 2440 rusticorum
705 2387 978 2458 concesserunt,
1016 2379 1140 2440 sedulo
1180 2398 1386 2459 summoque
1415 2377 1535 2439 studio

253 2504 345 2566 ago;
371 2495 505 2547 tantum
530 2486 643 2565 abest,
667 2484 877 2547 Beatissime
901 2485 1020 2563 Pater,
1045 2494 1083 2546 ut
1105 2485 1164 2548 vel
1188 2485 1223 2547 in
1240 2484 1450 2547 rusticorum
1469 2487 1535 2546 ‘vel

253 2593 517 2654 lutheranorum
533 2602 654 2672 partes
678 2612 832 2675 unquam
857 2594 1055 2655 concedere
1076 2595 1134 2654 vel
1151 2592 1392 2674 cogitaverim.
1435 2592 1535 2654 [deo-

256 2719 324 2780 que
350 2697 488 2761 interim
514 2717 576 2760 0ro
601 2718 645 2761 ne
670 2697 866 2761 istiusmodi
890 2699 990 2761 vanis
1014 2698 1183 2781 falsisque
1207 2699 1328 2782 nugis,
1359 2699 1389 2779 si
1412 2699 1536 2761 forsan

257 2806 301 2869 de
325 2826 381 2869 me
407 2808 451 2868 ad
469 2805 513 2868 V.
537 2806 577 2869 Β.
603 2806 744 2869 delatae
770 2815 889 2869 essent
912 2807 1070 2890 credere,
1095 2806 1180 2888 quin
1205 2806 1310 2870 immo
1335 2805 1403 2869 sibi
1417 2807 1462 2868 de
1477 2826 1536 2870 me

254 2915 470 2995 persuadere
493 2913 581 2978 velit
605 2915 701 2996 quod
725 2911 787 2975 illa
810 2915 934 2976 sedulo
960 2915 1024 2976 sim
1053 2913 1211 2978 facturus
1243 2935 1334 2996 quae
1366 2913 1535 2977 ohedien-

254 3019 424 3083 tissimum
449 3040 623 3102 quemque
648 3022 777 3082 decent
800 3018 909 3082 filium
933 3031 970 3084 et
993 3041 1084 3102 quae
1109 3022 1154 3084 ad
1178 3022 1347 3083 tuendum
1362 3023 1538 3082 honorem

254 3127 506 3208 omnipotentis
531 3127 599 3190 Dei
624 3136 835 3208 vestraeque
861 3127 1097 3190 Beatitudinis
1121 3148 1163 3190 ac
1187 3126 1223 3190 S.
1240 3127 1287 3190 R.
1304 3127 1399 3190 Eccl.
1424 3129 1535 3190 hono·

255 3253 328 3296 rem
352 3233 689 3315 amplitudinemque
714 3234 915 3316 augendam
940 3235 1188 3316 publicamque
1222 3255 1346 3317 pacem
1378 3245 1414 3297 et
1444 3245 1536 3296 tran·

255 3339 465 3422 quillitatem
490 3341 772 3404 conservandam
785 3339 966 3422 pertinere
982 3341 1208 3404 videbuntur.
1225 3389 1232 3404 .
1250 3389 1257 3404 .
1276 3393 1283 3406 .
1312 3342 1393 3405 Dat.
1419 3341 1539 3403 Hallis

256 3467 302 3510 ex
328 3467 410 3510 arce
436 3447 507 3510 divi
532 3446 684 3510 Maurini
718 3447 775 3509 die
800 3445 948 3510 Sabathi
981 3448 1148 3512 vicesima
1182 3469 1276 3511 nona
1306 3448 1440 3511 Mensis
1466 3449 1539 3510 Au·

255 3554 361 3638 gusti,
385 3555 491 3618 Anno
517 3553 658 3618 Domini
682 3553 883 3620 MDXXV.

1118 3718 1275 3766 Humillima
1293 3725 1412 3766 creatura

1072 3805 1204 3868 libanu
1223 3803 1304 3867 tut.
1324 3805 1447 3878 lomi.

346 4073 538 4135 Praeterea
562 4071 772 4134 Beatissime
797 4072 906 4134 Pater
929 4093 976 4134 ex
1001 4072 1121 4136 debito
1147 4073 1373 4137 obedientiae
1397 4085 1433 4136 et
1451 4073 1538 4136 filia-

256 4180 299 4244 lis
323 4177 552 4242 subiectionis
576 4198 694 4257 meae,
731 4177 774 4242 V.
799 4178 885 4240 ΒΜ
916 4180 1028 4242 latere
1057 4179 1163 4242 nolim
1196 4180 1324 4243 multos
1357 4181 1542 4263 principes

256 4286 351 4348 haud
376 4286 620 4366 aspernandae
646 4283 865 4347 auctoritatis
888 4305 954 4366 per
978 4284 1206 4348 Germaniam
1229 4305 1309 4348 cum
1324 4285 1540 4368 quibusdam

257 4391 460 4472 civitatibus
485 4390 626 4472 Imperii
651 4405 687 4454 et
712 4391 853 4473 quidem
879 4391 1017 4454 eximiis
1041 4391 1280 4474 conspirasse,
1312 4402 1445 4456 sectam
1471 4394 1539 4456 Lu·

257 4502 484 4563 theranorum
518 4498 553 4560 vi
590 4499 740 4581 quadam
777 4508 812 4560 et
845 4498 951 4560 armis
988 4499 1184 4562 defendere
1219 4521 1261 4562 ac
1295 4511 1540 4582 manutenere,

258 4608 353 4689 quod
377 4605 523 4669 indubie
547 4627 625 4669 cum
650 4605 802 4669 maximo
827 4606 1011 4688 religionis
1034 4617 1177 4670 nostrae
1200 4606 1360 4688 periculo
1393 4616 1430 4670 et
1459 4629 1538 4670 san-

259 4711 375 4794 guinis
399 4712 580 4776 christiani
605 4713 806 4794 perditione
831 4716 1064 4796 conabuntur,
1096 4713 1162 4777 nisi
1188 4715 1231 4777 V.
1265 4714 1327 4776 Β(10
1352 4716 1539 4796 oportunis

258 4819 423 4884 remediis
447 4821 639 4882 eorundem
665 4819 741 4902 (sic)
766 4820 952 4883 conatibus
976 4821 1123 4884 obviare
1147 4819 1384 4884 meditabitur.
1437 4822 1538 4886 Haec
