3425 5700
804 566 1033 621 0-{38854

365 714 519 777 Narrent
543 712 684 775 Domini
709 711 881 775 Oratores
913 713 1008 777 omni
1039 734 1116 775 cum
1142 714 1357 777 dexteritate
1382 724 1417 777 et
1441 716 1551 779 mode·

277 823 345 885 stia
368 824 488 905 (prout
512 819 777 902 prudentissimi
800 817 895 905 sunt)
920 840 959 882 se
989 841 1067 884 esse
1096 821 1220 884 missos
1229 870 1237 901 ,
1270 843 1292 884 a
1326 820 1554 887 Serenissima

277 930 432 993 Cesarea
457 938 492 989 et
507 926 691 990 Catholica
708 926 897 990 Maiestate
921 930 967 989 ad
984 928 1258 991 Illustrissimum
1279 929 1414 993 Ducem
1438 950 1552 1011 supra·

277 1038 409 1099 dictum
433 1056 504 1098 non
529 1035 677 1098 alicuius
701 1034 800 1097 rixae
825 1034 1005 1097 fovendae
1030 1054 1148 1113 causa,
1181 1055 1272 1115 quae
1297 1036 1390 1099 inter
1413 1036 1555 1100 fratrem

276 1144 468 1206 Martinum
492 1144 696 1221 Lutberum,
722 1151 757 1204 et
780 1141 919 1223 aliquos
944 1141 1032 1204 alios
1057 1142 1234 1205 Doctores
1258 1143 1463 1225 Theologos
1487 1154 1555 1206 tam

276 1252 359 1313 viva
383 1270 482 1329 voce,
506 1270 611 1331 quam
635 1247 777 1330 scriptis
799 1248 893 1310 inter
918 1248 1168 1329 disputandum
1192 1258 1271 1312 orta
1294 1248 1352 1323 sit;
1378 1250 1442 1312 sed
1461 1269 1557 1312 mero

278 1356 491 1439 Religionis,
515 1356 670 1439 pietatis,
693 1355 788 1435 fidei,
813 1363 849 1417 et
873 1356 1013 1418 unionis
1029 1354 1252 1419 Christianae
1277 1358 1362 1437 zelo,
1388 1376 1478 1437 quae
1500 1378 1557 1418 ne-

278 1484 379 1527 cesse
410 1473 464 1527 est
495 1474 534 1525 ut
566 1464 710 1528 omnino
744 1464 924 1527 dividatur
955 1464 983 1527 si
1016 1464 1149 1547 scripta
1177 1474 1213 1527 et
1236 1466 1417 1547 Dogmata
1439 1463 1559 1526 fratris

277 1572 422 1635 Martini
440 1570 586 1633 Lutheri
609 1573 784 1635 haberent
807 1574 939 1635 locum:
976 1570 1044 1633 Hic
1066 1572 1231 1635 laudetur
1252 1573 1346 1649 Dux,
1371 1594 1392 1635 a
1416 1571 1560 1654 pietate,

277 1678 469 1762 religione,
501 1678 635 1761 optimo
659 1680 801 1743 nomine
825 1689 897 1742 tam
922 1678 1051 1761 ipsius,
1079 1699 1186 1759 quam
1209 1679 1396 1761 majorum,
1422 1689 1456 1741 et
1479 1699 1559 1742 con·

278 1787 416 1850 cilietur
439 1787 551 1868 ipsius
581 1788 714 1868 gratia,
747 1787 866 1868 quoad
890 1786 965 1849 eius
988 1785 1065 1848 fieri
1088 1784 1217 1868 possit,
1249 1807 1294 1849 ne
1319 1806 1440 1849 ansam
1463 1806 1560 1849 recu·

278 1894 381 1957 sandi
405 1893 618 1975 colloquium
643 1903 766 1957 sumat.

369 1998 482 2064 Orent
509 2009 545 2064 et
568 2003 758 2064 obsecrent
778 2021 844 2083 per
867 2001 1007 2063 viscera
1023 1999 1265 2063 misericordie
1281 1999 1425 2062 Domini
1443 2000 1563 2062 Nostri

278 2110 363 2189 Jesu
380 2108 521 2189 Christi,
545 2118 672 2171 caveat
686 2108 948 2172 illustrissimus
964 2106 1049 2169 Dux
1072 2107 1107 2169 in
1132 2108 1198 2169 hac
1222 2127 1261 2169 re
1285 2106 1404 2188 aliquo
1421 2106 1563 2187 privato

280 2216 410 2279 affectu
435 2216 586 2296 moveri,
611 2227 671 2278 aut
695 2235 821 2278 causas
845 2214 1089 2296 conquerendi
1114 2214 1159 2276 de
1184 2214 1371 2295 abusibus,
1402 2232 1491 2294 quos
1518 2214 1564 2275 ab

278 2323 538 2387 Ecclesiasticis
555 2323 706 2403 Romae,
730 2324 787 2385 vel
804 2320 911 2385 etiam
932 2320 969 2383 in
985 2319 1178 2384 Germania
1202 2320 1279 2383 fieri
1296 2320 1465 2401 nonnulli,
1482 2323 1565 2403 plus

279 2452 394 2513 aequo
412 2430 558 2494 Clericis
574 2430 714 2511 infensi,
729 2429 917 2512 graviores
934 2429 1110 2492 interdum
1134 2427 1270 2491 faciunt
1294 2448 1399 2510 quam
1415 2448 1481 2509 par
1498 2437 1566 2506 est,

280 2559 359 2601 cum
375 2537 615 2601 Sacramentis
639 2538 775 2617 ritibus,
800 2536 1015 2615 cerimoniis,
1041 2556 1063 2598 a
1086 2535 1278 2597 maioribus
1302 2532 1432 2599 nostris
1459 2534 1567 2598 nobis

280 2646 420 2709 traditis
446 2656 482 2708 et
505 2644 683 2709 Universa
707 2643 891 2709 Catholica
915 2643 985 2706 fide
1010 2643 1237 2706 commiscere
1263 2651 1298 2704 et
1328 2640 1566 2705 confundere:

280 2753 335 2815 Ne
358 2753 452 2816 forte
477 2753 560 2815 dum
583 2754 732 2816 alterum
757 2752 888 2834 corrigi
914 2760 1024 2833 optat,
1056 2760 1243 2831 utrumque
1267 2758 1419 2813 corruat.
1466 2748 1569 2812 Nihil

281 2861 373 2925 enim
405 2871 459 2925 est
495 2861 598 2944 peius
636 2869 697 2923 aut
732 2863 777 2923 ab
809 2859 998 2923 Salvatore
1034 2859 1165 2922 Nostro
1198 2856 1312 2940 magis
1346 2857 1569 2940 prohibitum

281 2990 386 3051 quam
409 2968 537 3032 seditio
562 2978 598 3031 et
621 2967 782 3031 schisma.
817 2967 922 3048 Quod
947 2967 976 3030 si
993 2965 1186 3030 Pontifices
1210 2966 1384 3028 interdum
1402 2976 1570 3047 peccant,

280 3080 415 3140 habent
434 3075 589 3158 judicem
612 3095 713 3140 suum
735 3075 772 3137 in
797 3075 918 3156 coelis,
943 3074 1003 3157 qui
1029 3094 1090 3137 eos
1113 3072 1255 3136 iudicet.
1294 3059 1412 3153 Super
1436 3071 1569 3136 Cathe-

282 3186 382 3247 dram
405 3183 517 3247 Mosis
548 3184 717 3246 sederunt
744 3182 884 3245 scribae
910 3191 945 3244 et
969 3180 1139 3265 pharisei:
1173 3181 1269 3263 quod
1294 3180 1415 3243 dicunt
1438 3179 1570 3253 facite;

281 3292 485 3371 secundum,
512 3302 630 3353 autem
655 3309 765 3370 opera
789 3309 911 3352 eorum
937 3287 1046 3351 nolite
1069 3287 1201 3366 facere,
1227 3285 1311 3350 dicit
1335 3287 1572 3367 Redemptor

282 3407 419 3479 noster,
453 3418 525 3460 non
552 3407 671 3459 autem
695 3396 870 3478 praecipit
894 3394 1086 3459 Pontifices
1111 3416 1182 3457 non
1206 3394 1423 3474 audiendos,
1457 3393 1573 3476 depo·

282 3506 429 3585 nendos,
455 3504 700 3586 expellendos,
725 3503 990 3566 interimendos.

370 3612 411 3674 In
435 3610 669 3692 dignitatibus
692 3632 799 3693 posse
819 3621 854 3672 et
872 3613 987 3674 solere
1004 3629 1156 3692 peccare
1172 3609 1341 3689 homines,
1367 3607 1574 3690 dignitates

281 3720 379 3803 ipsas
401 3719 545 3782 illaesas
569 3727 604 3780 et
627 3719 852 3781 venerandas
876 3737 1073 3782 remanere.

371 3826 500 3888 Mirum
525 3846 614 3905 esse,
645 3825 715 3888 imo
746 3828 792 3888 ab
821 3825 916 3888 omni
939 3825 1076 3888 ratione
1100 3824 1265 3904 alienum,
1281 3823 1476 3887 Pontifices
1493 3825 1575 3888 Ro·

283 3954 406 3997 manos
430 3935 476 3996 ab
501 3952 572 3995 uno
596 3932 789 3996 fraterculo
813 3932 969 3996 Martino
990 3932 1147 3994 Luthero
1171 3931 1320 3994 iudicari
1344 3941 1379 3993 et
1403 3933 1577 3996 condem-

283 4041 376 4104 nari:
401 4040 461 4122 qui
486 4060 552 4102 nec
577 4039 710 4102 eisdem
735 4037 978 4118 Pontificibus,
1013 4059 1078 4101 nec
1104 4039 1165 4100 ulli
1189 4039 1370 4101 hominum
1394 4040 1578 4120 permittit

283 4149 337 4211 ius
361 4168 439 4210 esse
464 4147 617 4228 aliquem
642 4148 699 4209 vel
723 4145 903 4210 minimum
926 4145 1198 4209 homoncionem
1221 4145 1484 4210 condenmandi
1508 4159 1577 4212 aut

283 4253 477 4318 iudicandi:
511 4254 581 4316 imo
606 4274 672 4316 nec
697 4253 798 4316 unius
822 4255 984 4335 syllabae
1007 4255 1107 4336 leges
1132 4253 1319 4333 condendi,
1347 4268 1408 4316 aut
1432 4255 1578 4336 aliquid

284 4360 546 4445 praecipiendi,
580 4359 645 4422 nisi
675 4359 706 4422 is
739 4360 795 4422 cui
826 4359 1045 4441 praecipitur
1077 4370 1204 4441 sponte
1229 4381 1293 4424 sua
1316 4381 1443 4442 parere
1469 4363 1578 4427 velit.

283 4468 330 4530 Et
359 4467 410 4530 sic
440 4487 580 4530 omnem
612 4466 866 4546 obedientiam,
900 4487 1003 4529 omne
1035 4467 1245 4547 dominium,
1277 4487 1381 4531 omne
1404 4487 1580 4550 regnum,

285 4594 496 4655 omnemque
512 4583 726 4655 potestatem
742 4574 845 4656 tollit,
862 4594 900 4636 re
917 4574 1059 4655 quidem
1074 4573 1272 4654 manifesta,
1293 4575 1357 4637 sed
1373 4593 1580 4655 suppresso

285 4681 426 4744 nomine
457 4682 601 4762 Regum
635 4690 671 4744 et
704 4680 923 4762 Principum,
958 4701 1002 4744 ne
1028 4681 1109 4744 dum
1142 4681 1283 4743 Clerum
1313 4679 1473 4743 funditus
1511 4685 1580 4748 de·

285 4799 422 4851 struere
447 4790 533 4868 vult,
558 4787 664 4851 etiam
688 4787 756 4850 sibi
780 4788 995 4869 temporales
1016 4787 1178 4851 dominos
1195 4807 1265 4850 uno
1282 4788 1480 4868 eodemque
1496 4786 1582 4853 ictu

285 4895 446 4968 infensos
478 4896 616 4963 reddat.
673 4895 745 4960 Sed
782 4895 913 4959 nemini
949 4895 1093 4958 dubium
1130 4906 1183 4958 est
1219 4895 1399 4958 destructa
1432 4893 1582 4976 pietate
