3425 5700
754 607 966 662 0-{33850

218 761 318 812 terno
343 749 473 812 affectu
498 750 532 814 in
545 751 698 814 Domino
723 754 916 831 hortantes,
941 763 980 816 ut
1004 754 1373 817 christianissimorum
1398 775 1498 836 prae-

217 857 441 920 decessorum
460 879 603 921 suorum
619 859 795 940 virtutem,
820 881 926 942 quam
943 881 1084 942 semper
1107 860 1243 923 imitata
1268 871 1331 939 est,
1355 863 1498 925 nuncin

217 965 283 1026 hoc
317 985 428 1046 opere
461 965 612 1028 maxime
638 965 839 1030 Christiano
864 979 1149 1048 repraesentans,
1173 967 1329 1050 fideique
1354 989 1440 1032 suae
1464 980 1499 1031 et

216 1071 379 1152 promissi
404 1092 547 1150 memor,
568 1073 714 1153 rejicere
734 1095 756 1136 a
770 1094 848 1136 sese
875 1085 910 1136 et
931 1095 952 1136 a
967 1095 1032 1136 sua
1055 1075 1172 1154 gratia
1195 1075 1276 1154 (nisi
1300 1075 1498 1156 resipiscat,

217 1189 252 1239 et
275 1180 320 1240 ad
338 1199 400 1240 cor
424 1179 548 1241 redeat
569 1179 789 1260 humilitatis)
815 1201 963 1262 pravum
988 1181 1176 1260 hominem,
1203 1191 1238 1244 et
1262 1182 1499 1263 perniciosum

214 1289 410 1348 membrum
435 1306 504 1352 non
525 1287 596 1367 jam
621 1285 750 1349 Christi
781 1288 845 1349 sed
870 1286 1051 1350 Sathanae
1084 1307 1155 1350 non
1186 1298 1395 1370 postponat,
1429 1289 1499 1351 dic·

213 1403 340 1473 tasque
364 1401 506 1454 nostras
530 1393 666 1455 litteras
690 1395 921 1475 promulgari,
947 1404 982 1456 et
1007 1394 1124 1456 omnia
1146 1395 1183 1456 in
1208 1395 1259 1458 eis
1277 1396 1499 1478 praescripta

213 1500 339 1562 ordine
373 1499 494 1562 debito
529 1498 669 1580 perfici,
703 1509 741 1561 ut
772 1501 889 1562 oriens
923 1501 992 1562 hoc
1023 1500 1225 1563 incendium
1258 1501 1498 1583 extinguatur,

213 1607 369 1670 adiuvet.
402 1606 502 1668 Haec
520 1607 612 1668 enim
637 1607 697 1668 illa
721 1618 775 1670 est
798 1607 950 1670 hominis
973 1609 1075 1688 hujus
1099 1618 1135 1670 et
1159 1608 1315 1689 ejusdem
1341 1628 1499 1672 errorum

212 1735 279 1796 per
303 1711 432 1776 Sedem
458 1712 702 1795 Apostolicam
727 1714 763 1776 in
784 1713 969 1776 Catholico
994 1713 1286 1795 peritissimorum
1309 1726 1499 1794 conventu,

212 1821 350 1902 Spiritu
367 1820 501 1883 Sancto
519 1831 714 1901 praeeunte
730 1820 788 1902 qui
813 1821 847 1882 in
873 1820 1073 1883 huiusmodi
1098 1821 1213 1885 causis
1236 1821 1318 1884 huic
1344 1820 1499 1885 Sanctae

213 1926 301 1991 Sedi
326 1949 505 2010 nunquam
530 1927 659 2007 abfuit,
684 1927 779 1990 facta
803 1928 1020 2008 reprobatio,
1046 1949 1150 2010 quam
1175 1939 1210 1990 te
1235 1939 1429 2009 expectare
1450 1929 1499 1990 di·

212 2035 320 2107 xisti;
346 2055 438 2115 quae
462 2043 582 2097 tamen
607 2044 797 2115 antequam
821 2033 940 2114 fieret,
965 2035 1110 2116 potuisti
1134 2054 1201 2116 pro
1226 2045 1286 2097 tua
1310 2035 1499 2116 prudentia

210 2143 497 2205 animadvertere
529 2161 619 2222 quae
649 2152 744 2211 esset
768 2141 912 2203 Martini
937 2140 1082 2204 Lutheri
1107 2162 1222 2220 menS,
1257 2161 1362 2223 quam
1392 2141 1500 2223 impia

211 2248 400 2331 cogitatio:
437 2248 498 2329 qui
522 2248 672 2328 primum
696 2248 779 2310 dum
804 2250 989 2310 damnatas
1012 2247 1143 2310 iamdiu
1168 2268 1233 2329 per
1261 2248 1498 2311 universalem

212 2356 402 2419 ecclesiam
426 2355 685 2432 Waldensium,
710 2353 982 2418 Hussitanorum
1010 2364 1045 2417 et
1069 2355 1306 2417 Bohemorum
1331 2357 1499 2418 haereses

212 2485 389 2527 renovare
414 2475 521 2544 atque
545 2462 745 2525 instaurare
769 2461 902 2541 nititur,
927 2483 965 2525 se
989 2461 1104 2544 ipsum
1128 2462 1283 2524 ostendit
1306 2463 1421 2543 qualis
1437 2462 1498 2534 sit;

211 2571 346 2634 deinde
367 2591 445 2632 cum
463 2569 587 2632 Turcis
605 2568 831 2651 suffragatur,
857 2589 935 2630 cum
959 2589 1092 2650 poenas
1117 2578 1153 2631 et
1177 2568 1351 2650 supplicia
1375 2572 1496 2632 haere-

212 2680 363 2740 ticorum
397 2679 577 2759 deplorat,
608 2675 715 2738 fidem
746 2677 965 2738 demonstrat
989 2696 1028 2737 se
1053 2695 1184 2756 cupere
1209 2687 1245 2738 et
1268 2679 1314 2738 ab
1340 2676 1500 2739 externis

212 2793 252 2847 et
274 2787 320 2846 ab
345 2783 521 2846 intestinis
545 2783 706 2846 hostibus
731 2782 959 2846 exterminari
984 2782 1205 2845 catholicam.
1253 2783 1439 2845 Postremo
1464 2783 1498 2845 in

214 2904 285 2953 tam
311 2891 482 2955 effrenem
507 2891 709 2973 superbiam
736 2901 790 2955 est
814 2893 928 2955 elatus
952 2901 991 2953 ut
1005 2912 1104 2954 suam
1124 2891 1226 2954 unius
1241 2892 1498 2971 auctoritatem,

213 3019 313 3060 suam
344 2999 573 3078 sententiam,
608 3019 707 3061 suum
739 2999 774 3060 in
809 2999 994 3081 scripturis
1024 2998 1242 3063 intellectum
1274 2998 1437 3061 omnibus
1461 3018 1499 3059 se

213 3108 452 3169 antelaturum
475 3106 660 3187 praedicet
677 3116 712 3168 et
737 3106 1005 3169 universitatum
1030 3115 1066 3168 et
1090 3117 1291 3168 sanctorum
1316 3106 1500 3168 doctorum

214 3224 251 3275 et
282 3214 589 3275 oecumenicorum
619 3212 848 3275 conciliorum
878 3223 913 3274 et
937 3214 1181 3276 Romanorum
1206 3210 1416 3275 Pontificum
1442 3213 1498 3273 de-

214 3320 332 3399 cretis,
367 3330 492 3383 contra
521 3320 779 3401 professionem
808 3319 1014 3382 humilitatis
1043 3340 1148 3401 quam
1172 3318 1287 3381 emisit
1311 3330 1347 3381 et
1375 3330 1500 3381 contra

214 3428 292 3491 eius
315 3428 508 3490 beatissimi
534 3428 600 3490 viri
624 3427 873 3490 auctoritatem
897 3427 997 3489 cuius
1018 3448 1146 3490 nomen
1164 3426 1332 3509 praefert,
1358 3426 1499 3489 maximi

213 3536 249 3599 in
275 3534 344 3597 Dei
368 3534 529 3597 Ecclesia
553 3535 708 3597 doctoris
734 3534 937 3615 Augustini.
985 3533 1085 3615 Quae
1109 3555 1188 3596 cum
1212 3533 1338 3615 gravia
1360 3552 1426 3614 per
1450 3553 1499 3613 se,

213 3654 288 3705 tum
315 3662 399 3705 vero
425 3652 611 3723 postquam
636 3641 738 3703 huius
763 3652 909 3703 sanctae
934 3651 970 3703 et
992 3640 1211 3722 apostolicae
1236 3640 1331 3703 sedis
1350 3638 1500 3702 accessit

213 3749 420 3829 declarati0,
446 3758 542 3811 tuum
563 3750 635 3830 jam
659 3759 723 3823 est,
750 3748 878 3811 dilecte
902 3746 963 3829 fili,
987 3750 1116 3811 omissa
1138 3748 1318 3811 hominum
1334 3745 1500 3827 amicitia,

213 3876 293 3918 eam
325 3876 416 3937 quae
441 3856 509 3918 Dei
539 3867 593 3919 est
621 3856 772 3921 caeteris
796 3858 903 3919 rebus
927 3865 1166 3938 anteponere,
1201 3854 1373 3935 nobisque
1398 3873 1497 3934 prae-

213 3974 311 4025 stare
342 3962 447 4025 fidem
480 3973 515 4025 et
543 3964 813 4045 promissionem
844 3984 949 4044 quam
979 3964 1014 4025 in
1039 3962 1168 4044 pignus
1194 3972 1230 4024 et
1253 3961 1392 4042 signum
1417 3971 1500 4022 tuae

213 4068 537 4133 Christianissimae
568 4071 695 4136 mentis
720 4070 863 4144 dedisti;
888 4080 927 4132 ut
951 4069 1110 4133 extincto
1135 4089 1296 4132 sermone
1320 4066 1500 4130 hominum

213 4178 276 4259 qui
309 4186 370 4237 tua
400 4175 530 4239 fiducia
555 4178 648 4240 hunc
673 4198 781 4259 saepe
805 4176 873 4239 iarn
900 4176 1031 4239 dictum
1055 4175 1250 4257 iniquitatis
1273 4174 1384 4237 filium
1408 4175 1499 4236 Mar·

212 4286 328 4346 tinum
353 4282 544 4345 lutherum
577 4283 695 4346 furere
719 4282 916 4362 affirmant,
950 4293 1010 4345 tua
1035 4287 1215 4347 excellens
1240 4283 1351 4344 virtus
1374 4301 1416 4343 ac
1441 4302 1499 4343 no-

212 4390 336 4454 bilitas
361 4410 460 4451 suum
486 4389 642 4452 debitum
668 4391 897 4472 splendorem
921 4391 1015 4471 apud
1044 4390 1156 4451 Deum
1182 4389 1413 4470 hominesque
1439 4390 1498 4450 ob·

212 4498 339 4560 tineat.
386 4496 491 4577 Quod
515 4506 554 4557 ut
584 4494 789 4582 faciasjnon
815 4498 927 4559 solum
953 4497 1106 4577 petimus
1130 4506 1237 4577 atque
1262 4500 1499 4575 obsecramus,

211 4606 280 4669 sed
305 4604 339 4666 in
365 4603 504 4667 nomine
530 4604 635 4667 etiam
652 4604 718 4667 Dei
737 4603 989 4685 omnipotentis
1007 4614 1042 4666 et
1056 4604 1092 4665 in
1110 4604 1240 4666 virtute
1256 4613 1401 4666 sanctae
1418 4606 1499 4665 obe-

212 4711 374 4775 dientiae
389 4711 610 4792 requirimus
646 4712 775 4774 Datum
792 4711 934 4774 Romae
948 4712 1043 4793 apud
1062 4708 1097 4774 S.
1116 4710 1261 4773 Petrum
1279 4712 1344 4771 sub
1368 4711 1499 4771 annulo

211 4818 430 4897 Piscatoris,
464 4818 520 4880 die
546 4818 642 4881 VIII.
667 4817 750 4898 Julii
774 4817 928 4880 MDXX
958 4818 1073 4879 Pont⁸.
1099 4817 1210 4880 nostri
1241 4838 1335 4880 anno
1360 4827 1498 4879 octavo

1305 5028 1336 5089 1*
