3425 5700
739 511 988 582 04347οῊ

223 664 369 759 pietate,
393 677 453 738 tua
478 670 676 738 constantia
708 695 747 738 ac
778 671 984 756 integritate
1017 669 1168 736 clarius?
1207 687 1248 738 ac
1282 665 1407 758 gravia
1435 664 1508 756 qui·

224 785 306 848 dem
329 793 412 847 sunt
434 804 527 865 quae
558 794 593 845 te
625 783 772 864 cingunt
802 783 979 865 pericula,
1010 783 1073 844 sed
1104 783 1229 845 eadem
1262 783 1413 865 gloriam
1443 781 1510 844 tibi

227 911 304 956 eam
328 890 677 970 benivolentiamque
700 889 862 971 pariunt,
892 887 990 951 cuius
1025 887 1161 952 fructus
1184 910 1206 951 a
1229 900 1264 953 te
1289 890 1511 971 percipietur

225 999 471 1081 sempiternus.
519 997 593 1060 Nos
616 997 686 1059 tuis
709 996 837 1060 litteris
860 996 973 1077 lectis,
1004 1006 1041 1059 et
1070 998 1116 1059 ad
1141 993 1411 1060 Serenissimum
1440 996 1509 1058 ira-

225 1117 315 1168 trem
338 1115 437 1166 tuum
461 1104 617 1167 scribere
641 1103 854 1166 instituimus
870 1113 905 1166 et
926 1123 1005 1166 cum
1021 1103 1072 1165 eis
1088 1101 1293 1186 Principum
1308 1103 1511 1166 oratoribus

226 1211 286 1294 qui
309 1212 405 1293 apud
430 1231 495 1274 nos
518 1220 600 1273 sunt
624 1211 855 1273 vehementer
883 1210 1034 1291 egimus,
1066 1221 1104 1272 ut
1127 1231 1193 1292 pro
1217 1232 1282 1275 sua
1304 1223 1407 1293 parte
1431 1213 1509 1272 hor-

226 1329 386 1383 tarentur
400 1338 493 1399 suoS,
518 1326 556 1381 ut
579 1318 731 1381 adhaec
754 1319 911 1381 arcenda
934 1317 1093 1399 pericula
1116 1317 1210 1382 ferre
1234 1318 1427 1382 subsidium
1451 1337 1510 1380 ve-

226 1425 307 1500 lint;
335 1425 371 1488 in
403 1445 473 1507 quo
504 1425 658 1486 maxima
692 1435 747 1488 est
774 1423 938 1487 Caesaris
971 1425 1179 1506 auctoritas,
1210 1424 1363 1488 facultas
1391 1435 1512 1488 autem

229 1531 383 1594 omnium
415 1542 452 1594 et
477 1533 644 1594 voluntas
673 1541 768 1594 esset
797 1531 927 1612 maior,
957 1531 986 1593 si
1017 1551 1086 1613 quo
1118 1531 1223 1594 modo
1254 1540 1315 1593 aut
1346 1531 1514 1613 componi

228 1636 301 1701 fida
334 1658 424 1720 pax,
456 1647 516 1700 aut
546 1637 696 1700 induciis
725 1637 826 1719 quies
851 1637 928 1700 dari
952 1637 1092 1701 afflictis
1117 1650 1152 1701 et
1176 1639 1419 1702 dubitantibus
1448 1659 1512 1720 po-

228 1743 322 1826 pulis
346 1744 468 1826 possit,
492 1743 527 1807 in
551 1765 621 1826 qua
644 1763 735 1826 pace
759 1746 944 1808 suadenda
967 1757 1049 1808 tuae
1074 1747 1267 1828 praecipue
1283 1766 1362 1810 esse
1379 1747 1514 1808 debent

228 1858 360 1933 partes.
406 1851 498 1913 Illud
523 1862 559 1914 et
582 1853 754 1915 vellemus
778 1863 815 1914 et
837 1853 1053 1915 consulimus
1078 1851 1152 1932 tibi,
1177 1863 1216 1914 ut
1239 1853 1316 1915 eius
1331 1853 1514 1916 exercitus

228 1957 377 2020 fraterni
401 1959 460 2039 qui
483 1956 570 2020 locis
594 1957 664 2020 tuis
686 1960 909 2040 propinquus
933 1969 987 2022 est
1018 1979 1129 2040 opera
1158 1970 1194 2022 et
1225 1959 1360 2023 auxilio
1390 1959 1438 2020 uti
1474 1959 1514 2022 iu

228 2074 328 2127 tanta
350 2084 388 2126 re
413 2064 513 2145 velis,
538 2083 617 2126 cum
640 2084 781 2147 semper
806 2065 838 2128 ei
861 2067 1020 2148 periculo
1046 2066 1141 2148 quod
1165 2085 1338 2147 praesens
1359 2066 1514 2128 maxime

229 2180 283 2234 est
315 2171 595 2234 subveniendum
620 2171 674 2251 sit,
704 2181 740 2235 et
770 2192 892 2236 omnes
921 2172 1134 2235 intellecturi
1166 2173 1236 2235 sint
1264 2172 1385 2236 Nob‘0¹¹
1413 2183 1513 2236 tuam

228 2298 314 2341 vere
338 2287 444 2360 atque
476 2299 521 2340 ex
545 2278 662 2341 animo
688 2280 734 2341 ad
764 2281 1041 2343 succurrendum
1070 2279 1238 2362 periculis
1267 2279 1515 2343 communibus

229 2385 338 2448 totius
358 2384 572 2450 Germaniae
595 2384 767 2449 intentam
791 2398 828 2449 et
846 2397 1008 2468 paratam
1033 2407 1130 2462 esse;
1155 2387 1245 2450 sicut
1267 2388 1372 2450 latius
1394 2397 1516 2450 tecum

229 2492 288 2555 dil.
320 2492 413 2555 filius
436 2493 677 2574 Hieronymus
701 2493 877 2558 Rorarius
910 2495 1057 2557 nuncius
1085 2504 1207 2556 noster
1224 2505 1345 2556 nostro
1370 2494 1515 2556 nomine

228 2609 324 2681 aget,
349 2599 405 2662 oui
428 2598 547 2661 Nous·
559 2608 621 2660 tua
643 2597 750 2662 fidem
775 2621 914 2663 omnem
938 2601 1095 2664 habebit.

317 2706 449 2769 Datum
472 2707 614 2769 Romae
638 2717 703 2772 etc.
729 2707 868 2772 XXIX
888 2708 974 2772 Maii
989 2707 1181 2771 MDXXV
1205 2708 1313 2771 Anno
1331 2707 1516 2772 Secundo.

764 2950 969 2964 WWVVWWWVWW

490 3377 684 3479 Episcopus
712 3261 944 3457 meritiis
973 3376 1145 3457 clementi
1172 3377 1251 3460 VIL

662 3524 762 3599 <rpus
779 3525 867 3599 sss
884 3522 936 3583 rn
953 3522 998 3583 rs
1016 3522 1085 3595 iss.)

743 3656 795 3715 (30.
815 3652 883 3702 Maii
905 3656 989 3716 1525.)

321 3787 534 3852 Beatissime
557 3788 667 3851 Pater
695 3786 849 3849 Domine
883 3785 930 3848 mi
961 3784 1237 3867 Colendissime,
1268 3795 1351 3869 post
1379 3787 1517 3869 pedum

231 3899 416 3960 beatorum
440 3897 561 3960 oscula
587 3893 816 3958 humillimam
835 3893 1177 3957 commendationem
1201 3901 1238 3956 et
1261 3894 1521 3975 obsequiorum

233 4024 392 4068 meorum
416 4004 642 4068 oblationem.
669 4000 753 4064 Vidi
778 4000 863 4082 quid
886 4002 932 4063 ad
955 4021 1012 4063 me
1036 4000 1229 4063 Beatitudo
1242 4000 1373 4065 Vestra
1405 4000 1519 4084 scrip-

234 4109 319 4175 serit
342 4113 541 4192 perbreve
565 4130 665 4173 suum
689 4109 746 4171 die
771 4106 1004 4171 decimanona
1027 4107 1147 4189 huiuS,
1179 4109 1276 4190 quod
1300 4108 1345 4170 ad
1369 4127 1424 4171 me
1447 4127 1524 4189 per

233 4218 409 4281 Nuncium
433 4216 542 4280 Suum
565 4216 758 4280 Rorarium
782 4236 828 4279 ex
850 4216 1054 4297 Insprugga
1078 4215 1220 4279 missum
1243 4214 1350 4279 hodie
1380 4216 1522 4298 accepi.

234 4324 324 4407 Ego,
341 4324 430 4388 sicut
447 4324 525 4405 ipsa
542 4324 732 4402 desiderat,
756 4343 896 4385 omnem
921 4342 1066 4404 operam
1090 4324 1237 4387 duturus
1252 4343 1340 4404 sum,
1364 4342 1433 4404 quo
1458 4342 1524 4386 me

235 4440 409 4514 agnoscat
431 4440 503 4493 tam
526 4430 691 4512 suiipsius
714 4429 1018 4509 studiosissimum,
1043 4449 1147 4510 quam
1174 4430 1280 4493 etiam
1296 4428 1401 4493 Sedis
1416 4429 1523 4511 Apo-

236 4534 383 4600 stolicae
415 4540 682 4601 observatorem
713 4535 1039 4619 vigilantissimum,
1073 4545 1113 4598 ut
1143 4556 1188 4599 ne
1220 4536 1306 4618 quid
1335 4534 1526 4601 minimum

237 4644 380 4726 quidem
403 4644 449 4707 de
472 4664 551 4706 mea
575 4663 663 4725 erga
686 4663 725 4706 se
748 4641 819 4705 fide
853 4651 890 4705 et
921 4642 1119 4706 devocione
1153 4644 1342 4725 depereat,
1373 4642 1527 4707 minime

239 4771 393 4833 unquam
438 4750 750 4832 praetermissurus
799 4748 884 4831 quin
928 4749 1043 4813 eidem
1090 4745 1312 4813 reverenter'
1330 4749 1528 4815 enunciem

239 4878 459 4941 quecumque
482 4857 527 4919 ad
563 4855 773 4937 dignitatem
798 4875 896 4917 suam
927 4858 984 4919 vel
1013 4857 1181 4919 tuendam
1212 4860 1271 4920 vel
1300 4856 1528 4939 amplifican-
