3425 5700
644 580 893 638 θ-ΜΒΗᾺ

139 737 285 793 rectores
310 737 346 792 et
369 729 469 809 prior
491 736 528 790 et
551 728 701 809 quilibet
733 748 854 791 eorum
888 748 1046 791 seorsum
1079 728 1274 793 examinari
1303 730 1396 794 debe

139 847 209 899 rcnt
243 846 352 917 atque
392 834 626 916 interrogari3
672 833 758 915 ipsis
799 854 940 915 quoque
974 835 1174 898 rectoribus
1215 844 1252 899 et
1287 836 1408 918 priore

139 944 251 1007 mediis
267 962 392 1007 eorum
407 940 710 1007 intercedentibus
731 941 936 1005 iuramentis
960 961 1067 1023 super
1082 942 1239 1007 materiis
1262 944 1406 1026 eisdem,

139 1070 244 1113 coram
268 1050 373 1113 nobis
396 1048 540 1130 publice
563 1068 606 1113 ac
630 1048 830 1111 successive
858 1049 1090 1130 interrogatis
1114 1058 1150 1112 et
1184 1050 1406 1131 examinatis,

139 1178 317 1239 eorumque
343 1155 447 1219 dictis
471 1167 507 1218 et
531 1154 814 1238 depositionibus
847 1175 913 1236 per
945 1154 1126 1237 publicum
1155 1154 1339 1220 Notarium
1369 1157 1406 1220 in

139 1265 265 1347 scriptis
289 1263 461 1344 redactis,
492 1272 528 1326 et
551 1281 617 1343 per
639 1260 715 1325 fisci
739 1271 1008 1345 procuratorem
1032 1259 1227 1343 prefatum,
1260 1264 1404 1345 inquan-

139 1382 201 1435 tum
230 1391 294 1455 pro
319 1390 359 1433 se
389 1368 510 1431 facere
534 1368 742 1431 viderentur
775 1368 955 1451 repetitis,
991 1370 1170 1433 concessis
1202 1369 1307 1434 etiam
1341 1392 1406 1453 per

139 1499 193 1541 nos
214 1475 498 1561 competentibus
521 1474 682 1539 terminis
714 1484 750 1538 et
780 1474 1009 1539 dilationibus
1038 1484 1113 1539 tum
1143 1478 1341 1540 rectoribus
1370 1488 1406 1541 et

138 1584 235 1666 priori
258 1606 296 1649 se
319 1581 511 1666 purgandi,
536 1602 578 1645 ac
602 1580 678 1645 fisci
702 1581 926 1664 procuratori
948 1582 1098 1664 prefatis
1120 1583 1302 1647 hincinde
1326 1605 1404 1667 par-

137 1691 228 1771 tibus,
250 1692 344 1753 ultro
369 1689 529 1771 citroque
553 1688 754 1752 deducendi
779 1697 815 1751 et
837 1688 990 1771 agendi,
1014 1698 1120 1771 prout
1143 1688 1303 1771 quamvls
1327 1712 1404 1773 par-

136 1796 211 1861 tium
232 1798 471 1879 predictarum
496 1796 697 1879 respective
721 1799 962 1859 concernebat
985 1816 1026 1859 ac
1042 1796 1127 1859 iuris
1142 1797 1230 1859 ordo
1255 1798 1403 1881 exigere

137 1904 328 1978 videbatur;
365 1904 402 1968 in
426 1902 549 1966 ultimo
573 1922 660 1966 vero
686 1902 915 1966 terminorum
941 1903 1180 1985 predictorum
1206 1906 1403 1986 comparuit

136 2010 335 2085 iudicialiter
369 2030 487 2073 coram
521 2008 638 2089 nobis,
676 2009 837 2091 prefatus
872 2008 948 2072 fisci
983 2010 1094 2074 nostri
1129 2023 1339 2093 procurator
1368 2022 1404 2076 et

136 2118 333 2198 eonomine,
359 2126 396 2180 et
419 2117 523 2180 dictis
545 2116 745 2181 rectoribus
770 2128 805 2179 et
827 2117 958 2200 priore,
984 2138 1029 2180 ex
1050 2119 1203 2181 adverso
1227 2118 1401 2200 principa-

137 2226 187 2304 lis,
217 2224 348 2287 ibidem
373 2223 479 2286 etiam
504 2222 731 2305 presentibus
759 2233 795 2285 et
824 2223 1066 2304 audientibus,
1095 2223 1142 2286 ad
1165 2225 1334 2288 ulteriora
1367 2236 1403 2289 et

136 2331 217 2395 dicte
240 2350 345 2393 cause
368 2329 510 2393 finalem
537 2329 752 2393 decisionem
776 2331 926 2412 procedi
948 2351 1014 2414 per
1038 2336 1104 2395 nos
1127 2331 1301 2397 instanter
1323 2353 1402 2415 pos·

137 2438 256 2504 tulavit.
312 2436 388 2501 Nos
420 2448 504 2500 tunc
539 2436 756 2519 Wygandus
791 2436 991 2518 Episcopus
1025 2438 1187 2520 prefatus
1222 2449 1259 2502 et
1292 2440 1401 2503 iudex

136 2524 330 2624 ordinarius,
355 2542 441 2607 visis
464 2543 626 2625 primitus
659 2553 694 2607 et
725 2543 856 2607 auditis
886 2543 981 2607 dicte
1016 2565 1123 2607 cause
1147 2545 1237 2608 actis
1261 2556 1297 2609 et
1321 2568 1400 2610 con·

136 2652 352 2731 fessionibus,
376 2659 484 2732 atque
509 2650 700 2733 diligenter
724 2650 960 2713 consideratis
989 2650 1081 2713 illius
1110 2652 1246 2715 iuribus
1278 2662 1313 2715 et
1337 2653 1399 2717 cir·

135 2760 336 2824 cumstantiis
359 2758 552 2838 universiS,
577 2758 742 2840 quodque
767 2757 898 2840 prefati
921 2770 1080 2821 rectores
1105 2768 1140 2821 et
1167 2759 1267 2841 prior
1291 2763 1396 2823 exad-

137 2889 225 2932 verso
247 2867 481 2950 principales,
505 2865 540 2928 in
566 2877 601 2928 et
625 2867 719 2930 circa
743 2867 915 2947 premissa
940 2866 1180 2947 multipliciter
1203 2869 1401 2932 erraverint

134 2985 165 3037 et
183 2975 284 3058 impie
307 2973 461 3038 fecerint
484 2993 526 3036 ac
550 2975 596 3036 ab
618 2986 741 3036 sancta
766 2972 951 3036 Catholica
965 2972 1127 3036 Ecclesia
1150 2973 1400 3039 inobedienter

135 3081 333 3145 desciverint
359 3080 516 3162 sibiipsis
541 3081 658 3162 legem
694 3091 728 3143 et
762 3081 904 3142 modum
939 3082 1094 3162 superbe
1126 3082 1399 3164 prescribentes,

134 3189 208 3252 ritus
247 3200 281 3252 et
317 3207 548 3251 ceremoneas
583 3207 703 3250 sacras
745 3188 978 3267 abrogantes,
1018 3188 1298 3269 dogmatizantes
1329 3211 1399 3271 que

134 3298 289 3360 adversus
327 3295 517 3358 canonicas
557 3303 593 3357 et
630 3293 891 3359 ecclesiasticas
930 3294 1151 3373 sanctiones,
1193 3315 1235 3358 ac
1274 3309 1399 3361 contra

134 3401 329 3466 Sanctorum
354 3379 611 3483 Apostolorum
636 3401 796 3464 ordinem
830 3410 867 3463 et
894 3400 1036 3463 modum
1060 3402 1164 3464 nobis
1189 3405 1394 3485 exemplari·

132 3519 181 3572 ter
200 3512 372 3588 relictum,
405 3528 475 3589 quo
513 3507 686 3570 communi
728 3507 880 3571 concilio
917 3528 988 3571 non
1026 3518 1143 3570 autem
1178 3508 1396 3590 privatorum

132 3618 327 3680 auctoritate
368 3635 426 3678 res
460 3615 634 3678 ecclesiae
663 3613 858 3678 diffinirent
894 3615 1212 3695 constituerentve,
1249 3625 1285 3680 et
1319 3618 1397 3700 pari

132 3725 224 3787 modo
245 3722 407 3806 gentium
432 3723 630 3804 Apostolus
654 3723 756 3786 divus
780 3723 913 3784 Paulus
937 3741 981 3784 ne
1005 3721 1040 3782 in
1062 3742 1212 3785 vacuum
1228 3725 1396 3788 cucurris-

133 3840 187 3910 set,
208 3849 305 3893 suum
330 3827 556 3910 evangelium
581 3849 659 3892 cum
683 3829 817 3892 eisdem
842 3827 1027 3910 Apostolis
1043 3829 1243 3909 contulerit,
1268 3851 1310 3894 ac
1331 3832 1396 3894 dis-

131 3937 248 4000 cedens
281 3955 373 4019 pace
410 3933 520 4016 facta,
560 3934 726 3998 fidelibus
760 3935 964 4017 preceperit
1003 3935 1182 3998 custodire
1225 3947 1397 4020 precepta

132 4041 373 4123 Apostolorum
398 4051 434 4104 et
458 4043 656 4124 seniorum,
684 4045 809 4123 procul
833 4043 942 4105 dubio
966 4041 1162 4104 Ecclesiam
1186 4045 1398 4109 audiendam

131 4147 161 4210 in
183 4150 229 4212 eis
250 4149 422 4228 referens,
448 4159 553 4212 antea
578 4172 599 4214 a
622 4150 707 4229 Jesu
732 4149 873 4212 Christo
898 4147 1087 4211 Salvatore
1117 4161 1239 4212 nostro
1264 4151 1398 4216 institu-

131 4263 202 4338 tam,
225 4268 258 4318 et
281 4267 321 4318 ut
346 4255 529 4319 audiretur
554 4258 853 4333 commendatam,
886 4275 927 4318 ac
956 4275 1136 4336 nunquam
1167 4258 1398 4338 defecturam,

132 4361 217 4425 cuius
239 4363 371 4426 virtute
396 4375 431 4425 et
456 4364 567 4427 nostri
592 4383 733 4444 quoque
757 4361 949 4443 pastoralis
973 4360 1076 4424 offitii
1107 4363 1244 4443 existit,
1269 4365 1398 4429 anima·

132 4487 196 4531 rum
218 4469 339 4550 saluti,
373 4479 409 4532 et
443 4471 621 4533 scandalis
646 4491 690 4532 ne
716 4469 899 4549 eveniant,
930 4479 992 4530 aut
1019 4479 1058 4531 ut
1081 4471 1228 4534 suborta
1253 4474 1398 4554 compri-

31 4560 37 4673 ξ
131 4585 255 4640 mantur
277 4577 470 4640 salubriter
493 4577 702 4658 providere,
733 4584 839 4657 prout
871 4575 977 4638 etiam
1010 4578 1230 4640 concedente
1255 4579 1399 4643 domino

32 4754 39 4767 ι
132 4681 338 4747 confidenter
350 4683 557 4746 tribuemus.
582 4685 707 4765 Itaque
724 4702 803 4745 cum
821 4682 917 4745 dicto
931 4692 1052 4746 nostro
1069 4681 1144 4747 fisci
1157 4697 1400 4770 procuratore,
1439 4700 1443 4706 ’

130 4792 351 4854 concludente
376 4800 412 4854 et
436 4811 554 4854 secum
571 4789 735 4854 concludi
748 4797 894 4870 petente
914 4790 950 4851 in
972 4809 1080 4853 causa
1103 4791 1245 4872 prefata
1267 4795 1401 4874 pariter

129 4897 370 4977 conclusimus,
402 4898 507 4962 dictis
532 4897 638 4960 etiam
662 4894 841 4979 prioribus
866 4905 902 4958 et
926 4895 1055 4959 rectori
1079 4899 1282 4962 exadverso
1306 4901 1399 4982 prin-

1185 5003 1240 5059 25*
