3425 5700
835 540 894 594 ΗΒ
935 540 986 595 106
1026 539 1084 593 spa

317 700 422 763 istum
447 702 640 775 hominem;
666 713 701 766 et
717 704 806 785 sapii
824 704 958 767 Vostra
976 703 1144 785 Signoria
1160 704 1477 769 Reuerendissima
1498 707 1557 769 che
1574 705 1590 767 'l

319 808 511 872 Confessor
542 832 564 873 a
596 812 773 874 mantenir
796 812 927 874 Cesare
959 812 1031 894 (qui
1062 814 1158 875 solus
1187 814 1302 874 bonus
1327 817 1393 893 est)
1424 814 1484 895 pol
1508 812 1589 874 assai

318 916 424 979 immo
449 917 525 979 fere
549 919 668 981 omnia
692 928 728 982 et
751 919 938 1001 persertim
962 919 999 981 in
1022 939 1061 981 re
1086 919 1307 999 Lutherana,
1339 919 1374 981 in
1399 940 1470 1001 qua
1493 918 1591 981 Cesar

319 1028 410 1086 cossi
434 1024 528 1105 fara,
553 1046 655 1088 como
679 1026 704 1089 li
728 1026 807 1089 sara
831 1034 1038 1089 mantenuta
1062 1028 1097 1089 la
1120 1026 1357 1107 conscientia,
1391 1028 1425 1088 la
1449 1028 1531 1108 qual
1554 1029 1591 1089 da

319 1152 383 1194 sua
407 1141 533 1196 natura
556 1153 612 1196 ma
636 1153 702 1215 par
726 1135 791 1196 che
817 1134 940 1197 habbii
963 1133 1087 1196 melior
1111 1135 1176 1196 che
1200 1135 1317 1213 hom0,
1342 1135 1407 1196 che
1432 1134 1500 1197 mai
1517 1133 1590 1195 vidi.

408 1240 524 1302 Resta
548 1242 613 1303 che
638 1241 672 1303 io
696 1242 875 1322 responde
891 1262 912 1302 a
928 1241 1047 1322 quella
1066 1250 1179 1322 parte,
1204 1241 1270 1303 che
1285 1240 1419 1304 Vostra
1435 1240 1591 1322 Signoria

318 1346 637 1411 Reverendissima
659 1346 694 1409 in
718 1356 809 1410 tutte
833 1368 896 1410 sue
920 1349 1024 1411 lettre
1049 1347 1094 1410 mi
1119 1334 1243 1428 scrive,
1269 1348 1334 1410 che
1359 1348 1494 1411 usiamo
1515 1348 1591 1429 ogni

319 1452 401 1515 fede
433 1463 470 1516 et
499 1454 703 1537 diligentia,
737 1465 773 1517 et
802 1456 913 1517 siamo
946 1476 1086 1537 sempre
1118 1455 1301 1538 congiunti
1326 1468 1361 1518 et
1386 1456 1551 1519 concordi
1572 1456 1592 1515 il

320 1560 453 1643 Signor
468 1560 745 1626 Prothonotario
762 1562 952 1625 Carazzolo
977 1571 1012 1626 et
1036 1563 1085 1626 io:
1123 1562 1202 1643 Qua
1226 1563 1260 1624 in
1286 1584 1324 1624 re
1349 1562 1511 1645 supplico
1535 1564 1591 1623 che

318 1668 361 1731 N.
387 1666 424 1731 S.
449 1680 484 1731 et
509 1669 552 1733 V.
578 1667 614 1732 S.
641 1670 736 1732 Rma
767 1669 874 1733 stiino
907 1672 951 1733 de
983 1672 1079 1732 bono
1112 1670 1228 1732 animo
1261 1681 1431 1751 quantum
1464 1671 1592 1732 adhoc

319 1777 384 1838 che
416 1786 513 1838 certo
545 1776 581 1838 di
611 1778 646 1838 la
670 1776 752 1839 fede
777 1785 813 1839 et
837 1776 954 1839 studio
979 1797 1050 1838 non
1076 1797 1120 1838 ne
1145 1797 1367 1858 sapressemo
1391 1785 1518 1838 metter
1540 1776 1592 1857 pii

319 1893 355 1944 et
386 1884 431 1944 de
462 1902 560 1945 esser
590 1881 746 1946 unanimi
778 1882 812 1945 in
843 1886 891 1947 tal
923 1884 1029 1946 modo
1060 1882 1107 1945 fin
1133 1886 1190 1964 qul
1215 1883 1382 1945 habiamo
1407 1883 1593 1963 negotiat0‚

319 1990 369 2052 ita
393 1990 428 2051 in
453 1990 518 2052 hac
544 2010 581 2051 re
607 2011 713 2053 unum
727 1990 913 2070 sensimus
937 2012 1041 2053 unum
1059 1991 1256 2053 studuimus
1281 2002 1319 2052 ut
1345 1990 1429 2053 nihil
1445 1990 1596 2071 potuerit

319 2118 397 2159 esse
422 2097 526 2161 nobis
549 2097 778 2160 coniunctius.
827 2097 943 2161 Oime!
973 2101 1125 2161 sarebbe
1155 2099 1282 2163 adesso
1307 2105 1426 2179 tempo
1452 2100 1517 2159 cire
1541 2096 1594 2159 noi

319 2203 466 2267 fossimo
490 2204 647 2268 discordi
671 2204 707 2266 in
731 2213 832 2268 tanta
855 2226 971 2268 rerum
996 2206 1148 2267 omnium
1173 2205 1453 2286 perturbatione,
1479 2214 1597 2267 contra

320 2311 409 2374 tanti
434 2322 470 2374 et
493 2316 520 2375 sl
545 2312 641 2395 aspri
666 2311 791 2375 nemici
817 2314 861 2375 de
886 2313 910 2375 li
935 2312 1046 2375 nostri
1071 2311 1227 2394 patroni,
1256 2312 1292 2373 di
1318 2312 1338 2374 l'
1355 2313 1484 2385 honor,
1509 2312 1543 2373 di
1566 2313 1597 2372 la

320 2420 453 2500 patria,
488 2420 524 2481 di
548 2420 584 2483 la
607 2420 693 2483 sede
717 2441 865 2483 romana
887 2419 1118 2484 fundamento
1144 2420 1188 2481 de
1213 2428 1335 2482 nostra
1359 2429 1482 2481 sancta
1505 2418 1597 2481 fede:

321 2547 390 2588 non
415 2526 500 2589 volii
525 2526 594 2589 Dio
619 2529 684 2589 che
707 2528 758 2591 tal
781 2527 1058 2591 inconveniente
1092 2526 1233 2598 accadi;
1266 2528 1309 2589 ne
1341 2526 1496 2607 suspichi
1525 2544 1597 2607 per-

320 2634 366 2695 ho
390 2632 431 2698 V.
456 2632 491 2695 S.
513 2633 610 2697 Rma
633 2635 691 2697 noi
716 2655 814 2697 esser
838 2635 920 2697 stati
945 2633 1102 2697 discordi
1126 2654 1191 2715 per
1208 2634 1327 2713 quello
1343 2634 1409 2695 che
1425 2632 1459 2695 io
1477 2630 1599 2713 scripsi

322 2760 419 2803 esser
449 2749 504 2802 sta
533 2740 624 2803 fatto
655 2761 755 2804 error
778 2741 812 2803 in
838 2740 999 2804 nominer
1024 2743 1136 2804 solum
1162 2740 1210 2803 lui
1234 2739 1268 2802 in
1294 2740 1410 2803 alcuni
1434 2740 1469 2802 di
1495 2739 1599 2821 quelli

321 2848 422 2911 brevi
447 2848 653 2911 credentiali
678 2849 920 2912 ultimamente
936 2848 1059 2930 scripti
1076 2847 1169 2911 circa
1184 2849 1218 2910 la
1235 2846 1383 2910 materia
1400 2848 1495 2910 della
1509 2846 1600 2926 fede,

322 2957 387 3018 che
411 2957 519 3018 credo
543 2956 567 3018 il
591 2957 784 3020 secretario
801 2977 872 3020 non
888 2958 1000 3038 pensd
1018 2958 1229 3018 altramente
1244 2976 1310 3037 per
1325 2955 1601 3028 inadvertentia;

321 3065 380 3125 del
404 3066 470 3126 che
494 3064 527 3126 el
551 3064 651 3126 detto
668 3062 800 3145 Signor
825 3063 1102 3127 Prothonotario
1126 3063 1165 3127 fu
1185 3062 1244 3145 piri
1264 3065 1333 3126 mal
1353 3072 1521 3126 contento
1539 3063 1602 3124 c'he

321 3172 367 3251 io,
384 3172 525 3254 perche,
542 3191 642 3233 como
660 3171 936 3252 prudentissimo
959 3183 994 3234 et
1011 3171 1045 3234 in
1064 3173 1156 3253 locu,
1174 3191 1377 3253 cognoscea
1391 3192 1462 3234 non
1477 3172 1604 3253 giovar

321 3280 392 3342 alla
422 3299 507 3341 cosa
537 3287 660 3340 nostra
689 3278 875 3360 presertim
906 3279 940 3341 in
971 3299 1009 3342 re
1032 3279 1117 3342 fidei
1144 3281 1179 3342 la
1204 3281 1285 3361 qual
1309 3279 1604 3361 principalmente

321 3389 338 3449 ὲ
364 3405 559 3448 commessa
583 3406 605 3448 a
627 3405 683 3448 me
715 3395 751 3447 et
782 3406 847 3467 per
881 3394 1007 3466 questa
1041 3406 1148 3448 causa
1181 3386 1435 3468 specialmente
1460 3405 1525 3448 son
1552 3395 1607 3446 sta

320 3494 503 3573 mandato,
528 3502 610 3556 eta
633 3514 689 3556 me
713 3502 816 3556 tucca
839 3495 976 3575 parler,
1000 3494 1178 3575 disputat,
1204 3513 1385 3576 proponet
1408 3493 1606 3574 persuadet

321 3599 486 3681 privatim
518 3613 554 3663 et
584 3601 725 3682 publice
754 3621 873 3662 coram
898 3601 1065 3664 universo
1089 3599 1238 3682 imperio
1264 3601 1299 3663 in
1324 3621 1430 3663 unum
1455 3619 1606 3681 congre-

321 3718 406 3788 gato
431 3709 488 3769 vel
512 3706 617 3770 etiam
642 3729 760 3770 coram
784 3708 934 3790 singulis
959 3709 1145 3771 ordinibus
1169 3710 1227 3771 vel
1250 3707 1473 3790 principibus
1496 3707 1606 3791 impe-

321 3815 363 3877 rii
388 3835 557 3894 seorsum,
583 3835 682 3877 come
705 3813 765 3876 fin'
781 3835 844 3877 ora
869 3835 1008 3896 sempre
1032 3817 1078 3877 ho
1102 3815 1193 3878 fatto
1219 3815 1475 3878 comunicando
1499 3823 1607 3876 tutta-

321 3922 380 3984 via
403 3921 426 3983 il
451 3931 542 3984 tutto
568 3942 633 3984 con
660 3923 758 3984 detto
774 3921 1062 4002 Prothonotari0‚
1088 3922 1112 3984 il
1136 3925 1218 4004 qual
1243 3943 1375 3985 ancora
1394 3922 1463 3986 mai
1479 3943 1611 3985 manca

322 4030 464 4110 quando
497 4028 522 4091 il
552 4030 713 4092 richiedo
737 4038 898 4092 trovarse
923 4050 1033 4092 ancor
1058 4030 1105 4092 lui
1130 4039 1297 4111 presente
1322 4031 1355 4092 al
1380 4030 1550 4111 negotiar
1576 4040 1611 4092 et

321 4137 369 4199 lui
394 4135 549 4199 vicissim
574 4137 610 4198 di
634 4139 669 4199 la
692 4157 776 4200 cosa
799 4137 836 4200 di
860 4139 895 4200 la
919 4158 983 4199 sua
1005 4137 1182 4218 principal
1206 4136 1451 4199 commissione
1472 4157 1611 4199 amore·

321 4246 502 4307 volmente
525 4244 703 4325 participa
727 4265 794 4307 con
818 4265 918 4307 meco
944 4245 986 4308 ne
1013 4244 1079 4306 mai
1105 4243 1153 4306 fin
1179 4251 1236 4326 qui
1262 4247 1390 4307 estato
1408 4263 1612 4306 commesso

322 4371 368 4413 un
400 4351 543 4413 minimo
577 4371 677 4413 error
704 4352 747 4414 ne
771 4351 861 4414 fatto
886 4370 953 4432 pur
976 4372 1022 4413 un
1049 4370 1161 4431 segno
1186 4351 1220 4412 di
1245 4350 1394 4413 dissidio
1419 4371 1439 4412 o
1464 4350 1613 4413 simultir

322 4461 450 4521 alcuna
473 4457 529 4520 fra
552 4459 622 4521 noi.
670 4458 714 4519 Et
737 4459 869 4539 perche
894 4458 937 4522 V.
964 4456 1001 4521 S.
1026 4459 1122 4520 Rma
1154 4457 1213 4539 gia
1245 4458 1281 4520 in
1314 4465 1439 4538 queste
1463 4459 1535 4520 doe
1564 4459 1612 4520 ul·

322 4567 406 4628 time
427 4567 554 4628 lettere
579 4587 617 4628 se
642 4569 761 4647 degna
786 4587 807 4629 a
830 4566 944 4630 farma
969 4566 1200 4630 excusatione
1225 4585 1333 4628 ancor
1357 4567 1423 4626 che
1447 4585 1520 4626 non
1551 4567 1613 4628 be-

322 4692 495 4755 sognasse
519 4673 584 4735 che
601 4672 622 4734 'l
646 4673 716 4735 mio
733 4670 867 4755 Signor·
891 4693 928 4734 se
952 4673 1156 4735 humiliasse
1181 4693 1202 4733 a
1226 4675 1253 4734 sl
1278 4671 1326 4734 vil
1351 4691 1434 4733 cosa
1459 4691 1571 4735 verso
1591 4672 1614 4735 il
1693 4701 1694 4766 p

323 4799 386 4842 suo
411 4800 526 4858 servo,
552 4778 798 4842 dubitandomi
821 4781 886 4841 che
911 4781 1030 4860 quella
1054 4799 1123 4841 non
1148 4779 1258 4840 habbi
1275 4779 1400 4860 piliato
1417 4780 1549 4842 umbra
1568 4783 1616 4842 da
1693 4779 1694 4830 l

323 4888 391 4949 mie
424 4888 550 4950 lettere
582 4889 648 4949 che
680 4907 745 4968 per
778 4886 972 4949 ambitione
996 4886 1030 4948 io
1054 4906 1110 4948 me
1134 4885 1230 4948 habii
1256 4887 1448 4948 lamentato
1473 4893 1511 4947 et
1539 4909 1614 4950 non
1693 4887 1694 4936 l
