3425 5700
24 1462 40 1506 F

701 920 775 985 131.

356 1037 539 1119 dustanus
566 1038 642 1119 Rex
671 1035 816 1119 Suauiaa
842 1034 1009 1116 Adriano
1029 1032 1087 1113 VI.
1096 1028 1120 1130 ¹)

437 1186 532 1257 (meu
551 1201 620 1246 reor.
637 1188 714 1247 Arm
732 1185 778 1244 lv.
796 1185 882 1258 <lapsa
900 1183 924 1242 2.
942 1182 976 1241 ll.
992 1183 1046 1251 19.)

570 1305 623 1372 (10.
643 1306 805 1370 Septembris
828 1301 915 1366 1523.)

196 1436 467 1520 Devotapedum
477 1440 798 1501 osculabeatorum.
808 1435 1018 1500 Beatissime
1026 1443 1139 1515 pater.
1149 1428 1377 1494 Gratissimus

24 1590 66 1604 ..
126 1551 184 1604 erat
198 1544 296 1607 nobis
313 1556 349 1607 et
366 1543 532 1608 universo
552 1548 686 1627 populo
702 1545 804 1608 nobis
820 1543 981 1607 subiecto
998 1542 1174 1604 adventus
1188 1535 1376 1600 reverendi

123 1649 213 1730 patris
224 1651 355 1714 domini
367 1651 515 1731 Joannis
527 1651 652 1733 Magni
668 1651 776 1715 Gothi
789 1650 917 1734 Legati
940 1659 975 1712 et
990 1644 1229 1711 Commissarii
1252 1643 1376 1706 sancti⁴

123 1756 187 1819 tatis
206 1767 346 1821 vestrae
369 1759 416 1820 ad
451 1779 516 1821 nos
547 1759 582 1821 in
616 1758 723 1822 variis
755 1769 791 1822 et
821 1757 942 1821 arduis
973 1754 1164 1818 christiane
1194 1749 1376 1832 religionis

123 1864 253 1945 negotiis
281 1865 459 1945 destinati,
484 1864 540 1929 cui
563 1865 600 1928 in
624 1866 787 1928 omnibus
810 1865 904 1928 votis
929 1861 1123 1927 sanctitatis
1137 1861 1181 1923 V.
1207 1868 1377 1942 quantum

122 1971 258 2033 turbacio
290 1973 414 2034 horum
439 1981 637 2056 temporum
661 1973 800 2036 sinebat
823 1971 1022 2042 annuimus:
1054 1969 1118 2032 sed
1148 1968 1378 2030 vehementer

122 2077 274 2140 doluimus
305 2080 401 2160 quod
425 2079 684 2161 periclitantem
707 2089 836 2143 statum
860 2078 1020 2142 Ecclesia
1037 2074 1199 2139 Suecane
1223 2074 1269 2134 ad
1293 2073 1376 2135 inte·

123 2201 204 2262 grum
213 2185 398 2248 restituere
413 2185 622 2268 nequiverit,
633 2190 798 2250 obstante
808 2185 867 2268 pie
876 2183 1062 2248 intentioni
1074 2183 1265 2262 eiuslonga
1274 2179 1377 2242 vacil-

122 2289 233 2355 latione
245 2293 502 2356 chatedralium
520 2293 749 2359 ecclesiarum
766 2314 834 2375 que
851 2294 897 2357 ad
914 2294 1034 2374 plures
1051 2310 1163 2352 annos
1177 2308 1241 2371 per
1265 2297 1380 2349 terras

30 2453 31 2463 ,
122 2406 237 2462 nostras
260 2399 337 2463 sine
361 2399 620 2482 Episcoporum
644 2401 771 2465 solatio
795 2400 1054 2463 fluctuaverant
1078 2406 1114 2459 et
1137 2397 1252 2481 adhuc
1276 2393 1375 2457 mise·

122 2504 257 2569 rabiliter
279 2505 471 2586 fluctuant,
496 2507 624 2589 quibus
647 2509 697 2572 sic
722 2509 891 2571 desolatis
915 2526 986 2569 non
1010 2505 1171 2569 videmus
1195 2501 1376 2565 efficacem

123 2612 242 2674 modum
264 2633 335 2694 quo
360 2612 559 2677 defectibus
584 2615 619 2677 in
643 2614 806 2678 Ecclesia
825 2613 956 2678 Christi
980 2610 1246 2693 emergentibus
1269 2609 1376 2690 plene

124 2729 314 2783 occurratur.
367 2719 520 2784 Videtur
555 2722 658 2784 nobis
693 2723 788 2803 quod
819 2730 902 2784 ante
938 2719 1056 2783 omnia
1089 2726 1124 2780 et
1157 2713 1376 2798 quamtocius

122 2823 268 2908 Episcopi
291 2847 357 2910 per
381 2827 515 2911 Regna
539 2837 661 2893 nostra
695 2850 717 2893 a
740 2826 776 2893 S.
802 2828 846 2892 V.
878 2827 1127 2895 restituantur:
1159 2823 1254 2906 quod
1281 2832 1375 2905 post·

123 2951 208 3011 quam
229 2934 347 2998 Rome
371 2933 502 2999 factum
519 2936 626 2999 fuerit
650 2944 686 2999 et
701 2937 863 3018 prefatus
879 2932 1147 2999 Commissarius
1171 2929 1378 2993 Sanctitatis

123 3037 229 3103 Vestre
252 3042 298 3103 ad
323 3061 388 3104 nos
413 3043 530 3106 denuo
555 3064 633 3106 curn
657 3045 765 3125 plena
798 3043 1011 3107 auctoritate
1036 3040 1140 3104 Sedis
1166 3037 1376 3121 Apostolice

121 3146 254 3229 redierit,
278 3158 362 3211 tunc
376 3151 512 3213 adeam
526 3149 813 3215 informationem
830 3150 1009 3214 efficacius
1024 3148 1248 3211 assisteretur
1265 3146 1375 3207 eccle·

119 3251 241 3317 siastice
264 3255 467 3319 auctoritati
491 3266 527 3319 et
549 3256 633 3320 fidei
656 3257 847 3321 christiane
871 3257 907 3320 in
931 3256 1094 3321 omnibus
1122 3253 1192 3316 illis
1216 3250 1375 3333 negociis

119 3380 174 3440 que
201 3362 267 3425 iam
300 3360 480 3427 Sanctitas
504 3365 547 3427 V.
577 3385 643 3447 per
672 3365 786 3448 ipsum
820 3365 924 3428 nobis
955 3362 1277 3427 commendaverat.
1334 3359 1374 3422 In

117 3466 220 3545 primis
243 3490 382 3532 errores
407 3481 443 3533 et
465 3491 655 3553 perversas
679 3472 858 3535 doctrinas
882 3472 1120 3535 Ecclesiarum
1145 3467 1275 3531 Christi
1306 3475 1373 3529 tur-

117 3573 253 3639 batrices
275 3576 377 3639 iuxta
400 3577 656 3659 Episcoporum
681 3578 829 3642 consilia
852 3579 1089 3661 expellemus;
1126 3575 1255 3638 deinde
1279 3573 1373 3655 cogi·

118 3680 251 3745 tabimus
274 3684 319 3746 de
344 3684 482 3747 meliori
506 3684 654 3748 consilio
679 3706 749 3767 quo
781 3685 995 3748 schismatici
1025 3682 1219 3747 moscovite
1252 3692 1373 3745 nostro

116 3802 212 3869 regno
239 3790 344 3853 vicini
380 3791 425 3853 ad
456 3791 627 3856 unitatem
661 3792 844 3856 Ecclesiae
875 3799 1142 3870 convertantur,
1172 3798 1374 3870 terramque

117 3889 281 3975 Lapponie
305 3895 427 3959 Nostri
451 3897 572 3979 Regni
597 3896 724 3962 Suecie
748 3906 887 3981 partem
907 3901 952 3962 ab
969 3897 1148 3981 ydolatria
1170 3896 1217 3959 ad
1231 3895 1373 3982 Christi·

117 4017 205 4062 anam
227 4002 411 4067 Ecclesiam
435 4004 572 4066 restitui
597 4005 777 4070 faciemus.
824 4006 899 4069 Nec
924 4005 1085 4068 omittere
1104 4004 1267 4067 volumus
1290 4001 1373 4084 quin

116 4103 232 4187 aliquid
254 4109 377 4173 auxilii
407 4119 531 4174 contra
546 4112 653 4174 Turci
676 4113 872 4194 potentiam
895 4133 961 4194 per
984 4112 1164 4175 subiectos
1187 4109 1291 4196 nobis
1313 4130 1373 4192 po·

138 4308 156 4376 ¹)
174 4312 299 4363 Gustavus
318 4314 434 4363 Erilrson
454 4317 546 4376 wasa,
565 4318 650 4381 patria
668 4317 780 4368 liberata
799 4335 815 4367 a
834 4320 1013 4368 dominatione
1032 4320 1182 4376 Danorum‚
1202 4317 1290 4366 animo
1310 4333 1372 4365 con·

171 4401 271 4457 ceperat
290 4395 446 4458 religionem
465 4398 506 4446 sui
525 4398 598 4460 regni
614 4399 752 4448 immutare
770 4406 796 4448 et
815 4399 968 4448 lutheranae
982 4400 1105 4447 novitatis
1116 4399 1293 4461 dogmatibus,
1306 4399 1374 4447 sicut

169 4472 338 4524 instrumento
359 4476 392 4524 ad
414 4476 512 4525 clerum
531 4483 557 4526 et
576 4478 715 4527 ecclesiam
735 4480 935 4545 expoliandam,
961 4480 1008 4528 uti.
1045 4480 1100 4527 Sub
1118 4479 1283 4543 protectione
1302 4480 1373 4540 regia

169 4556 283 4615 permisit
303 4556 372 4605 Olao
395 4558 466 4605 Petri
492 4564 518 4606 et
537 4558 595 4607 aliis
621 4559 733 4608 occultis
751 4560 897 4609 lutheranis
925 4574 1020 4608 novam
1039 4560 1186 4607 doctrinam
1211 4559 1373 4622 praedicare.

168 4634 266 4684 Eodem
286 4644 405 4701 tempore
424 4638 523 4701 Joanni
542 4641 642 4701 Magno
662 4640 799 4691 Pontificis
818 4641 907 4703 legato
935 4647 962 4689 et
980 4641 1097 4689 Gustare
1117 4639 1228 4687 Braslrio
1247 4638 1372 4702 episcopo

169 4717 336 4776 promittebat
361 4717 542 4767 defensionem
568 4727 594 4768 et
618 4720 726 4769 tutelam
752 4721 900 4770 catholicae
925 4719 1061 4771 ecclesiae.
1098 4720 1184 4784 Ipsius
1210 4718 1373 4783 duplicitatis

169 4809 262 4844 novum
289 4796 341 4846 hoc
370 4798 556 4848 documentum
584 4801 686 4849 edimus
714 4817 766 4865 quo
791 4800 928 4850 Pontificis
957 4801 1138 4849 auctoritatem
1165 4799 1373 4848 luculentissime

171 4878 363 4939 recognoscitur
381 4893 398 4927 a
416 4893 485 4941 rege.
1126 4882 1129 4888 '
