3425 5700
652 573 880 630 0-{325594

214 722 334 804 Dopoi
350 722 474 802 giunto
492 742 513 783 a
530 720 697 784 Wormes
722 721 772 783 sei
797 741 818 784 o
843 730 934 782 sette
959 720 1085 801 giomi,
1109 718 1253 782 retornb
1273 738 1406 781 messer

134 829 285 893 Antonio
310 829 487 892 Casulano
522 830 555 891 el
589 830 671 909 quai
705 828 739 891 io
775 830 893 891 havea
917 828 1085 890 mandato
1122 847 1143 888 a
1165 826 1314 888 Treveri
1338 845 1405 888 con

131 940 253 1000 lettere
275 937 332 999 dei
348 935 472 1008 Reve
487 938 649 1016 elettore,
674 944 710 998 et
733 936 838 1016 porto
863 935 1067 997 authentico
1083 936 1295 996 documento
1312 933 1406 995 della

132 1047 246 1106 buona
270 1045 481 1107 executione
505 1042 595 1105 satta
620 1043 655 1104 in
681 1044 800 1124 quella
823 1041 1036 1120 universita,
1068 1061 1168 1103 come
1200 1061 1221 1102 a
1246 1039 1404 1119 Colonia,

134 1154 329 1213 conbuona
354 1149 584 1213 observantia
609 1151 654 1211 de
679 1149 777 1222 tutti;
804 1160 838 1211 et
863 1148 995 1230 perche
1019 1149 1044 1211 il
1069 1149 1167 1210 detto
1184 1148 1405 1210 Treverense

132 1259 220 1320 hali
245 1258 321 1320 suoi
346 1255 573 1339 Suffraganei
598 1257 657 1319 nel
679 1276 788 1338 paese
814 1257 848 1319 di
874 1257 1023 1333 Lorena,
1049 1257 1084 1317 io
1109 1255 1134 1317 li
1157 1254 1264 1316 donai
1287 1255 1404 1335 aequi·

134 1368 268 1428 valente
293 1363 396 1447 copie
423 1365 517 1426 della
540 1365 648 1442 bulla,
673 1365 777 1444 quale
802 1363 850 1425 lui
865 1383 1048 1444 promesse
1063 1363 1232 1424 mandare
1261 1362 1404 1424 omnino

135 1483 167 1534 et
190 1492 312 1534 curare
340 1471 487 1552 reliqua.
542 1471 619 1534 Ben
656 1470 701 1533 mi
733 1470 882 1533 consilio
916 1471 984 1533 che
1007 1471 1204 1550 guardasse
1238 1490 1338 1532 come
1371 1474 1404 1531 io

136 1581 278 1642 andasse
295 1599 361 1660 per
385 1577 533 1657 camin0,
559 1557 690 1659 perche
716 1579 861 1640 auribus
885 1576 957 1639 suis
981 1580 1096 1639 havea
1120 1577 1219 1639 udito
1248 1578 1294 1638 da
1318 1576 1403 1638 Hut·

136 1697 211 1748 teno
235 1688 300 1748 che
325 1704 476 1748 cercava
498 1685 602 1748 farmi
628 1703 716 1766 gran
743 1685 968 1766 despiacere,
1001 1685 1060 1746 dal
1092 1685 1158 1746 che
1190 1683 1405 1748 sforzerome

137 1795 306 1872 guardare
330 1813 396 1855 con
421 1794 456 1855 lo
482 1793 603 1855 adiuto
630 1793 665 1854 di
681 1789 768 1855 Dio.

219 1901 294 1962 Hor
318 1921 339 1962 a
366 1900 530 1962 Wormes
555 1920 624 1962 non
650 1920 689 1962 so
721 1919 787 1982 per
811 1901 877 1961 che
901 1918 1008 1961 causa
1032 1919 1118 1979 pare
1143 1900 1209 1961 che
1240 1897 1281 1961 sii
1313 1907 1405 1961 stato

138 2009 297 2088 alquanto
329 2007 536 2070 obnubilato
567 2006 591 2068 il
616 2019 738 2069 nostro
762 2027 889 2069 sereno
915 2016 951 2067 et
975 2006 1155 2068 retardato
1181 2026 1226 2068 un
1251 2024 1343 2086 poco
1373 2005 1405 2066 el

139 2113 234 2176 felice
259 2134 361 2176 curso
386 2113 421 2176 di
445 2125 569 2176 nostra
593 2113 822 2196 navigatione
847 2113 882 2175 in
908 2124 1033 2193 questo
1059 2114 1174 2176 mod0.

222 2221 346 2283 Havea
371 2220 561 2302 impetrato
587 2223 637 2302 (ut
661 2219 886 2302 scripseram)
911 2241 932 2282 a
951 2218 1110 2282 Louanio
1135 2221 1181 2281 da
1206 2218 1336 2282 Cesare
1360 2240 1404 2281 un

140 2329 295 2390 mandato
320 2349 385 2410 per
408 2327 489 2390 tutti
513 2327 589 2391 suoi
614 2327 775 2408 dominii,
805 2342 899 2391 terre
931 2337 966 2389 et
989 2327 1091 2409 regni
1117 2337 1241 2390 contra
1271 2327 1295 2388 li
1325 2326 1406 2389 libri

140 2433 170 2494 di
192 2433 244 2496 fra
259 2434 390 2497 Martin
407 2435 541 2498 Luther
566 2446 601 2497 et
624 2434 660 2497 di
683 2435 764 2497 tutti
788 2435 869 2497 altri
886 2437 951 2498 che
967 2437 1160 2498 havessero
1177 2434 1299 2497 scritto
1316 2437 1405 2497 maie

141 2539 170 2601 di
193 2541 231 2604 N.
257 2541 292 2604 S.
318 2563 349 2605 ο.
376 2544 469 2605 della
494 2541 627 2604 Sancta
653 2541 763 2623 Sede,
797 2543 879 2625 qual
904 2543 1071 2605 mandato
1104 2544 1151 2605 ho
1182 2562 1321 2622 sempre
1346 2561 1404 2621 ap·

140 2665 253 2726 presso
277 2648 313 2710 di
338 2669 403 2711 me.
457 2651 504 2712 Al
532 2658 699 2730 presente
723 2649 921 2712 instavamo
944 2669 1011 2731 per
1032 2651 1144 2711 havet
1167 2669 1213 2710 un
1239 2650 1405 2710 mandato

141 2756 199 2815 sub
221 2756 345 2838 poenis
366 2755 482 2818 Banni
506 2755 698 2837 imperialis
722 2755 785 2836 (sic
809 2758 1001 2838 loquuntur
1023 2755 1093 2837 isti)
1118 2776 1183 2836 per
1205 2766 1317 2817 totum
1342 2755 1405 2818 Im·

140 2862 264 2940 perium
297 2874 332 2927 et
363 2864 565 2927 universam
591 2863 833 2943 Germaniam,
863 2864 996 2945 perche
1027 2874 1110 2926 ante
1141 2863 1406 2927 coronationem

140 2966 171 3029 in
194 2969 406 3052 Aquisgrani
441 2970 570 3033 dicono
602 2973 668 3033 che
693 2990 764 3033 non
789 2971 817 3033 si
842 2981 951 3053 potea
974 2970 1029 3032 far
1062 2970 1098 3032 in
1126 2971 1175 3033 tal
1199 2970 1332 3050 forma,
1372 2972 1405 3032 la

142 3077 235 3153 quale
258 3081 410 3140 sarebbe
435 3081 544 3141 molto
569 3077 728 3159 proficua
753 3078 822 3141 imo
848 3078 1049 3141 necessaria
1081 3088 1116 3141 et
1140 3089 1265 3141 contra
1287 3097 1404 3159 perso-

141 3200 214 3244 nern
234 3184 343 3266 ipsius
361 3185 507 3248 Lutheri
527 3194 563 3247 et
580 3195 704 3248 contra
727 3185 960 3267 impressores
981 3186 1083 3266 juxta
1106 3185 1255 3249 formam
1271 3184 1405 3247 decreti

142 3284 397 3363 iateranensis;
431 3313 486 3355 ma
511 3304 678 3374 questore
703 3314 820 3355 vanno
845 3292 1141 3355 summussitando
1170 3304 1205 3355 et
1234 3292 1405 3375 tergiver-

141 3397 243 3457 sando
273 3410 307 3460 et
331 3399 459 3462 dicono
492 3401 557 3463 che
582 3420 653 3462 non
686 3400 714 3461 si
739 3400 836 3482 possi
869 3399 945 3462 fare
979 3399 1054 3463 sine
1083 3419 1212 3481 magno
1237 3400 1406 3463 scandalo

142 3511 256 3565 contra
278 3506 455 3569 hominem
480 3506 697 3571 Germanum
730 3508 1001 3570 condemnatum
1030 3507 1065 3569 in
1098 3507 1193 3570 dicta
1217 3527 1341 3586 causa,
1372 3515 1406 3568 et

141 3609 200 3669 che
225 3614 373 3675 sarebbe
397 3616 491 3676 bono
516 3614 632 3676 udirlo
657 3616 722 3677 che
741 3614 787 3676 lui
805 3614 946 3677 venisse
971 3616 1041 3676 aila
1066 3614 1171 3693 dieta,
1196 3613 1334 3676 benche
1358 3613 1405 3675 di-

141 3732 223 3777 cono
246 3720 309 3781 che
334 3740 405 3782 non
430 3720 624 3783 intendano
642 3722 721 3783 chel
736 3720 869 3801 venghi
886 3743 924 3783 se
948 3742 1017 3783 non
1034 3742 1098 3804 per
1121 3721 1312 3800 revocarsi,
1336 3720 1406 3782 imo

141 3821 202 3883 che
226 3824 348 3889 dicono
373 3827 433 3908 gia
457 3831 643 3909 pensando
676 3831 746 3891 ben
772 3828 848 3891 fare
874 3830 1006 3891 havere
1036 3828 1158 3891 scritto
1187 3829 1220 3890 al
1244 3828 1347 3890 Duca
1371 3827 1405 3888 di

141 3925 289 3995 Saxonia
319 3937 386 3997 che
420 3937 453 3997 lo
478 3956 640 3999 menasse
673 3956 755 3998 seco
790 3935 867 4017 qui;
899 3936 979 3998 altri
1009 3936 1158 3998 diceano
1190 3937 1256 3998 che
1287 3937 1406 3999 buono
1489 4000 1492 4003 ,

142 4053 197 4097 era
219 4036 295 4102 iarli
319 4044 548 4105 commandar
572 4044 638 4106 che
662 4042 711 4105 lui
725 4053 949 4106 rettrattasse
966 4064 1010 4106 ea
1026 4063 1117 4124 quae
1135 4054 1216 4105 sunt
1239 4043 1407 4103 damnata

141 4161 160 4201 a
181 4146 331 4211 conciliis
355 4151 586 4231 generalibus
611 4160 647 4213 et
670 4148 944 4232 imperatoribus
972 4161 1007 4213 et
1036 4149 1109 4213 cosi
1133 4169 1221 4231 pare
1245 4150 1311 4211 che
1335 4165 1406 4211 non

140 4254 355 4319 vorrebbeno
380 4256 457 4319 iare
481 4259 609 4319 aicuna
633 4257 812 4321 mentione
843 4257 888 4320 ne
924 4259 980 4319 del
1014 4256 1197 4320 Pontefice
1236 4256 1406 4317 moderno

142 4352 181 4415 ne
204 4358 264 4420 dili
286 4363 417 4441 antiqui
441 4372 478 4425 et
501 4366 614 4427 la'ssar
637 4365 744 4446 quelli
768 4365 870 4445 punti
896 4366 939 4427 de
956 4364 1139 4427 Potestate
1157 4365 1279 4445 Papae
1301 4361 1405 4424 indis·

142 4462 237 4525 cussi.
282 4468 535 4533 Oribaldaria.
591 4472 707 4534 Hasse
733 4473 810 4533 loro
834 4472 988 4553 risposto
1012 4474 1079 4534 che
1102 4492 1173 4534 non
1199 4491 1237 4533 se
1262 4469 1406 4532 intende

142 4571 346 4639 condemner
375 4578 411 4639 in
446 4578 541 4640 dicta
574 4598 681 4641 causa
713 4580 855 4659 quando
885 4579 909 4641 li
933 4582 1010 4642 suoi
1033 4578 1145 4642 scritti
1168 4598 1233 4661 per
1256 4578 1305 4640 lui
1328 4598 1406 4659 par-

141 4672 217 4737 iano
249 4689 283 4741 et
302 4702 367 4763 pur
392 4693 540 4766 troppo,
573 4695 608 4747 et
641 4687 707 4747 che
732 4685 828 4747 molti
861 4685 993 4767 antiqui
1028 4686 1176 4749 heretici
1207 4704 1294 4748 sono
1324 4684 1406 4747 stati

142 4784 207 4843 cosi
236 4790 458 4854 condemnati
493 4790 579 4853 dalli
604 4789 738 4854 Summi
764 4790 940 4872 Pontifici,
972 4792 1032 4854 alli
1063 4793 1159 4874 quali
1183 4801 1302 4876 spetta
1329 4796 1402 4855 tale

143 4886 347 4959 discussione
372 4908 407 4961 et
431 4898 462 4960 a’
487 4898 638 4980 principi
662 4900 698 4961 la
722 4898 933 4961 executione
966 4901 1126 4961 seculare
1151 4902 1293 4981 quando
1319 4920 1406 4963 sono
