3425 5700
657 617 886 677 Ο-ὓὶὖῢύ

136 767 259 848 quibus
284 788 470 849 possumus
496 776 557 829 aut
583 769 762 848 debemus,
794 787 972 848 nunquam
998 768 1107 832 fuisse
1132 791 1210 833 esse
1244 782 1304 834 aut
1336 770 1413 834 fore

135 875 176 936 de
193 884 311 936 mente
337 885 373 936 et
396 874 591 936 intentione
617 885 739 936 nostra
753 876 811 937 vel
829 875 975 956 alicujus
992 876 1103 938 nostri
1126 880 1183 940 vel
1202 879 1411 955 consentire,

137 981 340 1060 defendere,
364 981 526 1062 recipere
551 992 612 1043 aut
625 1002 837 1063 promovere
862 1003 1103 1065 quoscumque
1129 1005 1268 1048 errores
1292 989 1409 1048 haere-

136 1109 188 1150 ses
213 1099 273 1151 aut
298 1109 470 1170 perversa
485 1091 656 1168 dogmata
673 1110 742 1170 que
758 1100 881 1152 contra
897 1089 1001 1152 fidem
1016 1093 1236 1173 catholicam,
1254 1107 1412 1157 sanctam

136 1195 283 1258 Matrem
308 1195 504 1259 Ecclesiam
540 1209 582 1258 ut
611 1197 766 1277 ejusdem
798 1194 882 1258 fidei
907 1197 1074 1260 articulos
1097 1209 1158 1261 aut
1188 1201 1412 1282 evangelium

134 1302 332 1380 militarent,
357 1305 421 1365 sed
445 1323 586 1383 semper
610 1313 734 1365 eontra
757 1303 959 1366 haereticos
983 1325 1175 1385 perversos
1191 1307 1357 1370 doctores
1378 1319 1413 1370 et

135 1420 291 1471 errantes
316 1409 460 1472 summis
486 1409 620 1472 viribus
644 1413 809 1473 laborare
833 1410 940 1473 fidem
957 1411 1192 1474 Christianam
1218 1414 1412 1477 defendere

135 1537 240 1597 usque
265 1517 312 1578 ad
336 1516 519 1597 sanguinis
544 1518 572 1579 si
598 1519 795 1599 oportuerit
817 1517 1055 1581 effussionem.
1089 1520 1276 1602 Rogamus
1292 1522 1412 1603 itaque

135 1623 204 1685 llos
221 1624 360 1686 Rector
379 1624 514 1686 Decani
538 1637 788 1706 procuratores
813 1625 1005 1688 consiliarii
1030 1637 1065 1688 et
1090 1648 1290 1690 assessores
1315 1642 1411 1691 ante-

135 1730 217 1792 dicti
243 1742 278 1793 et
302 1731 503 1792 nominibus
519 1731 647 1812 quibus
664 1751 781 1811 supra,
798 1752 864 1813 per
879 1753 944 1794 vos
961 1733 1134 1796 notarium
1156 1736 1335 1816 publicum
1361 1757 1412 1798 su·

134 1857 195 1918 per
218 1839 285 1900 hac
310 1847 433 1900 nostra
456 1838 714 1918 protestatione
749 1838 874 1900 confici
906 1838 940 1900 in
965 1839 1103 1921 signum
1129 1859 1235 1904 verae
1267 1853 1301 1904 et
1325 1843 1411 1905 inte-

135 1965 217 2024 grae
242 1944 326 2008 fidei
344 1955 498 2026 nostrae,
517 1965 623 2007 unum
639 1948 698 2007 vel
716 1949 819 2026 plura
833 1957 919 2028 quot
944 1956 1030 2028 quot
1053 1945 1184 2010 suerint
1199 1950 1412 2028 necessaria,

136 2050 364 2114 instrumenta
392 2053 546 2133 publica:
604 2053 713 2115 Lecta
745 2053 865 2134 itaque
900 2074 965 2134 per
996 2055 1185 2118 Dominum
1218 2057 1411 2121 Doctorem

139 2159 315 2221 .indreem
341 2160 503 2241 prefatae
521 2160 789 2241 protestationis
806 2161 922 2242 papiri
947 2161 1090 2241 scheda,
1114 2164 1323 2245 magnificus
1343 2167 1411 2227 Do-

137 2265 244 2328 minus
275 2267 432 2344 Rector,
470 2267 606 2329 'Decani
640 2278 891 2348 procuratores
923 2268 1113 2331 consiliarii
1148 2281 1182 2332 et
1213 2292 1412 2335 assessores

137 2373 302 2436 antedicti
328 2371 395 2436 sibi
420 2395 441 2435 a
467 2395 520 2436 me
538 2376 676 2436 notario
700 2373 927 2456 infrascripto
955 2396 1060 2437 unum
1084 2379 1141 2438 vel
1158 2380 1262 2459 plura
1285 2379 1410 2441 instru-

140 2491 287 2543 mentum
301 2501 363 2543 seu
376 2480 609 2543 instrumenta
622 2481 698 2543 fieri
712 2483 890 2563 petierunt
903 2517 937 2526 —
953 2483 1045 2544 Acta
1057 2491 1139 2544 sunt
1151 2485 1239 2546 haec
1249 2485 1411 2549 Viennae

139 2587 238 2649 Anno
262 2586 467 2668 indictione,
493 2587 560 2669 die,
578 2608 709 2670 mense,
735 2585 972 2670 pontificatus,
998 2601 1033 2650 et
1058 2591 1136 2651 loco
1161 2591 1288 2671 quibus
1305 2614 1413 2674 super

140 2695 358 2772 presentibus
388 2694 520 2756 ibidem
550 2695 819 2756 honorabilibus
856 2707 891 2757 et
923 2695 1082 2776 providis
1114 2696 1197 2758 viris
1229 2697 1412 2762 Uldalrico

141 2801 572 2884 Berhucho·Wolffgango
609 2803 739 2878 Henle,
778 2803 875 2865 Luca
916 2803 1063 2866 Alantse
1109 2813 1144 2865 et
1175 2803 1410 2887 Wolffgango

140 2906 296 2989 llongolt
321 2909 458 2971 civibus
480 2910 740 2972 Viennensibus
763 2910 912 2972 testib'us
936 2912 980 2972 ad
1005 2912 1177 2992 premissa
1212 2914 1347 2975 vocatis
1377 2927 1411 2976 et

140 3016 275 3095 rogatis.

222 3229 264 3291 Et
289 3250 359 3312 ego
384 3230 542 3309 Joannes
566 3230 765 3295 Favorinus
789 3232 877 3296 alias
901 3233 991 3315 gniti
1015 3234 1149 3296 shoffec
1175 3235 1324 3301 clericus
1352 3258 1410 3319 pa-

140 3335 300 3399 laviensis
333 3338 485 3400 diocesis
523 3359 624 3401 sacra
664 3340 837 3421 imperiali
874 3342 1087 3405 authoritate
1119 3342 1291 3417 notarius;
1330 3346 1412 3425 quia

141 3443 247 3506 dictae
264 3446 420 3508 schedae
436 3445 578 3509 lectioni
603 3447 850 3527 protestationi
877 3448 1108 3530 omnibusque
1132 3449 1210 3511 aliis
1234 3460 1269 3513 et
1294 3452 1410 3532 singu-

141 3549 188 3630 lis,
212 3552 291 3613 dum
317 3552 368 3615 sic
392 3563 429 3614 ut
449 3550 663 3634 premittitur
686 3552 813 3617 fierent
838 3564 874 3616 et
896 3564 1099 3636 agerentur,
1124 3576 1194 3618 una
1217 3576 1296 3619 cum
1312 3577 1411 3638 prae-

141 3658 321 3720 nominatis
345 3658 496 3722 testibus
520 3660 678 3723 interfui:
705 3682 818 3742 eaque
844 3661 894 3724 sic
918 3660 994 3724 fieri
1018 3661 1090 3724 vidi
1115 3673 1151 3724 et
1167 3662 1286 3725 audivi
1311 3684 1352 3726 ac
1377 3664 1409 3726 in

142 3774 253 3825 notam
276 3767 428 3847 sumpsi:
462 3768 542 3829 ideo
567 3766 634 3830 hoc
659 3788 830 3849 praesens
854 3769 1035 3851 publicum
1063 3771 1331 3850 protestationis
1362 3771 1410 3835 in-

142 3878 364 3935 strumentum
412 3894 517 3936 manu
566 3891 644 3937 mea
687 3876 833 3957 propria
866 3876 1018 3939 fideliter
1050 3878 1218 3959 scriptum
1252 3898 1298 3940 ex
1329 3879 1411 3941 inde

142 3977 287 4058 confeci,
319 3981 514 4062 subscripsi
545 3990 580 4043 et
611 3983 792 4063 publicavi
824 3994 859 4045 et
883 3983 919 4045 in
943 3984 1034 4045 hanc
1060 3983 1209 4046 formam
1233 3986 1411 4065 publicani

141 4084 276 4165 redegi,
307 4088 482 4169 signoque
508 4097 543 4151 et
567 4089 708 4151 nomine
733 4090 821 4152 meis
844 4091 956 4153 solitis
988 4099 1023 4152 et
1047 4092 1225 4153 consuetis
1259 4091 1410 4173 signavi,

143 4188 172 4250 in
197 4190 299 4255 fidem
324 4198 434 4257 robur
458 4207 494 4257 et
517 4197 755 4259 testimonium
780 4196 934 4259 omnium
965 4208 1000 4259 et
1023 4198 1242 4279 singulorum
1268 4201 1410 4281 premis-

143 4314 251 4361 sorum
275 4300 421 4382 rogatus
445 4312 480 4363 et
504 4304 704 4383 requisitus.
