3425 5700
764 500 1013 561 ῡ-ΜΟΗΉ

337 644 556 710 Decreverat
579 646 652 729 liga
676 648 746 711 alia
767 648 902 732 oppida
918 666 1044 711 versus
1059 646 1293 713 Franconiam
1310 666 1532 731 percurrere,

248 767 283 818 et
307 755 561 836 Herbipolensi
585 756 658 818 arei
682 759 851 819 obsessae
886 756 1094 835 subvenire,
1128 766 1166 817 at
1196 756 1380 818 Palatinus
1412 756 1531 819 nunci-

248 865 322 927 avit
345 872 383 926 ut
406 863 474 925 sibi
499 871 701 925 occurreret
725 865 770 925 ad
795 864 995 926 Brusellam
1029 862 1090 924 ubi
1113 862 1311 926 coniunctis
1344 863 1455 944 copiis
1484 864 1533 924 ad

247 970 472 1050 Herbipolim
496 971 741 1049 convolarent,
766 970 816 1033 sic
841 969 1019 1033 consuluit
1041 969 1232 1051 episcopus
1256 968 1532 1051 Herbipolensis

248 1078 306 1158 qui
344 1077 488 1159 fugerat
527 1078 573 1139 ad
611 1077 819 1140 Palatinum.
883 1078 1008 1159 Itaque
1047 1076 1180 1138 XXIII
1222 1076 1309 1138 Maii
1348 1076 1533 1139 Palatinus

250 1204 414 1267 egressus
440 1194 475 1246 et
500 1184 690 1265 episcopus
713 1184 947 1247 Treverensis
979 1204 1057 1246 cum
1089 1196 1220 1264 nepote
1249 1179 1406 1245 Otthone
1438 1183 1530 1245 Hen-

248 1290 321 1353 rico
347 1302 382 1353 et
406 1290 586 1372 Episcopo
612 1290 865 1371 Herbipolensi
889 1312 967 1354 cum
990 1292 1086 1355 mille
1110 1289 1288 1372 equitibus
1312 1299 1347 1352 et
1371 1311 1455 1352 2000
1469 1310 1530 1371 pe·

249 1396 380 1460 ditibus
404 1418 519 1480 pagos
544 1408 578 1461 et
603 1397 737 1479 oppida
761 1399 897 1481 recepit
921 1400 956 1461 in
981 1398 1145 1476 Pruram,
1179 1398 1408 1480 Rotemburg
1438 1397 1533 1460 Mais

248 1505 430 1587 (incendit)
446 1504 593 1568 Kiszlau
618 1515 652 1567 et
677 1526 716 1584 29
741 1505 927 1569 decollatis
953 1525 1026 1567 eos<
1039 1505 1153 1583 40mil.
1170 1503 1314 1567 florenis
1330 1505 1530 1575 mulctavit;

248 1609 359 1672 XXV
387 1611 472 1674 Maii
506 1612 644 1692 accepit
668 1612 867 1676 Brusellam
903 1612 939 1674 in
971 1612 1122 1693 gratiam
1159 1622 1196 1674 et
1230 1631 1399 1692 paenam,
1434 1613 1531 1674 unde

248 1738 330 1780 mox
356 1718 424 1779 XL
450 1719 545 1801 cepit
569 1728 604 1781 et
628 1739 757 1781 novem
781 1718 951 1783 decollari
976 1719 1071 1781 fecit.
1127 1718 1297 1781 XXVIII
1320 1719 1406 1781 Maii
1436 1739 1532 1781 rece-

247 1824 301 1905 pit
324 1825 494 1906 oppidum
519 1825 752 1887 Neckersulm
785 1826 830 1889 ad
865 1826 1016 1907 gratiam
1050 1836 1086 1889 et
1121 1825 1311 1905 iusticiam,
1343 1825 1533 1907 imperavit

248 1931 299 1993 eis
323 1950 406 1993 mox
429 1942 468 1992 ut
491 1941 607 1993 turres
634 1932 758 2013 oppidi
792 1932 974 1995 dIruerent
1007 1942 1044 1995 et
1073 1932 1197 1995 LXVI
1228 1932 1428 1995 nominatos
1452 1951 1530 2013 pre·

251 2049 433 2101 sentarent
465 2059 510 2101 ex
546 2040 674 2120 quibus
707 2039 764 2101 XI
798 2060 883 2103 mox
919 2041 954 2102 in
989 2040 1123 2122 oppido
1148 2039 1349 2116 decollavit,
1384 2057 1533 2120 quorum

250 2148 319 2208 duo
343 2145 487 2208 fuerunt
510 2147 715 2209 sacerdotes
739 2147 927 2226 lutherani,
950 2168 1042 2209 unus
1065 2147 1259 2209 monachus
1283 2154 1457 2226 apostata.

337 2252 376 2313 In
401 2251 472 2315 fine
497 2252 631 2333 Aprilis
656 2255 876 2316 rebellarunt
898 2251 1061 2316 monachi
1091 2251 1311 2315 Marchionis
1343 2252 1531 2331 Badensis,

249 2360 308 2441 qui
332 2360 455 2422 habito
480 2380 559 2422 cum
584 2360 635 2422 eis
658 2360 836 2443 colloquio
871 2381 934 2423 eos
958 2361 1115 2440 sedavit,
1149 2360 1205 2422 his
1240 2358 1354 2440 pactis
1383 2368 1422 2419 ut
1451 2378 1531 2439 per·

251 2466 367 2529 mittat
390 2466 625 2549 Evangelium
648 2466 760 2530 libere
790 2478 826 2530 et
858 2488 947 2549 pure
976 2466 1197 2549 praedicari,
1227 2467 1322 2547 quod
1349 2465 1533 2546 permittat

250 2574 354 2636 Clero
378 2594 521 2654 uxoreS,
547 2575 642 2655 quod
666 2575 784 2637 omnia
807 2575 1022 2638 monasteria
1045 2574 1202 2655 patiatur
1226 2572 1317 2635 dirui
1340 2583 1412 2636 tam
1444 2592 1530 2653 opu-

249 2683 346 2744 lenta
361 2699 466 2763 quam
483 2682 759 2743 mendicantium
775 2701 854 2744 cum
878 2682 957 2745 aliis
981 2681 1099 2744 multis
1123 2679 1373 2742 observantiae
1397 2678 1531 2741 christi·

250 2808 339 2852 anae
364 2788 540 2860 adversis;
575 2808 667 2870 quae
698 2788 861 2852 Marchio
892 2789 952 2853 ille
982 2788 1100 2852 omnia
1131 2787 1259 2850 dicitur
1290 2786 1472 2858 annuisse;
1500 2786 1533 2847 is

249 2898 329 2959 loco
358 2894 575 2958 Ferdinandi
606 2897 673 2957 hoc
702 2917 797 2959 anno
830 2896 898 2959 fuit
929 2898 1045 2959 locum
1076 2905 1202 2958 tenens
1233 2894 1462 2977 Imperatoris
1493 2893 1532 2956 in

250 3002 435 3090 regimine:
462 3004 566 3085 quale
591 3012 698 3084 caput
721 3005 793 3066 tale
817 3007 1055 3066 membrorum
1078 3003 1249 3084 regimen.

339 3110 487 3173 Decima
512 3110 656 3191 Aprilis.
705 3111 875 3173 Albertus
898 3111 1060 3174 Marchio
1092 3109 1427 3191 Brandeburgensis
1456 3108 1531 3171 Ma·

252 3219 364 3301 gister
387 3217 534 3280 militum
560 3215 595 3278 S.
619 3217 756 3280 Mariae
785 3218 819 3280 in
846 3218 991 3280 Prussia
1019 3216 1340 3280 Lutheranissimus
1370 3216 1532 3278 ordinem

251 3324 407 3406 deponit,
432 3324 633 3405 homagium
658 3332 817 3404 praestat
847 3324 945 3406 Regi
969 3323 1151 3404 Poloniae,
1180 3322 1214 3385 in
1240 3324 1377 3386 Ducem
1408 3324 1455 3384 ab
1486 3343 1531 3383 eo

251 3440 391 3494 creatur
404 3429 669 3512 Montisregalis
694 3438 730 3492 et
750 3430 869 3494 omnia
892 3451 984 3512 quae
1008 3432 1096 3493 ordo
1121 3431 1157 3493 in
1181 3429 1325 3492 Prussia
1348 3429 1472 3492 habuit
1493 3428 1533 3492 in

251 3538 395 3601 feudum
428 3537 567 3618 accepit
603 3559 624 3599 a
654 3537 762 3619 Rege
797 3538 874 3600 iure
905 3536 1145 3601 haereditario
1180 3557 1246 3620 pro
1277 3557 1315 3598 se
1352 3544 1388 3598 et
1418 3536 1533 3598 tribus

251 3644 436 3717 fratribus;
462 3645 552 3707 sicut
575 3643 764 3722 Joannitae
781 3644 962 3723 Rhodum,
987 3644 1036 3706 sic
1053 3643 1206 3705 Mariani
1219 3643 1399 3705 Prussiam
1414 3646 1533 3724 (quarn

252 3751 358 3813 armis
397 3761 433 3812 et
472 3750 647 3832 sanguine
683 3751 878 3832 quaesitam
912 3748 1181 3814 CCLXXXXI
1205 3771 1260 3814 an.
1293 3749 1535 3828 obtinuerunt)

252 3857 453 3922 amiserunt.
493 3856 657 3939 Augetur
687 3858 845 3920 haeresis
879 3879 944 3938 per
968 3866 1078 3919 totam
1104 3856 1283 3918 Prussiam
1308 3864 1344 3918 et
1368 3856 1535 3918 catholici

253 3985 294 4028 ac
317 3963 497 4047 Religiosi
521 3965 711 4047 pelluntur.
967 3958 970 3963 ’

342 4072 381 4135 In
407 4071 546 4134 Alsatia
569 4070 744 4155 superiori
769 4081 804 4135 et
827 4071 1003 4150 inferiori,
1035 4069 1166 4152 ubique
1196 4071 1371 4132 rebellant
1399 4070 1534 4150 rustici,

253 4178 386 4260 oppida
409 4178 564 4260 capiunt,
589 4179 802 4242 monasteria
827 4190 862 4240 et
885 4197 987 4240 arces
1004 4177 1156 4256 diruunt,
1177 4195 1303 4257 parum
1319 4176 1433 4238 abfuit
1450 4177 1533 4258 quin

253 4285 491 4367 Argentinam
514 4285 716 4368 proditione
740 4285 938 4367 aliquorum
962 4282 1089 4346 civium
1114 4291 1360 4365 occupassent,
1375 4283 1439 4346 sed
1453 4302 1536 4363 pro·

254 4394 386 4455 ditione
411 4393 565 4474 cognita,
590 4393 802 4474 supplicium
826 4402 1003 4473 sumptum
1028 4401 1081 4452 est
1101 4391 1146 4452 de
1170 4389 1421 4471 proditoribus.
1459 4389 1535 4452 Iam

252 4502 320 4563 iarn
346 4501 495 4562 decursa
519 4498 640 4561 Rheni
669 4499 747 4580 ripa
771 4497 964 4561 dominium
987 4497 1159 4579 Episcopi
1182 4496 1355 4559 invadunt
1386 4505 1422 4560 et
1445 4497 1536 4558 obti-

253 4617 356 4688 nent,
393 4606 626 4696 minitabundi
654 4627 692 4668 se
717 4591 855 4669 vastum
885 4625 1035 4687 regnum
1066 4613 1102 4666 et
1132 4603 1401 4685 Lotharingiam
1433 4623 1537 4666 occu·

254 4727 409 4796 paturos.
456 4713 635 4777 Antonius
657 4734 745 4776 vero
770 4715 853 4776 Dux
879 4711 1132 4794 Lotharingius
1147 4714 1192 4774 de
1209 4731 1331 4775 eorum
1346 4711 1539 4776 insolentia

254 4831 290 4883 et
313 4821 497 4903 proposito
522 4820 651 4883 certior
678 4823 808 4902 factus,
842 4821 1093 4883 adiuvantibus
1124 4818 1311 4881 comitibus
1335 4827 1369 4880 et
1392 4819 1536 4881 baroni·
