3425 5700
797 539 1026 594 &usp-0

270 701 328 763 voi
353 722 538 764 commune
562 701 736 784 consiglio
761 713 796 765 et
820 724 887 766 con
905 706 1000 767 bona
1017 703 1275 766 deliberatione
1293 713 1329 766 et
1343 703 1549 771 concordia:

269 810 328 871 nel
352 819 447 871 resto
471 829 635 890 speramo
659 809 695 872 in
721 810 789 873 Dio
814 811 950 874 aiutera
973 812 1009 873 la
1032 831 1140 874 causa
1164 832 1238 874 sua.

358 913 437 977 Non
463 913 492 977 si
515 917 693 997 potrebbe
719 915 920 998 exprimere
945 927 1078 999 quanto
1095 917 1227 981 Cesare
1251 937 1317 1000 per
1340 920 1376 980 la
1394 939 1459 980 sua
1475 939 1549 980 san-

269 1021 404 1084 tissima
435 1042 547 1103 opera
578 1021 612 1086 in
642 1034 769 1104 questa
800 1045 908 1087 causa
933 1046 1135 1106 commune,
1168 1025 1221 1088 sia
1245 1026 1493 1088 commendato
1516 1036 1551 1086 et

269 1131 426 1191 exaltato
458 1130 504 1190 da
528 1129 659 1192 Nostro
684 1128 856 1213 Signom,
892 1143 928 1196 et
956 1134 1002 1196 da
1025 1135 1131 1196 tuttol
1155 1153 1257 1196 sacro
1282 1131 1470 1214 Colleggio
1495 1131 1548 1193 dei

269 1235 464 1315 Cardinali,
499 1245 534 1298 et
557 1245 649 1299 tutta
673 1237 707 1300 la
732 1249 830 1302 corte
855 1239 879 1301 li
904 1240 1070 1303 desidera
1093 1239 1295 1322 prosperita
1320 1250 1356 1301 et
1379 1238 1494 1320 gloria
1517 1248 1552 1300 et

269 1342 337 1404 Noi
368 1363 476 1424 sopra
500 1343 600 1422 tutti,
635 1343 708 1407 cosi
733 1355 874 1427 potrete
898 1346 976 1410 fare
999 1348 1186 1410 intendere
1210 1368 1232 1408 a
1256 1346 1330 1409 Sua
1353 1345 1493 1408 Maesta
1515 1355 1551 1408 et

269 1471 289 1511 a
314 1449 360 1512 lei
384 1450 578 1514 humillime
602 1453 946 1526 raccommandarci;
972 1456 1195 1517 benevalete.

358 1575 413 1637 Ex
439 1576 527 1638 Palo
551 1576 754 1658 portuensis
778 1576 931 1640 diocesis
956 1577 1134 1640 XXVIII.
1158 1578 1237 1657 Jan.
1262 1577 1443 1640 MDXXI.

1255 1691 1356 1755 vertor
1373 1691 1481 1760 mter,

1228 1792 1293 1841 Vice
1319 1789 1510 1840 Cancellarius.

888 2185 938 2248 17.

641 2317 971 2399 Vlceoanoellmius
990 2317 1180 2399 Aloandro.

587 2465 1233 2537 (denotatGermb.lol.ld—1³.)

607 2588 657 2645 [Ex
677 2587 753 2636 Senis
776 2599 797 2634 1.
817 2588 896 2637 Febr.
915 2613 950 2623 -
970 2586 1136 2634 Worrnatiae
1160 2584 1210 2650 11.)

483 2710 700 2773 Venerabile
725 2711 791 2774 Vir
814 2711 940 2774 Amice
965 2710 1096 2773 Noster
1119 2709 1325 2792 praecipue.

357 2835 554 2900 Havemmo
587 2834 678 2899 visto
708 2846 840 2919 quanto
867 2835 896 2899 ci
923 2835 1076 2899 scrivete
1100 2856 1165 2917 per
1189 2837 1224 2898 la
1248 2845 1368 2898 vostra
1394 2836 1430 2897 di
1454 2835 1555 2899 XIX

268 2944 325 3005 del
349 2956 506 3025 passam.

356 3050 406 3112 Le
437 3051 540 3113 Bolle
572 3062 608 3113 et
641 3050 766 3128 Brevi,
801 3052 867 3113 che
898 3053 1027 3113 havere
1053 3048 1218 3113 ricercati
1251 3048 1311 3131 gia
1346 3049 1406 3113 III.
1442 3051 1477 3112 dt
1517 3050 1556 3113 fa

267 3157 301 3220 vi
327 3157 355 3219 si
380 3178 468 3221 sono
494 3157 651 3221 mandati
675 3158 821 3220 insieme
846 3178 913 3220 con
938 3178 1008 3219 una
1033 3157 1078 3220 de
1103 3158 1242 3220 cambio
1266 3159 1312 3221 de
1343 3177 1408 3235 400
1433 3158 1558 3219 ducati

267 3266 388 3337 d'oro;
422 3276 562 3347 potrete
591 3264 784 3328 inscrivere
809 3284 856 3327 un
882 3264 917 3326 di
942 3264 1050 3346 quelli
1075 3265 1183 3327 Brevi
1208 3266 1241 3326 al
1266 3265 1367 3327 Duca
1391 3263 1558 3346 Georgio

266 3372 302 3434 di
328 3372 496 3435 Sassonia
527 3382 563 3435 et
591 3373 743 3453 darglilo
777 3376 865 3435 costi
873 3420 883 3453 ,
918 3392 938 3434 ο
969 3371 1205 3453 mandarglilo
1237 3391 1303 3452 per
1336 3379 1461 3453 questa
1494 3372 1560 3433 via

266 3480 409 3559 quando
440 3500 512 3541 non
542 3479 638 3541 fosse
668 3499 734 3560 per
764 3480 887 3542 venire
918 3481 988 3543 alla
1014 3478 1135 3551 Dieta;
1169 3498 1207 3542 se
1238 3479 1328 3541 altre
1352 3476 1558 3559 provisioni

267 3586 532 3667 bisogneranno
557 3606 626 3647 non
653 3586 687 3646 vi
711 3585 740 3647 si
765 3584 957 3649 manchera
981 3586 1016 3647 di
1040 3589 1178 3665 alcuna,
1203 3595 1295 3648 state
1318 3605 1386 3666 pur
1403 3585 1438 3646 di
1454 3586 1569 3649 bono·
1600 3632 1605 3641 1

266 3692 401 3771 animo,
426 3704 462 3755 et
485 3692 661 3774 seguitate
686 3691 1074 3770 anImosissimamente‚
1100 3712 1241 3775 sempre
1265 3692 1353 3773 pero
1379 3712 1445 3754 con
1469 3712 1559 3773 pru·

267 3799 389 3861 dentia
420 3809 455 3862 et
489 3800 662 3864 modestia
697 3810 732 3862 et
763 3810 853 3861 tutto
885 3800 959 3862 fate
993 3800 1140 3861 insieme
1165 3800 1221 3863 col
1245 3798 1492 3881 protonotario
1523 3812 1563 3863 et

266 3906 523 3969 communicato
549 3907 707 3970 consilio.
750 3907 884 3969 Instate
915 3908 1186 3969 ardentemente
1217 3926 1390 3987 appresso
1419 3905 1563 3971 Cesare

267 4026 302 4077 et
326 4014 435 4094 quelli
460 4011 604 4095 Signori
622 4013 780 4095 Principi
796 4014 957 4093 Elettori‚
982 4015 1049 4076 che
1069 4012 1200 4076 Cesare
1225 4025 1261 4076 et
1285 4014 1354 4077 essi
1378 4034 1448 4075 non
1474 4035 1561 4096 per·

265 4130 423 4182 mettano
448 4130 542 4183 sotto
567 4130 667 4183 tanto
692 4120 912 4203 Imperatore
937 4130 972 4183 et
996 4124 1024 4182 sl
1057 4119 1162 4183 felice
1197 4131 1231 4183 et
1268 4122 1405 4201 grande
1438 4121 1564 4204 Impe-

265 4227 318 4289 rio
343 4235 378 4289 et
402 4249 422 4289 a
447 4235 568 4308 tempo
593 4230 669 4290 loro
703 4230 737 4290 la
762 4226 970 4306 Germania,
1002 4230 1108 4308 quale
1137 4248 1277 4309 sempre
1301 4228 1321 4290 ὲ
1347 4237 1441 4290 stata
1474 4231 1563 4292 reli·

266 4333 466 4412 giosissima
491 4343 526 4397 et
550 4334 789 4398 defensatrice
814 4336 910 4398 della
934 4334 1063 4397 Chiesa
1088 4335 1255 4398 Romana
1280 4343 1316 4396 et
1340 4332 1436 4396 Sede
1455 4337 1563 4417 Apo-

266 4440 392 4503 stolica
416 4450 451 4503 et
476 4442 541 4503 che
566 4460 630 4522 per
654 4443 703 4504 tal
728 4450 835 4503 conto
860 4441 880 4503 ὸ
905 4449 997 4503 stata
1021 4451 1148 4504 ornata
1172 4440 1256 4503 dalli
1281 4441 1415 4504 Summi
1430 4442 1565 4508 Ponti·

265 4547 321 4608 fici
358 4549 453 4610 dello
490 4548 642 4629 Imperio
680 4558 714 4610 et
750 4548 844 4610 della
880 4547 1075 4626 Elettione‚
1114 4558 1302 4630 postposta
1338 4547 1423 4629 ogni
1459 4553 1565 4616 altra

268 4653 418 4717 Natione
450 4663 486 4716 et
510 4656 611 4717 Italia
636 4667 766 4735 stessa,
800 4657 889 4717 hora
913 4676 934 4717 a
957 4666 1062 4738 posta
1093 4656 1137 4716 de
1165 4658 1234 4717 duo
1259 4677 1280 4718 ο
1305 4665 1360 4719 tre
1384 4657 1567 4725 scelerati

265 4760 395 4823 ribaldi
418 4760 566 4824 heretici
591 4762 721 4826 declini
746 4764 842 4824 dalla
859 4762 972 4824 Santa
989 4762 1155 4824 Romana
1180 4772 1215 4823 et
1232 4762 1416 4825 Catholica
1432 4762 1565 4842 Fede;

267 4878 302 4930 et
333 4869 589 4950 persuadenti,
624 4872 689 4933 che
718 4870 806 4932 detti
830 4870 980 4933 heretici
1004 4890 1075 4933 non
1099 4878 1198 4931 tanto
1224 4889 1376 4933 cercano
1401 4880 1566 4941 mettere
