3425 5700
829 548 1076 610 wanno-0

313 694 443 761 lectum
465 694 756 762 filium‘nostrum
781 696 1005 762 Cardinalem
1030 699 1280 784 Campegiur'n,
1313 700 1414 783 hujus
1438 698 1581 765 Sanctae

314 802 433 885 Sedis,
458 815 494 868 et
517 814 676 868 nostrum
701 806 745 867 de
770 805 899 868 Latere
924 806 1099 889 Legatum
1123 828 1194 874 non
1218 807 1295 874 sine
1319 807 1580 872 Caesarae'Ma·

309 912 449 993 jestatis
472 914 656 975 voluntate
679 912 770 991 istuc
793 911 1003 976 mittendum
1031 914 1312 995 decreverimus,
1342 934 1408 997 pro
1441 935 1581 977 commu·

313 1019 416 1082 nibus
450 1019 557 1082 totius
590 1019 828 1100 Reipublicae
860 1020 1082 1083 Christianae
1117 1021 1327 1101 commodis,
1362 1020 1583 1085 Nobilitatem

313 1135 408 1191 tuam
432 1128 613 1189 hortamur
636 1126 672 1189 in
695 1126 866 1207 Domin0,
892 1138 928 1190 et
950 1138 1101 1209 paterne
1124 1129 1356 1210 requirimus,
1379 1140 1418 1190 ut
1439 1148 1508 1211 pro
1528 1139 1582 1190 tuo

312 1232 488 1315 Principis
502 1232 646 1314 hnperii
664 1232 792 1313 offici0,
812 1243 848 1297 et
860 1234 966 1297 solita
980 1254 1070 1316 erga
1077 1236 1193 1298 Deum
1200 1236 1346 1317 pietate,
1358 1255 1498 1317 proque
1506 1235 1582 1298 eius·

312 1342 403 1422 dem,
420 1350 455 1405 et
471 1349 532 1404 tuo
547 1342 694 1423 honore,
710 1341 756 1404 ad
770 1340 992 1405 Conventum
1005 1340 1265 1425 Norimbergae
1276 1342 1457 1423 indictum,
1471 1342 1502 1405 si
1511 1361 1582 1424 pro-

311 1447 427 1510 fectus
450 1468 520 1511 non
546 1468 595 1529 es,
619 1446 807 1531 proficisci,
832 1469 873 1510 ac
898 1458 1020 1511 nostro
1042 1448 1193 1532 Legato,
1216 1450 1427 1532 praesertim
1450 1470 1496 1512 ea
1518 1448 1584 1529 dig-

312 1554 423 1618 nitate
446 1555 657 1637 hujusmodi,
682 1564 717 1618 et
741 1574 806 1636 pro
832 1565 904 1618 tam
929 1555 1131 1619 necessaria
1155 1575 1264 1619 causa
1277 1557 1323 1619 ad
1338 1576 1402 1620 vos
1422 1554 1584 1633 venienti,

313 1682 383 1725 non
407 1663 513 1727 modo
537 1671 650 1725 tutum
674 1662 757 1743 iter,
781 1662 1053 1744 transitumque,
1077 1672 1114 1725 et
1136 1683 1288 1743 moram,
1312 1664 1376 1726 sed
1400 1662 1585 1743 benignam

313 1770 578 1853 exceptionem,
603 1770 734 1832 tamin
759 1768 947 1833 Conventu
970 1768 1064 1851 ipso,
1093 1790 1198 1851 quam
1224 1770 1355 1852 ubique
1377 1788 1584 1852 procurare;

312 1877 416 1959 eique
434 1876 528 1941 omni
545 1898 626 1959 ope,
643 1886 677 1940 et
695 1878 950 1959 operaadesse
961 1876 1062 1941 velis.
1088 1876 1192 1958 Quod
1199 1876 1385 1940 Nobilitati
1392 1887 1476 1939 tuae
1485 1878 1585 1939 hono·

311 1983 460 2066 rificum,
486 1994 522 2048 et
544 2004 752 2065 congruum,
778 1984 881 2046 nobis
904 2004 991 2047 vero
1015 2003 1124 2066 supra
1147 2004 1253 2066 quam
1277 1984 1349 2047 dici
1371 1984 1503 2067 possit,
1526 1980 1587 2046 erit

312 2100 463 2173 gratum.
510 2091 592 2155 Dat.
617 2092 757 2155 Romae
782 2099 848 2155 etc.
873 2092 931 2154 die
947 2090 1068 2155 XVII.
1092 2091 1251 2171 Januarii
1279 2111 1372 2171 1524.
1411 2091 1519 2153 Anno
1540 2096 1586 2170 p⁰.

401 2213 525 2279 simne
549 2216 625 2278 nou
649 2216 686 2279 in
710 2215 825 2279 Albis.
858 2251 901 2260 -
935 2200 1058 2278 simne
1080 2216 1169 2298 Epo.
1201 2216 1238 2278 tn
1262 2215 1377 2278 Aleis.
1391 2251 1445 2259 --
1469 2212 1587 2278 simne

311 2321 451 2387 Enrico.

400 2429 492 2493 Duci
515 2428 746 2493 Brunsuicen.

400 2534 524 2600 Simile
548 2535 705 2598 Henrico
729 2535 821 2599 Duci
845 2535 1035 2600 Busuicen.

400 2642 523 2707 Simile
546 2644 725 2707 Hernesto
749 2643 839 2727 Epo.
864 2644 1047 2708 Patavien.

845 2840 1050 2854 MVWVVWVWWW

913 3057 988 3139 144:

547 3187 645 3270 dard.
674 3189 778 3270 Alth.
806 3187 1041 3291 Moguntinus
1069 3189 1242 3270 Clementi
1268 3189 1347 3270 llll.

728 3337 815 3408 (Am.
833 3336 882 3405 n.
901 3352 974 3412 ceps.
992 3337 1054 3406 m,
1071 3337 1105 3397 ll.
1123 3337 1175 3407 tt.)

789 3447 843 3512 (20.
862 3449 1001 3499 Februarii
1021 3451 1109 3516 1524.)

398 3579 609 3644 Beatissime
633 3590 669 3648 et
692 3581 964 3646 clementissime
992 3582 1028 3646 in
1053 3581 1192 3646 Christo
1221 3589 1324 3663 pater
1357 3591 1393 3646 et
1426 3581 1587 3661 Domine,

309 3687 461 3751 Domine
476 3687 522 3750 mi
544 3687 646 3750 unice
665 3687 922 3752 colendissime.
951 3688 1039 3752 Post
1062 3690 1229 3754 humilem
1246 3687 1589 3758 commendationem

309 3795 441 3876 pedum
465 3795 586 3858 oscula
607 3796 802 3859 beatorum.
847 3794 1001 3860 Vestrae
1018 3795 1256 3859 Beatitudinis
1270 3795 1407 3859 litteras
1421 3794 1457 3857 in
1472 3793 1590 3858 forma

311 3901 440 3966 Brevis
464 3903 586 3965 debita
610 3922 688 3966 cum
713 3903 915 3966 reverentia
938 3904 1081 3986 accepi,
1107 3924 1153 3966 ex
1177 3902 1305 3985 quibus
1329 3902 1488 3966 intellexi
1508 3922 1590 3964 ves·

308 4017 399 4072 tram
430 4006 664 4072 Sanctitatem
698 4008 900 4072 decrevisse
923 4009 1276 4075 Reverendissimum
1303 4009 1340 4071 in
1364 4007 1503 4072 Christo
1525 4029 1589 4091 pa·

309 4125 398 4179 trem
420 4125 456 4178 et
471 4115 661 4178 Dominum
679 4114 907 4178 Laurentium
930 4116 1022 4179 tituli
1047 4113 1083 4181 S.
1102 4116 1315 4180 Anastasiae
1338 4117 1588 4198 presbyterum

309 4221 525 4286 cardinalem
561 4221 766 4303 Campeium
806 4223 996 4286 Dominum
1032 4222 1182 4286 amicum
1221 4232 1256 4286 et
1294 4221 1439 4285 fratrem
1473 4241 1588 4284 meum

282 4309 286 4322 ⁸
309 4329 552 4392 charissimum
574 4329 652 4391 loco
669 4327 791 4391 Nuntii
806 4329 1006 4412 Apostolici
1022 4330 1197 4413 Legatum
1221 4331 1266 4393 de
1290 4331 1402 4394 latere
1425 4329 1473 4392 ad
1495 4326 1589 4412 prin·

311 4435 429 4519 cipum
452 4435 594 4517 imperii
619 4433 840 4500 Conventum
864 4437 1148 4520 Nurembergam
1171 4436 1391 4518 mittendum,
1415 4435 1477 4518 qui
1503 4446 1586 4500 tem·

307 4562 433 4625 porum
457 4543 601 4606 istorum
630 4543 799 4623 periculis
829 4544 1019 4625 provideat
1043 4542 1377 4624 haereticorumque
1409 4541 1587 4607 audatiam

310 4647 461 4714 Vestrae
484 4648 721 4714 Beatitudinis
746 4651 888 4713 nomine
905 4659 1105 4734 componat.
1130 4650 1236 4714 Hunc
1251 4659 1290 4712 ut
1305 4650 1587 4714 commendatum

308 4757 498 4841 suscipiam
522 4768 671 4840 paterne
691 4777 747 4819 me
771 4758 942 4822 hortatur.
982 4759 1062 4822 Hoc
1079 4778 1165 4826 sane
1180 4756 1419 4822 Beatitudinis
1435 4756 1587 4820 Vestrae

308 4864 619 4947 prudentissimum
643 4863 825 4928 consilium
851 4885 922 4946 quo
946 4867 1054 4932 rebus
1076 4864 1260 4936 Ecclesiae
1276 4885 1347 4930 non
1362 4863 1587 4930 mediocriter
