3425 5700
799 561 1047 621 *QUOD-0

284 705 461 791 intelligit.
508 710 598 774 Nam
623 720 659 774 et
682 732 865 794 expensae
888 732 954 795 per
984 731 1040 774 me
1072 710 1216 773 habitae
1248 710 1282 772 in
1315 709 1565 792 impetratione

284 816 437 899 Judicis,
467 818 504 880 in
529 818 713 899 citatione,
741 819 776 881 in
801 838 973 902 processu
996 816 1198 897 iudiciari0,
1229 837 1351 880 omnes
1381 827 1464 879 sunt
1486 836 1564 898 per-

285 924 380 987 ditae
404 945 470 1006 per
491 925 691 989 huiusmodi
727 926 1010 1005 revocationem,
1034 924 1212 1005 similiter,
1245 934 1281 987 et
1308 927 1413 986 labor
1437 922 1565 995 omnis;

286 1040 322 1092 et
344 1040 382 1093 ut
406 1031 529 1094 maiori
555 1051 758 1115 exponeret
780 1032 953 1112 ludibri0‚
985 1053 1041 1095 me
1065 1034 1247 1095 absentem
1274 1031 1482 1093 Curtisanus
1507 1029 1566 1092 ille

285 1137 408 1201 citavit
432 1137 466 1200 in
492 1139 607 1201 valvis
631 1138 822 1204 Ecclesiae.
868 1139 1001 1202 Merito
1025 1139 1220 1217 excandui,
1245 1159 1325 1201 cum
1348 1138 1424 1200 heri
1448 1156 1564 1199 rever-

286 1264 345 1307 sus
368 1244 429 1307 illa
453 1246 625 1308 relatione
650 1246 841 1309 amicorum
865 1246 1118 1329 intelligerem3
1149 1246 1213 1308 sed
1244 1246 1346 1308 huius
1370 1244 1421 1307 rei
1445 1263 1567 1307 curam

286 1349 321 1416 S.
339 1352 378 1414 T.
396 1352 555 1433 Datari0,
580 1362 640 1415 aut
654 1352 759 1415 alicui
775 1354 878 1416 alteri
895 1353 1106 1427 committat;
1131 1363 1276 1435 paratus
1293 1373 1369 1415 sum
1383 1351 1566 1432 suscipere

285 1458 468 1536 iustitiam,
499 1460 605 1522 modo
636 1457 672 1525 S.
705 1460 744 1522 T.
777 1461 972 1523 committat
996 1480 1154 1534 causam3
1179 1460 1295 1539 Judici
1326 1459 1361 1520 in
1394 1458 1567 1541 partibus,

287 1564 345 1645 qui
368 1566 482 1647 possit
509 1587 575 1649 per
597 1576 707 1630 testes
732 1569 892 1631 oculatos
917 1568 1102 1631 veritatem
1118 1566 1285 1649 experiri,
1302 1574 1362 1629 aut
1377 1566 1406 1628 si
1420 1564 1566 1628 omnino

286 1672 428 1736 Romae
461 1674 717 1756 experiendum
756 1686 809 1737 est
840 1677 885 1738 de
916 1676 1013 1755 iure,
1043 1696 1114 1737 non
1149 1674 1332 1757 permittat
1367 1671 1403 1737 S.
1438 1673 1478 1735 T.
1509 1692 1567 1734 me

286 1779 413 1861 rotari,
447 1783 511 1843 sed
540 1781 735 1845 committat
758 1782 863 1845 alicui
898 1802 943 1845 ex
967 1779 1293 1844 Reverendissimis
1317 1778 1568 1843 Cardinalibus

286 1887 330 1949 D.
355 1886 513 1951 Antonio
538 1891 583 1951 de
606 1889 741 1970 Monte,
777 1897 837 1951 aut
860 1890 904 1952 D.
929 1890 1039 1951 Petro
1064 1888 1306 1968 Anconitano,
1338 1896 1399 1949 aut
1427 1885 1470 1949 D.
1495 1885 1568 1948 Do-

286 1992 415 2057 minico
448 1996 493 2057 de
523 1995 738 2077 Jacobatiis,
779 1995 838 2077 qui
869 1996 1112 2079 appellatione
1144 2004 1280 2059 remota
1310 1992 1500 2056 summarie
1532 2001 1570 2055 et

288 2100 493 2183 simpliciter
517 2112 711 2184 cognoscat
736 2104 781 2166 de
805 2103 979 2184 equitate,
1012 2112 1047 2164 et
1076 2100 1210 2164 iustitia
1234 2112 1372 2163 causae.
1420 2097 1459 2161 Si
1483 2098 1568 2161 fide·

288 2205 368 2269 liter
392 2208 562 2271 servirem
587 2208 729 2273 minimo
754 2210 883 2289 nobili,
906 2210 967 2273 ille
991 2209 1188 2290 susciperet
1211 2228 1266 2271 me
1291 2205 1569 2285 defendendum,

288 2323 421 2394 quanto
446 2316 559 2397 magis
591 2314 649 2379 Se.
681 2318 750 2398 Ap.
785 2317 841 2380 cui
870 2316 939 2378 iarn
969 2324 1023 2379 tot
1053 2313 1153 2378 annis
1183 2313 1388 2377 fidelissime
1411 2333 1490 2376 cum
1514 2321 1571 2375 tot

288 2420 480 2499 laboribus,
507 2432 543 2485 et
565 2422 733 2504 periculis
757 2422 906 2501 servivi,
938 2443 1008 2485 non
1038 2422 1215 2503 relinquat
1245 2441 1301 2484 me
1332 2421 1570 2484 indefensum.

289 2524 325 2589 S.
342 2527 381 2592 T.
397 2530 530 2591 habeat
546 2530 732 2612 negocium
757 2528 841 2591 fidei
858 2530 1152 2609 commendatum,
1168 2529 1252 2591 licet
1267 2527 1440 2592 Catholici
1455 2528 1572 2590 ferme

289 2652 410 2697 omnes
424 2636 615 2717 desperent
627 2636 785 2699 haeresis
798 2636 1072 2719 extirpationem
1088 2635 1154 2699 nisi
1174 2634 1307 2699 Caesar
1322 2656 1386 2698 sua
1402 2654 1572 2717 praesen-

289 2740 338 2803 tia
361 2740 499 2805 iuverit.
546 2743 643 2805 Deus
669 2741 751 2826 Opt.
777 2742 873 2807 Max.
899 2742 932 2805 S.
958 2743 997 2806 T.
1022 2753 1174 2824 tueatur,
1198 2762 1240 2806 ac
1265 2742 1406 2824 dirigat.

377 2848 587 2930 Ingolstadii
611 2849 731 2914 XVII.
756 2848 978 2934 Septembris
1003 2852 1111 2914 Anno
1134 2850 1272 2933 gratiae
1296 2848 1496 2913 MDXXV.

449 2955 485 3020 S.
510 2957 549 3020 T.

1204 3064 1377 3113 Humillimus
1397 3065 1515 3113 Servitor

1271 3151 1311 3213 lo.
1329 3151 1445 3213 unu.

891 3566 955 3630 256

491 3692 698 3772 willelmus
726 3691 916 3772 Palatinus
945 3690 1061 3770 Rheni
1089 3689 1261 3770 clementi
1287 3690 1366 3770 vu

715 3847 797 3915 (utcu.
815 3847 976 3921 Principum
994 3846 1016 3905 L
1034 3845 1079 3904 iol.
1100 3846 1152 3915 st)

805 3989 857 4041 ¹24·
877 3978 950 4041 Sept·
972 3985 1001 4037 15
1024 3977 1056 4037 s)

381 4119 566 4182 Neminem
589 4117 762 4201 praeterit
785 4119 825 4180 B.
851 4118 891 4180 P.
924 4117 1069 4199 dignum
1099 4115 1177 4179 fore
1211 4126 1248 4178 et
1270 4115 1398 4179 rationi
1422 4135 1576 4180 consen·

293 4236 453 4304 taneum,
484 4235 522 4288 ut
553 4245 630 4304 e05,
665 4225 723 4307 qui
758 4226 882 4288 sedula
914 4224 1018 4287 nobis
1050 4222 1236 4304 vigilantia
1266 4222 1482 4302 inserviunt,
1516 4245 1579 4286 ve-

293 4336 477 4397 hementer
492 4352 634 4414 quoque
650 4331 832 4394 favoribus
849 4350 1118 4414 prosequamur,
1130 4349 1171 4391 ac
1188 4329 1356 4391 molestiis
1380 4331 1577 4411 presertim

293 4439 461 4502 indebitis
484 4441 652 4502 levemus.
701 4437 804 4518 Quod
836 4435 968 4500 Sedem
998 4436 1244 4517 Apostolicam
1272 4436 1333 4498 ubi
1361 4435 1580 4517 benignissi-

294 4567 384 4608 mam
419 4567 460 4608 ac
503 4545 695 4626 piissimam
735 4544 829 4607 circa
863 4564 947 4606 suos
986 4542 1178 4605 servitores
1212 4542 1336 4604 sedulo
1377 4545 1583 4610 observare

294 4671 364 4714 non
401 4651 620 4730 dubitamus,
662 4672 771 4732 quare
813 4650 952 4714 facilius
988 4650 1141 4712 animum
1176 4648 1378 4713 induximus
1413 4661 1582 4716 nostrum

294 4780 360 4842 pro
390 4758 488 4822 fideli
523 4769 644 4822 nostro
686 4769 720 4822 et
761 4759 864 4822 nobis
898 4758 1027 4820 dilecto
1056 4757 1218 4835 Johanne
1248 4757 1359 4819 Echio
1390 4756 1582 4824 ordinario

295 4867 503 4931 Professore
528 4877 563 4930 et
587 4888 652 4950 pro
678 4864 898 4931 Cancellario
930 4864 1036 4928 studii
1067 4863 1177 4928 nostri
1200 4863 1380 4946 generalis
1403 4863 1580 4944 ingolsta-
