3425 5700
637 574 696 628 ΨΒ
736 576 787 630 113
826 574 885 628 ὑθ

138 716 349 779 nuditatibus
373 729 408 779 et
432 718 510 779 aliis
534 718 569 780 in
595 739 743 800 quorum
768 719 931 782 dominiis
956 730 992 781 et
1008 720 1095 781 locis
1111 721 1235 782 domos
1256 722 1402 799 habent,

137 824 293 903 praedicti
324 824 468 886 Martini
500 825 596 889 dicta
625 837 808 889 venenosa
838 848 880 889 ac
912 826 1082 907 pestifera
1113 848 1207 907 esse,
1248 827 1402 909 indeque

136 932 224 1010 plura
252 931 287 994 in
318 932 492 1012 religione
525 932 718 996 christiana
748 936 919 997 scandala
952 934 1100 997 excitari
1131 954 1238 1015 posse
1261 934 1402 1015 illisque

137 1040 309 1102 ostendere
333 1059 376 1099 ac
391 1038 594 1121 significare
612 1041 706 1121 quod
724 1040 884 1103 eiusdem
899 1040 1041 1103 Martini
1057 1041 1194 1104 articuli
1211 1050 1401 1121 antequam

136 1147 174 1206 ab
193 1146 256 1207 hac
281 1145 415 1207 Sancta
435 1143 532 1208 Sede
557 1149 820 1227 damnarentur,
845 1167 910 1228 per
934 1147 1129 1209 catholicas
1152 1146 1401 1209 universitates

136 1250 202 1314 illas
223 1252 481 1316 lovaniensem
514 1262 550 1315 et
574 1253 822 1316 Coloniensem
848 1252 1122 1335 prudentissime
1147 1274 1188 1315 ac
1212 1254 1401 1317 iustissime

137 1358 274 1421 damnati
297 1358 455 1438 fuerunt,
488 1380 529 1422 ac
560 1360 596 1421 in
621 1361 784 1423 omnibus
811 1359 993 1422 notificare
1018 1359 1204 1440 quodnisi
1229 1361 1402 1423 Martinus

135 1464 308 1546 resipuerit
331 1488 373 1529 ac
397 1466 488 1529 falsa
512 1476 548 1529 et
573 1487 723 1529 erronea
746 1487 810 1528 sua
834 1465 930 1528 dicta
953 1466 1177 1530 revocaverit
1200 1466 1294 1529 infra
1317 1477 1401 1528 tem·

135 1589 190 1650 pus
205 1572 234 1634 ei
258 1572 358 1636 aS¹¹¹⁰
374 1576 455 1637 Dno
480 1584 601 1637 nostro
626 1573 835 1657 praefixum,
861 1574 1060 1636 remanebit
1089 1575 1289 1637 declaratus
1321 1575 1399 1636 hae-

135 1678 260 1758 reticus,
285 1688 321 1742 et
335 1690 418 1742 tunc
434 1681 627 1743 succedent
651 1700 807 1743 canones
830 1680 917 1743 iuris
939 1680 1171 1763 disponentes
1195 1681 1291 1762 quod
1304 1680 1401 1757 Prin·

135 1784 219 1865 cipes
242 1808 283 1849 ac
308 1788 577 1851 communitates
596 1801 637 1850 ¹et
662 1787 721 1850 alii
746 1787 876 1850 Christi
900 1787 1024 1851 fideles
1048 1796 1213 1852 tenentur
1236 1787 1401 1870 persequi

135 1892 211 1954 tales
240 1895 439 1957 haereticos
470 1895 500 1957 si
533 1915 669 1977 poenas
693 1917 714 1957 a
738 1895 842 1957 dictis
875 1894 1071 1959 canonibus
1096 1904 1220 1958 contra
1242 1895 1402 1958 fautores

135 1997 378 2064 haereticorum
395 2024 437 2065 ac
453 2003 505 2065 eis
521 2002 690 2066 auxilium
712 2003 770 2067 vel
794 2002 979 2066 consilium
1003 2013 1227 2085 praestantes
1252 2001 1402 2065 inflictas

135 2105 254 2169 evitare
284 2110 444 2190 cupiant;
476 2120 512 2173 et
543 2130 622 2172 cum
653 2109 769 2172 dictus
799 2109 959 2173 minister
994 2110 1039 2172 sit
1072 2113 1187 2174 bonus
1220 2118 1341 2173 orator
1365 2118 1402 2171 et

133 2210 249 2276 iratres
268 2216 353 2279 boni
370 2221 441 2279 sint
456 2215 738 2298 PraedicatoreS,
763 2215 1017 2281 efficacissimis
1040 2217 1237 2281 rationibus
1257 2217 1400 2279 eosdem

136 2318 314 2404 Principes,
346 2325 616 2387 communitates
640 2345 680 2387 ac
706 2324 795 2387 alios
819 2324 949 2387 Christi
973 2324 1097 2387 fideles
1121 2333 1246 2387 contra
1270 2322 1401 2386 dictum

134 2420 308 2493 hlartinum
339 2430 497 2493 animare
531 2432 712 2494 debebunt
746 2451 879 2512 eosque
912 2431 1080 2495 inducere
1113 2442 1151 2494 ut
1185 2431 1300 2513 ipsum
1331 2450 1401 2492 non

135 2536 234 2599 solum
263 2558 333 2600 non
366 2537 573 2619 permittant
603 2538 638 2602 in
670 2558 791 2601 eorum
824 2538 987 2601 dominiis
1012 2548 1116 2619 stare,
1149 2536 1401 2601 verumetiam

135 2660 250 2723 capere
280 2656 316 2707 et
347 2654 490 2725 captum
522 2646 568 2707 ad
599 2643 730 2708 Sedem
759 2644 1004 2725 Apostolicam
1036 2646 1154 2729 dignis
1184 2644 1401 2728 puniendum

135 2751 303 2832 suppliciis
326 2752 467 2814 mittere
492 2752 660 2832 nitantur,
683 2766 789 2834 prout
813 2752 890 2834 ipse
913 2752 1071 2815 minister
1087 2752 1211 2815 melius
1225 2753 1314 2815 haec
1332 2772 1401 2813 orn·

134 2854 184 2917 nia
204 2858 321 2923 iacere
344 2879 451 2941 quarn
474 2877 545 2939 ego
569 2859 726 2922 scribere
751 2860 868 2922 sciret.
907 2859 986 2941 Ego
1011 2869 1129 2923 autem
1146 2878 1401 2941 cognoscerem

135 2963 333 3044 superfluum
359 2985 401 3028 ac
426 2966 568 3029 omnino
592 2985 831 3047 supervanum
856 2986 935 3028 esse
959 2967 1048 3028 haec
1075 2965 1250 3047 scribere,
1283 2975 1400 3027 tamen

136 3081 167 3130 ut
187 3073 357 3136 desiderio
381 3093 424 3135 ac
448 3073 622 3136 voluntati
645 3073 766 3136 fratris
788 3073 996 3155 Hylarionis
1020 3074 1065 3135 de
1089 3071 1268 3136 Sachettis
1290 3071 1402 3154 ipsius

135 3177 266 3242 ministri
296 3179 422 3242 vicarii
446 3179 707 3258 satisfacerem,
741 3201 856 3262 pauca
885 3182 974 3244 haec
1002 3181 1161 3243 breviter
1184 3191 1221 3244 et
1244 3178 1402 3242 succinte

135 3286 307 3350 scribenda
330 3289 465 3369 putavi.

213 3393 286 3474 Quo
318 3416 405 3458 vero
430 3397 475 3457 ad
501 3395 748 3458 destinandum
772 3393 911 3474 aliquos
934 3393 1064 3458 fratres
1088 3393 1172 3457 dicti
1197 3392 1331 3456 ordinis
1356 3395 1400 3454 de

136 3500 347 3564 observantia
370 3500 430 3581 qui
452 3502 614 3563 doctrina
638 3511 675 3564 et
690 3521 825 3564 morum
841 3500 1030 3564 sanctitate
1046 3500 1240 3583 praestent,
1265 3502 1310 3562 ad
1327 3499 1399 3562 Re·

137 3623 208 3683 gem
227 3609 419 3672 Bohemiae
450 3620 488 3671 ut
517 3606 628 3690 ipsius
651 3608 775 3690 Regni
803 3608 1047 3671 schismaticos
1070 3610 1117 3671 ad
1140 3609 1312 3688 gremium
1338 3607 1400 3669 Ec-

139 3713 249 3778 clesiae
258 3719 429 3779 reducere
440 3727 644 3797 procurent,
652 3717 777 3798 procul
787 3716 895 3778 dubio
907 3725 1001 3779 esset
1010 3736 1100 3798 opus
1109 3736 1179 3778 non
1188 3717 1293 3779 modo
1303 3715 1400 3796 pium

138 3830 169 3877 et
182 3821 347 3886 laudabile
372 3825 435 3885 sed
458 3823 564 3886 etiam
588 3822 830 3902 honorificum,
855 3823 951 3904 quod
976 3825 1103 3886 vulnus
1127 3823 1215 3886 alias
1240 3832 1399 3903 tempore

141 3922 225 3989 Pauli
239 3939 273 3991 et
281 3929 335 3992 Pii
343 3931 589 3994 Romanorum
598 3930 810 3993 Pontificum
820 3930 1007 4013 Religioni
1016 3930 1238 3994 Christianae
1253 3930 1397 4007 illatum,

140 4030 252 4098 Leonis
264 4037 312 4101 X.
328 4048 490 4120 tempore
504 4049 700 4116 sanaretur,
718 4059 759 4100 ac
776 4037 827 4100 illi
840 4039 974 4119 populi,
990 4039 1051 4120 qui
1064 4059 1130 4119 per
1146 4040 1274 4100 multos
1287 4055 1399 4098 annos

140 4141 341 4226 aberrarunt,
354 4147 400 4208 ad
412 4145 541 4208 Christi
554 4149 691 4208 caulam
705 4147 849 4208 tandem
862 4145 1029 4226 redirent,
1044 4144 1174 4226 et·quia
1187 4140 1401 4208 schismatici

140 4242 197 4324 ipsi
205 4271 262 4313 seu
277 4273 398 4315 eorum
411 4253 570 4316 fautores
582 4253 781 4335 spoliarunt
793 4254 963 4316 ecclesias
979 4263 1014 4315 et
1031 4254 1148 4315 omnia
1164 4253 1224 4333 pia
1238 4253 1317 4313 loca
1330 4270 1398 4311 om-

142 4351 230 4420 nibus
238 4360 338 4422 bonis
347 4375 385 4423 et
392 4369 560 4441 tanquam
571 4363 731 4423 membra
739 4359 883 4441 putrida
896 4358 1043 4422 abscissi
1059 4360 1201 4422 fuerunt
1213 4380 1234 4420 a
1250 4377 1399 4438 corpore

144 4462 330 4530 universalis
345 4467 537 4548 Ecclesiae,
559 4468 713 4531 fortasse
728 4468 774 4529 ad
793 4488 870 4530 eam
891 4477 1059 4549 tanquam
1077 4466 1122 4529 ad
1138 4467 1232 4550 piam
1249 4466 1399 4527 Matrem

145 4585 228 4632 suam
249 4584 392 4654 possent
414 4575 541 4656 redire,
568 4575 598 4638 si
621 4577 746 4638 modus
771 4573 898 4656 aliquis
922 4575 1138 4656 reperiretur
1163 4571 1399 4654 componendi

147 4693 236 4756 super
249 4682 348 4744 bonis
360 4682 529 4746 Ecclesiis
546 4692 581 4746 et
597 4681 675 4744 aliis
687 4682 756 4763 piis
769 4683 857 4744 locis
871 4682 1010 4761 ablatis,
1026 4683 1083 4744 vel
1097 4683 1193 4761 quod
1205 4679 1400 4742 retinerent

148 4801 185 4843 ea
210 4784 240 4848 in
269 4788 536 4871 emphitheosim
561 4810 672 4871 usque
702 4789 747 4850 ad
771 4789 911 4852 tertiam
936 4789 1202 4870 generationem
1228 4797 1263 4851 et
1288 4788 1398 4850 solve·

149 4903 215 4954 rent
240 4895 273 4958 id
301 4902 395 4978 quod
424 4920 489 4982 pro
521 4921 614 4963 nunc
638 4899 820 4962 videretur
844 4899 1074 4980 conveniens,
1104 4908 1140 4962 et
1163 4911 1245 4981 post
1270 4897 1399 4960 dictam

173 5012 384 5069 Mamurium·
393 5025 531 5065 Luthorana
1221 5002 1239 5058 8
