3425 5700
639 604 886 660 eduis&

136 753 234 822 breve
257 771 334 810 cum
363 749 494 811 facultlr
520 751 585 811 che
611 749 644 810 io
669 749 693 812 li
717 750 811 830 possi
838 751 1026 828 absolver,
1051 771 1121 813 non
1147 754 1313 813 obstante
1339 751 1404 812 che

138 855 169 917 ll.
190 853 225 918 S.
250 877 288 918 se
305 856 329 918 li
345 857 460 918 havea
475 839 649 918 reservati
666 876 687 917 a
704 877 752 921 se.
786 857 834 919 Se
851 859 928 919 loro
953 858 1091 920 fussero
1116 861 1174 939 qul
1198 857 1357 939 presenti
1380 857 1405 920 li

138 961 240 1024 harrei
264 963 393 1025 indotti
418 984 440 1026 a
463 963 519 1025 far
542 964 787 1044 procuratorio
813 965 858 1026 ad
882 966 1075 1045 petendam
1099 964 1360 1027 absolutionem
1383 983 1405 1025 a

138 1067 189 1130 8⁰¹⁰
211 1070 311 1142 Dno;
348 1090 405 1132 ma
435 1070 567 1150 perche
600 1090 687 1134 sono
720 1069 865 1132 distanti
895 1069 956 1152 piri
986 1072 1030 1133 de
1055 1071 1130 1133 XV
1155 1070 1335 1152 giornate,
1372 1072 1405 1134 el

138 1177 200 1238 loro
222 1189 434 1258 procurator
458 1179 522 1240 che
548 1178 726 1240 domanda
757 1177 777 1238 l'
793 1177 995 1240 absolution
1025 1198 1090 1259 per
1113 1181 1191 1242 loro
1215 1179 1234 1241 ὲ
1258 1199 1329 1241 uno
1353 1198 1404 1240 se·

138 1284 274 1346 cretario
298 1285 344 1346 de
360 1285 486 1360 Cesar3
512 1305 550 1348 se
575 1284 605 1346 si
628 1295 772 1365 potesse
796 1304 862 1366 per
878 1297 1004 1366 questa
1022 1284 1078 1347 via
1098 1286 1143 1348 de
1160 1304 1268 1366 sopra
1283 1284 1406 1346 scritta

139 1390 315 1452 absolverli
348 1411 368 1453 o
401 1411 502 1454 como
527 1391 632 1454 melio
665 1391 771 1473 saprai
795 1401 939 1454 trovare
970 1395 1004 1454 el
1027 1391 1122 1455 Rmo
1147 1390 1280 1474 Signor
1304 1389 1406 1456 Santi

139 1495 273 1576 Quattro
305 1499 458 1560 sarebbe
492 1501 587 1560 bono
620 1519 685 1580 per
710 1499 878 1581 exempio
902 1500 948 1561 de
971 1498 1070 1579 altri,
1107 1508 1142 1561 et
1165 1499 1296 1581 perche
1322 1497 1404 1560 Bili-

140 1605 230 1666 baldo
264 1605 282 1667 ὲ
317 1607 454 1686 grande
488 1607 593 1668 homo
626 1605 725 1668 richo
761 1606 804 1667 de
838 1607 977 1687 grande
1008 1603 1186 1668 authoritai
1218 1605 1253 1666 in
1287 1605 1404 1686 quella

140 1721 268 1791 potente
293 1722 389 1775 terra
414 1721 449 1774 et
473 1714 518 1775 ha
543 1733 647 1776 nome
672 1713 708 1774 di
733 1733 822 1795 gran
849 1713 1015 1776 litterato.
1243 1692 1246 1697 .

213 1837 269 1898 Un
293 1837 386 1899 frate
405 1837 518 1900 minor
540 1836 809 1918 observatino¹).
849 1837 914 1900 Chi
932 1836 1060 1899 mando
1077 1856 1148 1898 una
1166 1837 1404 1920 supplication

139 1963 194 2005 con
215 1945 308 2007 mille
333 1944 501 2008 instantie
525 1965 581 2007 me
604 1964 727 2025 preme
752 1944 804 2006 ch'
826 1944 861 2007 io
885 1945 920 2006 lo
944 1944 1168 2017 recomandi;
1194 1946 1227 2006 el
1242 1946 1325 2025 qual
1340 1965 1406 2026 per

139 2071 223 2113 esser
244 2053 350 2114 homo
376 2053 476 2115 dotto
502 2053 546 2114 de
570 2050 760 2130 authorita,
786 2063 821 2111 et
845 2071 945 2113 come
961 2071 1016 2112 me
1033 2050 1156 2113 dubito
1173 2071 1221 2113 un
1235 2052 1405 2132 pochetto

140 2157 176 2218 de
197 2160 229 2220 la
251 2159 373 2222 schola
397 2159 442 2222 de
467 2159 583 2241 questi
609 2167 675 2221 etc.
701 2158 749 2240 (ni
773 2155 893 2240 fallor)
924 2177 994 2220 non
1019 2159 1066 2221 ho
1090 2168 1238 2240 possuto
1262 2157 1317 2220 far
1340 2160 1406 2222 che

140 2284 198 2326 non
220 2266 334 2330 scrive
358 2266 540 2328 conforme
564 2287 585 2328 a
609 2266 737 2328 lettere
762 2266 805 2326 de
822 2265 921 2328 molti
945 2264 1090 2344 segnori
1105 2264 1227 2327 scritte
1251 2287 1271 2327 a
1287 2263 1407 2327 Roma

38 2407 39 2412 κ
139 2369 168 2432 in
189 2371 286 2435 favor
310 2373 370 2435 del
395 2372 493 2436 detto
517 2373 620 2436 frate.
668 2371 707 2434 Io
741 2392 812 2434 non
836 2372 1014 2434 demando
1038 2391 1077 2434 se
1102 2391 1173 2435 non
1197 2373 1315 2453 quello
1339 2373 1406 2434 che

138 2475 334 2542 iustamente
365 2489 400 2542 et
431 2481 702 2542 honestamento
735 2498 772 2540 se
803 2486 889 2559 pote
924 2478 1100 2541 conceder
1132 2487 1168 2540 et
1190 2499 1261 2540 non
1286 2477 1406 2551 aliter;

38 2595 39 2600 ’
138 2585 237 2646 solum
262 2586 423 2668 supplico
457 2588 522 2648 che
553 2607 591 2649 se
616 2605 654 2647 se
687 2584 711 2647 li
737 2583 903 2666 niegasse
927 2584 1018 2647 faeci
1048 2584 1107 2668 pit
1132 2585 1354 2649 dolcemente
1378 2583 1408 2647 si

138 2700 227 2771 pote,
251 2693 381 2774 perche
406 2695 501 2755 bono
527 2693 556 2773 e,
580 2700 680 2754 tanto
705 2693 771 2754 che
797 2712 834 2754 se
863 2691 1034 2774 extingue
1059 2713 1168 2755 ancor
1198 2692 1257 2774 qui
1281 2701 1407 2774 questo

139 2815 274 2887 venen0,
297 2798 485 2863 intertenir
508 2799 544 2862 id
569 2819 682 2881 genus
705 2799 904 2875 honiinum;
935 2798 1022 2863 nihil
1044 2808 1164 2864 tamen
1187 2808 1331 2882 praeter
1354 2799 1408 2864 ius

140 2912 168 2964 et
189 2904 240 2968 las
263 2916 359 2990 peto.

214 3030 256 3092 El
278 3053 317 3094 re
343 3033 388 3094 de
413 3030 666 3095 Dannemarck
690 3031 708 3093 ὲ
734 3032 814 3112 qul,
853 3032 888 3093 el
911 3031 994 3111 qual
1018 3032 1148 3114 perche
1172 3030 1250 3094 fece
1274 3052 1409 3095 mazzar

39 3140 40 3165 ³
139 3134 158 3195 li
179 3136 332 3221 episcopi
364 3149 400 3201 et
424 3139 453 3200 si
484 3138 562 3201 dice
594 3140 661 3200 che
685 3139 790 3200 volea
820 3139 933 3200 haver
957 3138 1091 3201 Luther
1123 3148 1159 3200 et
1190 3137 1216 3201 li
1239 3138 1292 3201 soi
1316 3159 1407 3201 corn·

39 3284 41 3293 »
139 3244 245 3324 pagni,
271 3254 307 3308 et
330 3266 458 3308 revera
482 3246 514 3307 el
537 3265 600 3308 suo
625 3244 865 3307 ambasciator
890 3266 912 3306 a
928 3243 1096 3307 Wormes
1119 3248 1223 3326 porto
1239 3266 1322 3309 seco
1339 3266 1409 3309 una

39 3378 41 3401 ι
139 3366 234 3430 capsa
265 3354 309 3415 de
334 3352 417 3415 libri
439 3352 634 3431 lutherani,
670 3352 706 3414 di
732 3352 826 3433 quali
851 3372 957 3433 spero
993 3352 1071 3415 farli
1096 3352 1206 3415 sentir
1229 3346 1274 3416 d'e
1297 3355 1409 3417 breve

39 3474 42 3533 3
140 3454 158 3516 il
179 3456 269 3520 sumo
301 3461 336 3523 al
360 3480 448 3521 naso
482 3462 526 3522 de
550 3461 647 3521 bona
671 3468 786 3539 sorte,
822 3468 858 3521 et
882 3458 943 3540 gia
967 3458 1132 3522 habiamo
1165 3462 1305 3540 parlato
1329 3480 1408 3523 cum

139 3560 236 3626 Cesar
259 3568 336 3647 che,
362 3569 518 3629 secundo
543 3566 575 3629 ci
599 3558 782 3648 promesse
806 3587 828 3628 a
852 3565 1036 3643 Wormes,
1060 3569 1094 3629 lo
1119 3566 1268 3630 redurra
1291 3589 1312 3630 a
1336 3570 1409 3630 bon

40 3662 42 3679 ²
140 3688 233 3735 esser.
272 3670 322 3736 Se
347 3673 377 3735 si
401 3673 550 3736 tratterai
572 3670 660 3735 costi
685 3674 729 3735 de
754 3674 789 3735 la
805 3694 870 3735 sua
892 3670 1128 3751 absolutione,
1152 3674 1314 3756 supplico
1331 3677 1409 3755 che,

40 3844 41 3853 χ
139 3788 266 3843 servata
292 3782 446 3861 quadam
471 3779 594 3842 summi
618 3779 703 3842 iuris
728 3779 946 3859 remissione,
971 3800 1010 3864 se
1034 3778 1152 3841 chiudi
1176 3800 1223 3842 un
1248 3801 1360 3863 pocco
1384 3781 1409 3843 li

141 3884 224 3963 ochi,
259 3885 394 3967 perche
426 3888 517 3949 oltra
541 3888 606 3948 che
632 3887 649 3948 ὲ
674 3886 733 3948 Re
759 3894 794 3947 et
818 3895 973 3968 cognato
999 3885 1035 3947 di
1059 3885 1169 3949 Cesar
1200 3897 1236 3949 et
1260 3897 1363 3968 grato
1388 3909 1410 3950 a

141 3986 203 4053 Sua
213 3992 351 4056 Maesta
366 4003 403 4056 et
420 3994 437 4056 ὲ
453 3996 558 4055 homo
572 3992 742 4072 terribile,
761 3992 866 4054 etiarn
884 3992 931 4055 ha
942 4012 1053 4074 paese
1068 3993 1268 4076 pericoloso
1286 3995 1331 4055 ad
1351 3995 1408 4056 de-

141 4092 314 4162 ficiendum
340 4102 386 4162 ab
411 4094 616 4162 obedientia
639 4098 821 4161 Ecclesiae
846 4108 883 4162 et
906 4120 927 4161 a
950 4098 1038 4180 fide,
1070 4101 1136 4162 che
1160 4120 1230 4163 non
1254 4102 1407 4163 sarebbe

141 4201 170 4263 la
189 4205 300 4285 prima
323 4207 431 4272 volta.
527 4224 529 4229 '

217 4330 267 4393 Lo
292 4331 466 4414 episcopo
491 4330 527 4392 di
551 4328 662 4409 Liege
686 4328 723 4391 fa
748 4350 830 4391 cose
854 4329 993 4409 grande
1020 4349 1085 4411 per
1110 4329 1219 4392 Cesar
1243 4331 1287 4392 de
1310 4330 1411 4412 genti

143 4436 231 4498 etde
255 4438 392 4519 danari,
421 4439 532 4520 perhd
557 4435 594 4501 S.
619 4436 667 4500 M.
693 4438 727 4499 lo
752 4437 990 4499 raccomanda
1013 4436 1058 4498 de
1082 4446 1178 4498 sorte
1206 4436 1235 4499 si
1260 4457 1363 4499 cerea
1386 4437 1411 4500 il

145 4593 339 4607 Q—

170 4680 189 4735 't
206 4678 294 4729 Frater
312 4678 437 4741 Angelus
462 4680 494 4727 de
519 4676 666 4727 Mechlinia
690 4682 719 4725 ut
738 4682 847 4741 apparet
872 4693 904 4725 ex
923 4678 1007 4726 Breve
1027 4677 1125 4724 Leonis
1143 4678 1181 4725 X.
1206 4677 1260 4731 dat.
1285 4678 1319 4726 ad
1343 4692 1411 4738 eum,

203 4760 242 4807 die
256 4758 357 4809 'ultima
376 4758 443 4825 Julii
466 4768 541 4821 1521.
578 4758 632 4805 Hic
652 4758 678 4805 in
699 4758 793 4805 codice
813 4757 908 4805 desunt
927 4756 1016 4819 aliqua
1036 4772 1103 4819 quae
1122 4756 1260 4806 Aleander
1278 4758 1412 4819 corrigens

204 4832 545 4905 manuscriptum'volnerat
565 4837 723 4899 adiungere,
748 4844 777 4886 ut
795 4838 900 4886 videtur
917 4852 949 4886 ex
967 4837 1044 4899 signo
1062 4836 1207 4900 posthaec
1226 4838 1307 4886 verba
1331 4838 1412 4898 lacto,

204 4922 245 4969 sed
264 4921 403 4972 oblivione
424 4936 476 4969 non
496 4924 556 4969 sunt
574 4918 672 4967 addita.

1200 5004 1248 5059 18*
