3425 5700
634 552 880 621 aesna-s

132 708 216 789 quali
237 729 337 772 come
361 707 419 791 piu
445 710 624 773 necessari
648 721 683 773 et
706 710 741 772 in
760 711 923 792 maggior
939 711 1127 774 deformita
1143 705 1262 775 caduti
1276 714 1395 776 hanno

131 814 271 897 bisogno
307 816 342 878 di
375 816 539 899 maggior
572 837 657 880 cura
691 828 726 880 et
759 818 1003 900 reparatione;
1040 827 1075 881 et
1107 840 1128 881 a
1157 822 1268 901 quest'
1285 840 1397 902 opera

132 923 168 985 V.
183 920 219 986 S.
241 925 377 1006 spenda
402 923 487 1006 ogni
511 924 627 987 studio
653 931 688 987 et
711 924 870 1007 ingegno
895 946 959 987 suo
982 926 1113 1007 perche
1129 947 1168 989 se
1191 947 1236 991 ne
1253 929 1397 1009 vengha

132 1032 192 1093 allo
215 1030 341 1094 effecto
365 1032 496 1112 perche
521 1030 629 1094 nichil
653 1033 871 1095 commodius
893 1042 955 1095 aut
977 1032 1178 1113 gloriosius,

209 1222 290 1237 ....
316 1173 367 1236 Le
391 1175 518 1236 lettere
543 1175 600 1236 del
617 1174 760 1238 Barone
783 1174 813 1237 si
837 1195 925 1238 sono
943 1177 1108 1239 mandate
1133 1189 1169 1240 et
1189 1198 1257 1241 con
1273 1187 1397 1260 queste

131 1279 200 1341 sara
222 1300 267 1342 un
292 1299 356 1342 suo
380 1280 474 1361 plico
499 1288 642 1362 portato
668 1281 725 1343 dal
749 1280 819 1343 mio
843 1282 1036 1346 secretario
1061 1286 1127 1346 che
1150 1284 1238 1347 hieri
1263 1284 1398 1348 ritornd

132 1388 172 1449 da
191 1386 304 1467 Euda,
329 1386 355 1449 il
379 1387 494 1468 quale,
519 1387 681 1467 segondo
705 1389 771 1450 che
795 1407 862 1469 per
885 1389 905 1450 l'
924 1391 1014 1452 altre
1038 1391 1174 1474 scrissi,
1199 1393 1341 1455 mandai
1363 1392 1398 1455 13

133 1495 211 1556 oltre
240 1494 371 1575 perche
403 1496 495 1556 bene
526 1493 731 1557 intendesse
761 1496 843 1576 quel
877 1497 943 1558 che
973 1497 1003 1559 si
1033 1517 1080 1579 po
1111 1518 1257 1579 sperare
1289 1500 1333 1561 de
1363 1501 1398 1561 le

133 1620 204 1663 cose
220 1600 388 1663 Boemice
412 1609 447 1663 et
471 1611 830 1682 consequentemente
855 1604 921 1665 che
944 1603 1083 1668 facesse
1104 1604 1213 1667 officii
1234 1607 1278 1668 de
1293 1606 1398 1669 visita

132 1728 189 1770 con
212 1708 319 1789 quelli
343 1717 379 1770 et
402 1709 457 1771 col
481 1718 583 1771 revm⁰
607 1705 855 1788 Strigoniense
880 1707 1063 1774 offerendo
1088 1721 1154 1777 etc.

209 1851 253 1915 Et
275 1852 413 1914 benche
446 1850 481 1914 io
513 1871 626 1933 penso
661 1853 727 1915 che
752 1852 773 1915 'l
797 1851 940 1914 Barone
974 1852 1264 1935 diligentemente
1297 1864 1333 1916 et
1363 1854 1400 1917 di

133 1970 245 2039 questo
276 1968 312 2021 et
340 1959 385 2020 de
410 1957 431 2019 l’
448 1957 529 2020 altri
560 1960 779 2022 trattamenti
810 1960 877 2023 che
900 1958 1008 2024 fanno
1040 1961 1129 2023 hora
1158 1960 1193 2023 in
1223 1970 1399 2024 convento

133 2066 236 2129 scriva
268 2086 289 2127 a
312 2066 355 2128 N.
382 2062 418 2128 S.
444 2065 707 2129 nientedimeno
738 2065 784 2129 mi
808 2085 897 2147 pare
922 2068 967 2129 da
991 2074 1062 2129 non
1087 2068 1220 2131 lassare
1248 2068 1293 2131 de
1317 2068 1399 2131 scri·

134 2192 206 2235 vere
229 2173 359 2255 quello,
385 2173 451 2234 che
475 2192 555 2234 esso
573 2169 775 2235 Secretario
799 2173 870 2235 mio
894 2173 940 2235 de
964 2173 988 2234 li
1011 2174 1058 2235 ha
1072 2173 1258 2255 riportat0,
1283 2174 1399 2238 massi-

133 2290 295 2343 mamente
329 2280 425 2341 circa
447 2280 481 2341 le
505 2298 588 2342 cose
621 2278 658 2340 di
681 2279 847 2359 Boemia,
885 2281 917 2342 le
942 2280 1036 2361 quali
1068 2282 1157 2343 hora
1181 2282 1300 2344 hanno
1330 2302 1401 2344 una

133 2387 309 2450 occasione
333 2381 570 2469 grandissima
595 2394 630 2449 et
653 2386 879 2467 inexpettata
902 2387 948 2448 da
971 2386 1106 2467 potersi
1127 2390 1340 2451 concludere
1365 2396 1402 2451 et

132 2494 310 2557 terminare
342 2512 411 2574 pur
441 2493 507 2555 che
538 2494 656 2573 quella
679 2492 835 2574 Maesta,
866 2502 903 2555 et
925 2494 1242 2557 Reverendissimo
1266 2492 1400 2576 Strigo-

133 2602 244 2664 niense
274 2601 325 2685 gli
350 2600 456 2663 dieno
487 2599 612 2662 favore
643 2609 679 2661 et
702 2599 870 2662 autorita:
906 2600 1038 2681 perche
1062 2601 1157 2683 dopo
1183 2604 1300 2683 quello
1335 2602 1401 2665 che

133 2707 168 2770 fu
187 2708 273 2772 fatto
303 2708 339 2771 in
365 2707 501 2788 Praga,
537 2714 628 2769 tutte
652 2708 685 2769 le
709 2708 799 2769 altre
824 2705 909 2769 citta
940 2708 985 2769 de
1009 2708 1043 2769 la
1066 2708 1252 2789 provincia
1283 2710 1402 2772 hanno

132 2814 213 2882 fatto
235 2818 259 2881 il
285 2815 479 2888 medesimo
495 2812 783 2896 imprigionando
807 2812 916 2895 quelli
930 2815 1008 2877 loro
1022 2814 1198 2878 Picardici
1222 2825 1258 2880 et
1274 2816 1402 2880 Luthe·

135 2924 212 3002 rani,
238 2936 274 2987 et
297 2923 528 3006 procedendo
552 2921 611 3003 pila
637 2921 728 2983 oltra
753 2922 797 2983 de
821 2920 845 2982 li
871 2921 1020 3003 Pragesi
1043 2922 1188 2985 hannoli
1212 2924 1404 2987 examinati

133 3043 167 3093 et
187 3031 299 3096 fattoli
324 3030 527 3094 confessare
551 3029 576 3090 li
599 3027 739 3090 authori
763 3037 799 3089 et
822 3027 903 3109 capi
926 3029 1003 3091 loro
1028 3029 1052 3090 li
1077 3029 1173 3110 quali
1196 3038 1252 3093 tra
1275 3031 1299 3092 li
1322 3031 1403 3093 altri

133 3139 243 3202 hanno
268 3139 366 3202 detto
391 3138 436 3199 de
461 3157 508 3198 un
531 3137 725 3215 Presteng,
762 3154 845 3196 cose
870 3135 935 3196 che
959 3146 1114 3216 arguunt
1142 3157 1222 3199 eum
1245 3137 1403 3200 affectati

134 3244 283 3310 Boemici
298 3243 432 3327 Regni,
457 3252 493 3306 et
517 3241 629 3305 costui
653 3242 743 3305 hora
766 3241 795 3303 si
819 3252 923 3305 trova
946 3243 1017 3305 3113
1033 3242 1140 3306 Corte
1164 3264 1234 3306 non
1256 3264 1324 3326 pur
1338 3265 1404 3326 per

133 3362 233 3416 conto
263 3354 320 3415 del
353 3359 529 3414 convento
560 3370 617 3412 ma
647 3369 712 3430 per
744 3368 790 3410 un
814 3348 946 3412 iudicio
977 3350 1010 3411 31
1042 3351 1146 3430 quale
1177 3351 1197 3413 ὲ
1228 3351 1403 3415 chiamato

132 3480 195 3540 per
208 3481 275 3524 una
289 3457 515 3524 accusatione
532 3456 679 3518 vecchio
701 3455 734 3517 di
750 3475 902 3536 venen0,
927 3465 1051 3519 contra
1072 3477 1262 3538 personam
1276 3459 1404 3541 Regis,

132 3568 165 3630 la
189 3569 288 3649 quale
312 3568 448 3630 anchor
471 3565 537 3626 che
562 3563 591 3626 si
614 3562 712 3626 tratti
736 3562 987 3644 frigidamente
1012 3583 1079 3644 pur
1101 3565 1211 3627 habet
1225 3566 1404 3629 hominem

132 3675 277 3738 maxime
311 3673 474 3745 anxium;
510 3690 576 3734 con
603 3669 717 3752 questi
751 3669 907 3732 successi
939 3679 1029 3732 tutte
1063 3672 1181 3752 quelle
1214 3672 1337 3735 cittadi
1370 3681 1406 3736 et

131 3781 244 3846 ordini
265 3784 343 3846 loro
367 3781 486 3843 hanno
511 3779 678 3841 mandato
703 3775 860 3839 huomini
885 3784 921 3838 et
943 3778 1049 3840 lettre
1073 3779 1108 3840 31
1131 3779 1190 3841 Re
1215 3788 1250 3840 et
1270 3777 1404 3861 Strigo·

132 3889 249 3953 niense
272 3910 293 3952 a
317 3887 524 3951 dimandare
557 3886 622 3948 che
647 3883 745 3946 sieno
770 3882 884 3965 puniti
907 3884 1015 3964 quelli
1038 3883 1209 3965 picardici
1237 3897 1272 3948 et
1296 3888 1405 3950 luthe-

131 3997 219 4074 rani,
242 3999 306 4060 che
330 4005 489 4077 tengono
513 3990 670 4074 prigioni
693 3990 844 4052 dicendo
870 3992 935 4052 che
960 3991 1077 4053 homai
1101 4011 1171 4054 non
1195 3993 1407 4056 desiderano

132 4106 233 4184 altro,
256 4107 321 4167 che
346 4105 382 4165 13
405 4097 623 4163 extinctione
648 4096 683 4159 di
700 4096 818 4177 quella
842 4105 944 4177 peste
969 4096 1004 4158 di
1020 4098 1160 4160 heresia
1185 4109 1220 4160 et
1237 4099 1273 4161 di
1289 4120 1408 4164 essere

130 4211 240 4274 buoni
262 4207 453 4274 Christiani
485 4216 521 4269 et
550 4203 639 4267 uniti
670 4223 737 4266 con
762 4201 875 4266 Santa
900 4203 1036 4285 chiesa,
1073 4216 1108 4265 et
1138 4206 1271 4286 perche
1302 4227 1346 4268 ne
1375 4209 1409 4269 la

131 4317 237 4382 Dieta
268 4338 356 4382 sono
381 4315 488 4379 molte
520 4311 667 4375 materie
701 4311 747 4372 da
770 4318 919 4373 trattare
943 4309 1073 4392 prima,
1110 4331 1180 4374 non
1213 4333 1322 4375 erano
1345 4334 1410 4395 per

131 4427 246 4489 anche
268 4425 351 4489 stati
376 4421 473 4485 oditi.
509 4417 757 4500 Strigoniense
781 4416 960 4480 stimulato
985 4428 1020 4478 et
1045 4419 1234 4480 exhortato
1254 4422 1411 4482 anchora

129 4533 165 4596 in
190 4553 293 4596 nome
319 4532 390 4594 mio
415 4551 436 4591 a
457 4547 563 4611 porre
587 4525 672 4606 ogni
690 4544 753 4585 suo
768 4524 886 4585 storzo
904 4525 974 4585 alla
991 4525 1217 4589 conclusione
1233 4526 1269 4588 di
1286 4535 1411 4607 questa

131 4651 236 4704 santa
259 4659 369 4722 opera
393 4636 563 4718 risponde
588 4634 653 4694 che
678 4632 711 4694 la
736 4651 819 4693 cosa
843 4630 1043 4693 anchorae
1067 4631 1103 4695 in
1127 4633 1250 4711 herba,
1274 4642 1310 4696 et
1324 4654 1411 4717 pare

130 4753 198 4813 che
224 4749 269 4811 ad
293 4745 444 4830 qualche
469 4762 532 4805 suo
558 4739 726 4821 dissegno
750 4737 786 4798 la
809 4738 943 4818 tengha
966 4737 1002 4800 in
1022 4739 1126 4817 collo,
1150 4740 1303 4803 dicendo
1324 4743 1412 4822 perd

130 4858 166 4921 di
192 4860 265 4919 ben
286 4854 365 4918 fare
389 4859 426 4913 et
449 4852 495 4912 da
519 4865 691 4931 speranza
714 4844 852 4926 grande
876 4843 905 4906 si
928 4864 994 4925 per
1017 4846 1151 4908 havere
1174 4846 1233 4928 qui
1250 4867 1295 4909 un
1312 4847 1414 4910 Duca

1201 4959 1255 5013 24*
