3425 5700
631 557 879 618 *4325le

210 703 404 768 Franceseo
420 705 639 788 Sichinghen
666 707 684 769 ὲ
708 707 758 769 ito
783 708 817 769 al
841 726 951 789 paese
976 706 1022 767 da
1039 703 1306 787 Wirtemberge
1330 723 1395 785 per

140 831 223 874 nome
244 811 277 874 di
301 812 420 877 Cesar.
469 813 585 876 Resta
610 813 675 876 che
699 813 733 876 io
758 813 866 877 serivi
891 815 935 875 de
960 813 982 875 li
1008 810 1088 874 libri
1113 823 1148 874 et
1172 811 1272 874 brevi
1296 830 1392 874 rece-

138 919 214 999 puti:
236 929 324 982 tutto
348 918 368 982 e
392 927 486 984 stato
502 922 533 982 al
552 920 737 1003 proposito
754 920 967 999 assaissim0,
992 929 1029 982 et
1044 918 1068 981 li
1085 919 1186 982 brevi
1202 917 1394 996 bonissimi,

138 1035 165 1087 et
185 1027 245 1088 ben
268 1026 349 1089 fatti
374 1037 410 1089 et
434 1049 455 1090 a
478 1036 608 1109 tempo.

209 1133 258 1196 De
290 1133 314 1196 li
349 1133 475 1198 danari
508 1136 575 1198 che
607 1155 672 1217 per
697 1135 840 1217 meggio
866 1134 901 1196 di
926 1133 1059 1196 Vostra
1083 1131 1252 1214 Signoria
1276 1133 1392 1195 Reve·

137 1239 322 1303 rendissima
345 1241 477 1305 Nostro
503 1240 657 1324 Signore
682 1263 738 1306 me
761 1243 807 1305 ha
830 1243 922 1305 fatto
946 1261 1061 1323 pagar
1085 1239 1145 1302 alli
1169 1239 1268 1320 Bini,
1299 1251 1334 1304 et
1358 1239 1394 1302 li-

136 1347 276 1410 berarme
301 1349 360 1411 dal
385 1349 525 1430 debito,
563 1351 646 1431 qual
676 1352 792 1413 havea
816 1370 883 1412 con
908 1351 997 1427 loro,
1020 1347 1203 1428 rengratio
1227 1347 1249 1409 l’
1265 1368 1335 1411 uno
1360 1356 1395 1409 et

136 1453 222 1516 laltro
244 1465 376 1536 quanto
400 1455 460 1538 piu
496 1477 620 1537 posso;
653 1466 752 1520 certo
784 1457 903 1519 hanno
934 1455 1025 1518 fatto
1054 1457 1125 1517 ben
1155 1454 1200 1516 ad
1232 1475 1278 1516 un
1313 1453 1393 1516 fide-

137 1558 246 1624 lissimo
271 1562 443 1642 servitor,
468 1565 533 1626 che
559 1563 603 1626 de
628 1573 719 1626 tutto
743 1563 767 1626 il
792 1583 875 1626 core
901 1583 1003 1626 cerea
1028 1573 1064 1624 et
1088 1582 1227 1644 sempre
1252 1560 1397 1624 cercara

136 1668 232 1730 servir
253 1690 274 1731 a
299 1667 373 1732 Sua
397 1667 536 1732 Santit‘a
561 1679 597 1732 et
628 1691 649 1732 a
673 1671 806 1733 Vostra
831 1669 999 1753 Signoria
1021 1667 1337 1733 Reverendissima
1361 1679 1397 1730 et

137 1769 196 1835 Sua
217 1775 454 1840 Illustrissima
478 1797 570 1841 casa.

730 2216 772 2280 93

557 2331 596 2413 lt
625 2331 754 2412 Pacius
781 2331 890 2412 Leoni
918 2329 960 2411 X„

530 2479 616 2545 (sm.
634 2477 707 2537 arv.
726 2477 802 2554 opt
820 2477 855 2536 11.
879 2477 913 2536 u.
932 2477 985 2548 a.)

635 2597 767 2666 (1.Junii
791 2601 877 2660 1521.)

208 2731 414 2796 Beatissime
438 2733 546 2796 Pater
568 2743 650 2814 post
674 2730 792 2795 humil.
819 2732 1160 2798 commendationem
1185 2743 1221 2796 et
1245 2733 1395 2796 devotis-

133 2835 207 2901 sima
228 2842 348 2905 oscula
371 2841 512 2923 pedum.
560 2840 663 2903 Mitto
689 2840 734 2903 ad
760 2838 995 2904 Sanctitatem
1019 2839 1183 2905 Vestram
1215 2862 1285 2904 una
1318 2862 1396 2904 cum

133 2942 228 3008 literis
258 2947 365 3029 meis,
400 2968 597 3010 samonem
632 2947 841 3010 Reverendi
875 2946 986 3030 patris
1014 2947 1197 3011 Roffensis
1228 2948 1396 3031 Episcopi

133 3050 273 3117 habitum
300 3054 451 3117 Londini
476 3055 674 3118 astantibus
700 3064 735 3116 et
758 3053 1068 3117 circumstantibus
1090 3054 1237 3136 triginta
1262 3058 1314 3136 (ut
1338 3054 1392 3117 mi·

132 3154 246 3223 nimum
270 3161 397 3241 dicam)
422 3161 601 3223 hominum
630 3161 790 3241 milibus,
827 3180 871 3222 ea
894 3160 967 3240 die,
999 3181 1068 3242 qua
1099 3160 1180 3224 libri
1208 3161 1397 3225 lutheriani

132 3266 259 3341 publice
283 3267 458 3331 combusti
482 3268 636 3331 fuerunt.
687 3266 733 3329 Et
756 3266 839 3348 quia
864 3287 934 3329 non
959 3278 1030 3331 tam
1053 3268 1147 3349 ignis
1170 3269 1250 3331 huic
1275 3279 1396 3331 nostro

130 3375 250 3452 populo
274 3395 380 3456 quam
404 3396 519 3439 sermo
545 3384 616 3437 tam
641 3374 725 3437 boni
751 3384 787 3436 et
820 3372 947 3436 eruditi
981 3373 1171 3457 Episcopi,
1204 3376 1394 3439 Lutherum

130 3477 308 3545 hereticum
333 3482 530 3545 declaravit
555 3484 637 3563 (non
662 3480 776 3563 magis
802 3479 894 3543 enirn
919 3481 1082 3544 doctrina
1105 3482 1188 3545 licet
1212 3483 1257 3546 sit
1280 3484 1395 3565 singu-

130 3585 213 3665 laris,
236 3610 339 3672 quam
364 3590 459 3653 vitae
484 3609 690 3669 morumque
715 3586 906 3668 Sanctitas,
930 3588 1139 3652 Roffensem
1159 3588 1396 3675 commendat)

130 3696 242 3771 putavi
273 3718 339 3781 per
372 3718 477 3779 quarn
512 3697 752 3760 necessarium
786 3716 864 3757 esse
899 3708 937 3757 ut
969 3696 1098 3759 Vestra
1127 3696 1325 3778 Sanctitas,
1361 3710 1397 3761 et

130 3795 212 3865 istud
236 3824 372 3867 sacrum
397 3803 587 3886 collegium
614 3824 657 3865 ex
683 3804 751 3865 hoc
777 3822 941 3865 sermone
965 3802 1223 3885 intelligerent,
1256 3818 1291 3868 et
1319 3826 1396 3888 per·

130 3907 294 3987 spicerent
328 3910 447 3993 qualia
480 3912 640 3973 membra
669 3906 867 3971 catholicae
900 3908 1084 3974 Ecclesiae
1115 3913 1246 3975 habeat
1277 3916 1345 3975 hoc
1375 3934 1397 3975 a

130 4022 196 4076 toto
220 4020 302 4081 orbe
327 4028 400 4081 tam
425 4018 575 4080 divisum
600 4034 765 4097 regnum;
791 4035 967 4096 quamque
991 4030 1117 4098 parata
1141 4020 1211 4082 sint
1226 4021 1396 4083 adversus

130 4122 323 4199 pestilentes
347 4128 509 4204 hereses,
541 4135 576 4187 et
600 4122 758 4186 nefanda
782 4122 990 4203 schismata,
1023 4136 1165 4190 strenue
1199 4131 1395 4194 decertare.

131 4224 168 4288 Et
193 4232 350 4311 quamvis
374 4230 573 4310 Roffensis,
607 4231 674 4292 hac
706 4228 876 4310 peculiari
906 4230 1036 4294 virtute
1066 4236 1248 4314 praeditus
1281 4238 1326 4301 sit
1359 4251 1395 4301 ut

130 4344 252 4403 tantum
275 4340 384 4421 fugiat
413 4340 581 4421 gloriam,
605 4344 775 4416 quantum
796 4334 886 4398 haec
910 4336 1024 4419 ipsum
1049 4354 1302 4424 persequatur,
1326 4367 1395 4428 ego

131 4450 237 4508 tamen
258 4446 467 4511 Sanctitatis
497 4446 650 4507 Vestrae
682 4441 893 4524 prudentiae
925 4446 1032 4511 etiam
1066 4449 1194 4529 opinor
1223 4463 1261 4515 ut
1285 4453 1396 4517 literis

132 4550 335 4633 Apostolicis
358 4555 408 4617 illi
435 4554 635 4616 declaretur
659 4568 764 4631 quam
789 4560 975 4632 acceptum
1000 4554 1045 4617 sit
1069 4556 1183 4619 eidem
1208 4558 1396 4624 Sanctitati

132 4654 270 4725 Vestrae
297 4665 364 4727 hoc
394 4660 550 4725 olficium
580 4658 676 4739 quod
705 4656 784 4717 Deo
817 4666 853 4717 et
883 4658 1075 4725 universali
1106 4664 1288 4731 Ecclesiae
1325 4679 1395 4732 tam

131 4763 183 4841 pie
207 4777 240 4831 et
260 4770 392 4833 utiliter
415 4766 610 4852 praestitit;
646 4772 726 4827 Sunt
751 4772 843 4833 enim
868 4792 1008 4852 omnes,
1040 4793 1119 4836 mea
1147 4774 1288 4855 quidem
1319 4797 1395 4839 sen.

133 4873 245 4956 tentia,
267 4879 310 4940 ad
332 4880 424 4941 hanc
448 4898 570 4941 veram
584 4873 766 4947 Ecclesiae
782 4881 1032 4946 defendendae
1047 4882 1196 4964 gloriam
1216 4882 1395 4951 incitandi.
