3425 5700
730 530 977 591 vuasto-⁶

213 684 403 765 mediante)
427 682 519 745 inter
542 684 712 765 populum
737 690 773 744 et
804 682 947 757 clerum,
972 677 1055 740 item
1079 676 1173 740 inter
1197 681 1328 741 clerum
1353 688 1389 742 et
1411 680 1492 761 Epi-

215 811 362 872 scopum
387 790 447 871 qui
475 800 530 852 est
553 792 663 852 frater
686 788 797 871 ipsius
811 785 933 866 Ducis,
958 784 1088 847 talibus
1114 786 1376 849 conditionibus
1399 788 1496 868 quod

214 896 413 979 Episcopus
436 894 633 959 Mindensis
657 896 703 959 ad
735 893 944 958 decennium
972 891 1059 954 nihil
1091 901 1178 974 agat
1210 892 1287 955 sine
1318 913 1494 956 consensu

214 1002 377 1084 capituli:
403 1004 498 1085 quod
522 1002 621 1065 vivat
644 1002 689 1064 de
716 1000 914 1063 redditibus
937 1000 1041 1061 unius
1064 999 1170 1061 castri
1194 999 1280 1062 dicti
1307 1001 1494 1064 Petersha-

214 1130 284 1191 gen
313 1128 379 1172 nec
405 1109 590 1192 quicquam
615 1111 707 1171 ultra
729 1105 924 1191 percipiat;
956 1106 1112 1188 reliquos
1145 1105 1378 1189 Episcopales
1421 1107 1496 1171 fru-

215 1225 292 1278 ctus
316 1215 486 1299 colligent
515 1214 675 1297 deputati
711 1236 733 1277 a
764 1234 861 1277 mero
893 1224 928 1276 et
962 1212 1170 1276 militaribus
1203 1214 1249 1276 ad
1285 1216 1495 1279 solvendum

215 1342 277 1385 aes
292 1323 444 1386 alienum
462 1343 531 1404 quo
548 1322 709 1385 Ecclesia
725 1321 802 1403 ipsa
826 1330 863 1384 et
887 1318 1040 1383 diocesis
1062 1320 1216 1383 maxime
1232 1320 1413 1402 premitur,
1437 1322 1495 1384 cui

216 1430 268 1493 rei
297 1432 413 1493 clerus
438 1430 541 1492 etiam
558 1428 759 1493 contribuet
781 1429 883 1491 iuxta
906 1427 1075 1510 cuiusque
1091 1427 1379 1509 possibilitatem
1404 1428 1494 1491 sirni-

215 1537 296 1601 liter
319 1537 399 1601 laici
424 1546 460 1601 et
483 1536 604 1600 rustici
639 1537 684 1599 ad
720 1556 785 1599 sex
821 1552 935 1597 annos
968 1533 1210 1603 contribuent;
1249 1534 1373 1598 civitas
1407 1557 1496 1599 vero

216 1643 303 1707 nihil
327 1645 477 1726 posthac
510 1652 633 1706 contra
667 1640 804 1705 Statum
835 1640 1126 1704 Ecclesiasticum
1159 1642 1399 1722 attemptabit‚
1431 1646 1497 1707 sed

217 1770 295 1814 eum
319 1751 354 1813 in
379 1750 531 1834 antiquis
555 1749 751 1832 privilegiis
776 1759 811 1811 et
835 1749 1152 1812 consuetudinibus
1176 1750 1403 1813 conservabit
1426 1772 1496 1815 me·

217 1858 284 1921 diis
309 1878 429 1922 eorum
453 1856 632 1940 praestitis
656 1856 860 1920 iuramentis
884 1866 949 1921 etc.
1007 1855 1105 1918 idem
1128 1854 1291 1919 fecerunt
1315 1856 1496 1921 Osnabur·

218 1966 337 2047 gensis
367 1977 449 2047 post
480 1966 589 2027 multa
622 1966 685 2027 sed
717 1962 843 2027 mediis
879 1962 1000 2036 armis;
1040 1963 1342 2027 Monasterienses
1377 1964 1498 2028 clerici

218 2074 333 2135 adhuc
358 2074 503 2135 exulant
527 2092 548 2134 a
572 2070 716 2133 civitate
740 2069 901 2152 quamvis
925 2069 1022 2133 cives
1045 2070 1157 2133 velint
1181 2091 1243 2134 eos
1266 2073 1408 2151 reverti,
1431 2074 1498 2135 sed

217 2179 240 2241 ii
265 2179 422 2260 graviori
446 2200 507 2241 eos
531 2199 649 2260 poena
671 2178 883 2259 plectendos
908 2177 1126 2239 contendunt
1157 2177 1408 2260 civitatemque
1435 2182 1496 2242 ob·

217 2284 333 2349 sidere
357 2286 462 2349 armis
485 2295 623 2367 parant.

218 2427 277 2490 Ex
301 2428 467 2492 litteris
492 2428 717 2511 Prepositi
742 2428 1040 2491 Cracoviensis
1070 2430 1120 2491 ad
1145 2428 1212 2492 IX.
1237 2426 1350 2510 Sept.
1376 2430 1498 2493 datis.

308 2552 411 2633 Quod
425 2554 499 2617 Mu·
513 2554 573 2616 illa
592 2553 629 2617 in
644 2554 825 2636 presentia
840 2555 902 2616 dat
918 2574 1064 2635 operam
1080 2567 1118 2616 ut
1135 2554 1260 2617 civitas
1275 2553 1501 2618 Gedanensis

219 2660 254 2722 in
280 2660 423 2723 Prussia
446 2670 591 2743 totaque
622 2660 683 2725 illa
712 2660 897 2743 provincia
929 2662 975 2722 ab
1005 2661 1189 2743 impietate
1221 2664 1409 2724 lutherana
1438 2682 1500 2724 ex-

219 2778 406 2848 purgetur;
439 2770 599 2849 quamvis
627 2766 861 2831 Gedanenses
884 2777 923 2830 ut
952 2789 1015 2831 eos
1043 2789 1107 2831 suo
1132 2769 1225 2832 sinat
1247 2769 1369 2832 vivere
1395 2771 1501 2832 modo

220 2874 362 2938 summis
386 2876 552 2957 precibus
576 2877 803 2940 contendant.

309 2981 448 3044 Tartari
473 3002 565 3046 nuno
589 3003 668 3046 cum
692 2983 839 3046 Polonis
870 2993 1000 3064 pacate
1030 2995 1141 3066 agunt
1172 2986 1255 3065 quia
1286 2985 1337 3047 eis
1367 2986 1502 3047 bellum

222 3088 380 3152 imminet
410 3109 431 3152 a
456 3090 588 3163 Turco;
620 3089 650 3152 is
681 3099 884 3172 pretextum
912 3093 1022 3152 habet
1050 3100 1089 3152 ut
1118 3090 1288 3153 Tartaros
1317 3091 1423 3153 armis
1453 3093 1501 3153 ad

221 3195 427 3277 obsequium
458 3197 605 3259 reducat
643 3197 713 3278 qui,
736 3198 839 3278 pulso
873 3197 1088 3278 imperatore
1120 3217 1223 3277 quem
1257 3196 1334 3278 ipse
1365 3197 1502 3260 Turcus

220 3303 289 3367 illis
312 3303 523 3385 prefecerat,
546 3303 656 3367 filium
673 3303 747 3367 eius
772 3303 830 3386 qui
854 3306 900 3367 ab
926 3304 977 3366 eis
999 3323 1113 3385 nuper
1137 3313 1191 3366 est
1207 3323 1342 3384 caesus
1366 3304 1401 3366 in
1426 3305 1504 3367 eius

221 3412 335 3473 locum
360 3411 513 3474 maximo
538 3431 713 3474 consensu
737 3410 964 3490 suffecerunt,
988 3429 1093 3491 quem
1117 3410 1222 3472 modo
1246 3409 1370 3473 nititur
1386 3412 1502 3473 detur-

221 3518 308 3579 bare
333 3537 503 3599 suumque
539 3517 572 3580 in
605 3537 754 3600 regnum
785 3517 972 3580 restituere
1004 3518 1233 3597 quamobrem
1266 3516 1405 3580 iuvenis
1433 3517 1503 3580 iste

168 3691 169 3694 Ἴ
221 3623 415 3705 imperator
450 3624 525 3705 agit
549 3626 644 3707 apud
669 3643 790 3705 regem
820 3623 992 3687 Poloniae
1023 3632 1061 3685 ut
1092 3622 1121 3685 si
1149 3621 1242 3686 forte
1273 3623 1358 3686 belli
1391 3624 1501 3686 fortu-

220 3753 302 3795 nam
344 3751 422 3794 cum
455 3751 542 3813 rege
575 3743 647 3794 tam
676 3741 823 3813 potente
848 3730 1005 3812 experiri
1037 3730 1152 3792 minus
1188 3739 1301 3793 tutum
1331 3730 1438 3794 fuerit
1464 3731 1501 3793 in

223 3838 324 3922 regni
369 3849 431 3901 aut
470 3837 590 3920 magni
630 3839 779 3900 ducatus
816 3836 1027 3900 Lithuaniae
1064 3835 1272 3900 solitudines
1310 3838 1342 3901 ei
1380 3849 1506 3920 pateat

223 3943 401 4026 effugium.

318 4087 377 4150 Ex
402 4087 479 4150 litt.
505 4084 761 4168 Strigonien.
810 4085 955 4148 Budae
979 4085 1031 4147 ad
1054 4085 1125 4147 ult.
1150 4081 1264 4167 Sept.
1290 4083 1411 4148 datis.

314 4212 485 4293 Pericula,
510 4211 588 4292 ipsa
612 4209 820 4292 praesertim
846 4222 995 4272 externa
1018 4210 1054 4271 in
1079 4208 1155 4272 dies
1178 4210 1292 4293 magis
1323 4223 1505 4286 crescunt;

224 4339 306 4400 spes
337 4327 453 4380 autem
487 4319 583 4380 nulla
608 4317 675 4380 nisi
699 4318 735 4380 in
758 4319 835 4381 solo
866 4319 944 4380 Deo
973 4327 1009 4379 et
1041 4318 1117 4379 eius
1147 4315 1299 4400 vicario,
1330 4329 1437 4401 atque
1467 4319 1506 4382 in

222 4425 291 4488 ista
316 4423 553 4489 Sacrosancta
576 4423 683 4489 Sede.
