3425 5700
788 553 1034 612 &idib-0

360 698 474 760 Mons.
506 699 551 761 de
577 699 687 761 Polan
720 701 888 762 mandato
921 702 981 764 dal
1004 699 1111 765 serm
1136 699 1302 780 Principe
1334 717 1356 759 a
1387 695 1422 756 la
1445 689 1558 754 Dieta

273 806 318 868 de
342 807 376 866 la
399 804 474 887 liga
498 806 543 867 de
560 803 693 868 Suevia
716 807 762 868 ad
776 803 881 868 Ulma
906 809 951 870 ha
976 808 1110 891 scripto
1134 827 1231 871 esser
1255 802 1362 868 vicini
1385 800 1431 863 ad
1447 797 1559 860 Ulma

273 912 319 974 da
343 921 423 974 octo
448 912 544 974 milia
562 911 671 973 vilani
694 912 730 975 in
755 933 852 976 arme
877 914 1009 978 subditi
1033 915 1078 976 de
1095 914 1219 978 abbati
1244 924 1279 976 et
1295 901 1559 994 gentilhomini‚

273 1019 357 1099 qual
387 1018 602 1080 dimandano
627 1018 773 1092 liberta;
810 1041 856 1082 ne
879 1022 1088 1103 h0·grande
1120 1021 1264 1104 apiacer
1294 1013 1428 1101 perche
1448 1007 1560 1092 potr&

275 1144 372 1187 esser
395 1144 502 1186 causa
526 1125 570 1186 de
595 1123 651 1186 far
674 1135 774 1187 tanto
798 1126 858 1207 piu
883 1137 1006 1209 presto
1031 1131 1191 1191 resolver
1215 1131 1248 1190 la
1272 1128 1347 1208 liga
1363 1124 1408 1185 de
1423 1116 1561 1183 Suevia

275 1232 311 1294 in
337 1233 435 1294 voler
458 1234 631 1294 observat
662 1233 687 1294 li
710 1233 868 1296 mandati
893 1235 1052 1298 caesarei
1084 1245 1209 1298 contra
1233 1235 1256 1296 li
1281 1227 1466 1296 lutherani.
1519 1224 1560 1286 In

277 1337 480 1433 Hinspruch
505 1337 562 1400 die
588 1337 681 1400 XIV
705 1340 891 1403 Februarii
915 1341 1116 1406 MDXXV.

810 1557 826 1564 ιι
843 1557 963 1565 mmm-eumn
976 1557 985 1565 ν

880 1803 954 1868 196.

305 1919 466 2001 Clemens
493 1919 571 2000 VII.
601 1916 746 2022 deorgio
775 1919 936 2021 episcopo
963 1920 1159 2001 lubecensi
1187 1925 1222 2000 el
1239 1916 1537 2020 hamaburgensi.

592 2059 754 2127 lumem
772 2057 834 2116 ΠΙ.
853 2059 956 2118 Brevia
974 2059 1049 2118 Anno
1068 2059 1104 2118 Π.
1123 2075 1165 2133 ep.
1184 2060 1250 2126 ut.)

781 2165 835 2236 (12.
855 2169 946 2218 Martii
970 2167 1058 2234 1525.)

370 2311 586 2393 Accepimus
609 2313 704 2392 quod
728 2311 812 2374 lieet
834 2321 883 2392 tu,
908 2322 947 2374 ut
965 2332 1071 2376 verus
1093 2321 1129 2376 et
1149 2313 1345 2376 catholicus
1361 2309 1570 2392 episcopus,

282 2415 488 2500 pestiferam
526 2427 659 2480 sectam
683 2419 905 2482 lutheranam
941 2439 961 2482 e
993 2421 1080 2483 locis
1113 2430 1195 2484 tuae
1227 2429 1333 2483 curae
1368 2415 1572 2481 commissis

283 2524 464 2587 eliminare
489 2524 680 2605 curaveris,
705 2534 741 2588 et
773 2526 910 2589 viribus
937 2527 1022 2589 totis
1055 2547 1241 2608 procures;
1274 2537 1391 2590 tamen
1421 2522 1572 2586 dubitas

281 2632 490 2695 immunitati
504 2631 742 2695 Ecclesiarum
757 2633 794 2695 in
811 2633 939 2716 quibus
956 2634 1132 2698 lutherani
1158 2633 1369 2716 perditionis
1392 2629 1454 2694 filii
1476 2631 1572 2712 pub-

282 2740 347 2802 lice
371 2738 485 2820 ipsam
509 2749 642 2802 sectam
665 2740 1031 2821 populopraedicant‚
1056 2741 1317 2823 praeiudicare,
1340 2739 1370 2802 si
1395 2759 1456 2802 eos
1479 2736 1574 2798 inde

284 2845 458 2909 violenter
497 2846 601 2909 educi
638 2845 794 2921 faceres;
841 2867 907 2910 nos
934 2846 1057 2929 igitur,
1091 2868 1136 2911 ne
1164 2858 1323 2911 sanctum
1353 2861 1450 2909 tuum
1474 2864 1576 2925 opus

284 2952 485 3015 huiusmodi
508 2963 703 3035 propterea
726 2953 890 3035 impediri
914 2955 1034 3017 valeat
1058 2954 1248 3036 providere
1273 2956 1452 3032 volentes,
1486 2970 1576 3013 auc-

284 3060 426 3122 toritate
460 3060 659 3140 apostolica
693 3070 819 3123 tenore
860 3062 1099 3142 praesentium
1135 3061 1198 3123 tibi
1239 3060 1485 3124 committimus
1534 3066 1578 3119 et

286 3168 495 3229 mandamus
536 3178 709 3248 quatenus
749 3167 827 3230 sine
863 3170 1029 3249 scrupulo
1079 3166 1318 3232 conscientiae
1361 3168 1580 3230 lutheranos

285 3274 383 3356 ipsos
407 3284 479 3336 tam
503 3276 704 3337 saeculares
731 3294 834 3356 quam
857 3277 1044 3357 regulares
1068 3274 1173 3338 etiam
1196 3274 1232 3337 in
1257 3273 1441 3337 ordinibus
1457 3273 1581 3335 sacris

286 3381 498 3444 constitutos
533 3380 638 3443 etiam
676 3392 779 3443 extra
816 3383 895 3445 loca
930 3393 1014 3444 tuae
1045 3380 1277 3445 iurisdictioni
1309 3380 1488 3459 subiecta,
1524 3382 1582 3442 de

287 3508 461 3551 consensu
491 3498 607 3550 tamen
642 3500 677 3550 et
714 3488 856 3551 licentia
888 3489 1137 3570 episcoporum
1163 3508 1310 3569 quorum
1335 3485 1581 3550 iurisdictioni

288 3597 366 3658 loca
391 3595 467 3676 ipsa
491 3595 652 3657 subiecta
675 3594 817 3674 fuerint,
843 3596 949 3659 etiam
973 3596 1008 3658 in
1033 3595 1202 3696 Ecclesiis
1217 3595 1508 3677 quibuscumque,
1537 3594 1582 3657 in

289 3702 415 3784 quibus
440 3721 505 3784 pro
529 3712 690 3784 tempore
721 3702 869 3784 fuerint,
899 3703 979 3785 capi
1009 3712 1045 3765 et
1078 3702 1162 3764 inde
1199 3701 1340 3764 extrahi
1372 3712 1408 3764 et
1444 3710 1583 3764 contra

288 3810 369 3871 illos
392 3810 493 3871 iuxta
516 3810 712 3872 litterarum
735 3808 781 3877 fe.
804 3830 854 3872 re.
901 3808 1032 3871 Leonis
1066 3828 1183 3891 papae
1213 3807 1250 3869 X
1281 3807 1586 3888 praedecessoris

291 3915 403 3979 nostri
426 3917 581 3996 desuper
605 3917 778 3979 editarum
810 3915 1063 3979 continentiam
1092 3926 1128 3977 et
1151 3923 1311 3976 tenorem
1336 3913 1512 3995 procedas
1538 3926 1586 3977 et

291 4022 428 4104 punias,
453 4034 559 4104 prout
583 4026 775 4085 secundum
799 4024 915 4086 Deum
939 4022 1003 4085 tibi
1028 4022 1140 4085 visum
1164 4020 1272 4084 fuerit
1296 4020 1484 4102 expedire,
1510 4022 1584 4085 sci-

293 4142 392 4193 turus
425 4141 460 4192 te
490 4129 525 4191 in
559 4130 626 4191 hoc
662 4129 917 4193 immunitatem
950 4128 1187 4192 Ecclesiarum
1218 4128 1411 4191 earundem
1443 4129 1587 4193 nedum

293 4258 364 4301 non
390 4238 556 4317 laedere,
585 4238 836 4299 verumetiam
861 4236 1001 4299 illorum
1026 4244 1061 4298 et
1085 4235 1266 4297 Ecclesiae
1292 4234 1489 4297 catholicae
1514 4234 1587 4299 im-

293 4345 500 4408 munitatem
527 4342 728 4407 huiusmodi
761 4344 820 4424 pie
852 4364 894 4406 ac
922 4343 1089 4424 religiose
1123 4362 1349 4405 conservare.
1412 4341 1456 4404 Et
1492 4344 1590 4425 quia

292 4453 413 4515 forsan
438 4455 609 4515 hactenus
632 4453 754 4533 plures
779 4470 824 4512 ex
848 4448 1021 4533 praefatis
1045 4448 1240 4511 lutheranis
1266 4448 1371 4511 etiam
1399 4448 1435 4511 in
1471 4446 1591 4513 dictis

297 4560 482 4623 ordinibus
507 4560 717 4621 constitutos
742 4566 777 4621 et
799 4557 921 4621 forsan
946 4555 1133 4637 religiosos
1156 4564 1340 4637 apostatas
1363 4553 1400 4616 in
1425 4553 1593 4621 diversis

296 4666 456 4729 ecclesiis
480 4666 656 4729 violenter
679 4664 760 4746 capi
784 4674 820 4727 et
847 4664 931 4727 inde
963 4661 1104 4726 extrahi
1136 4670 1171 4724 et
1202 4661 1415 4727 incarcerari
1448 4660 1592 4745 fecisti,

295 4784 331 4836 et
353 4784 546 4855 propterea
570 4770 787 4834 conscientia
811 4779 871 4833 tua
899 4791 937 4834 se
970 4769 1223 4834 immunitatem
1249 4768 1487 4832 Ecclesiarum
1520 4788 1593 4835 ea·

295 4882 444 4945 rundem
468 4878 662 4941 offendisse
686 4878 867 4961 credebat,
892 4887 927 4939 te
953 4878 1012 4961 qui
1037 4877 1231 4960 praemissa
1255 4877 1331 4939 zelo
1355 4874 1439 4939 fidei
1459 4875 1593 4942 fecisti
