3425 5700
683 585 912 642 “Belli-0

156 740 203 800 da
234 739 333 799 detta
356 739 442 798 sede
467 747 503 797 et
527 737 560 796 lo
585 735 801 797 Elettorato:
835 746 871 798 et
896 737 951 796 del
979 731 1137 796 Concilio
1162 733 1206 794 de
1232 729 1439 794 Constantia

156 855 192 908 et
217 843 252 906 di
276 844 426 906 Bohemi
450 852 486 906 et
509 843 617 905 molte
643 845 733 906 altre
756 863 840 905 cose
866 845 931 905 che
957 841 1108 904 sarebbe
1133 841 1242 920 longo
1266 848 1301 900 et
1326 857 1439 919 pocco

156 948 360 1016 necessario
384 971 405 1012 a
430 959 606 1032 repetere.

246 1057 399 1120 Eranoci
434 1057 593 1138 presenti
628 1055 726 1118 molti
762 1056 916 1138 principi
953 1054 1080 1135 grandi
1116 1052 1308 1116 Lutherani
1346 1061 1381 1114 et
1416 1053 1438 1114 li

156 1164 345 1232 Secretarii
375 1166 433 1228 del
456 1164 558 1226 Duca
583 1163 743 1243 Saxone,
778 1164 835 1244 qui
863 1161 1094 1244 excipiebant
1120 1163 1244 1239 multa,
1279 1157 1439 1240 quamvis

155 1275 239 1338 dum
271 1270 378 1334 timeo
411 1291 456 1333 ne
488 1269 571 1332 mihi
604 1279 744 1350 tempus
777 1271 919 1333 deesset
952 1270 999 1330 ad
1024 1269 1165 1331 modum
1190 1267 1296 1331 celeri
1320 1275 1440 1328 uterer

155 1379 318 1442 oratione
342 1387 379 1440 et
402 1377 464 1460 gia
487 1377 634 1440 intendo
660 1378 725 1441 che
749 1379 826 1439 loro
851 1377 1001 1440 diceano
1019 1378 1084 1439 che
1101 1375 1135 1437 io
1153 1387 1303 1438 toccava
1318 1373 1342 1436 il
1363 1375 1439 1436 loro

154 1485 317 1568 principe
341 1485 601 1562 odiosamente,
635 1486 730 1566 quod
755 1485 883 1547 falsum
909 1493 980 1565 est,
1012 1487 1039 1546 sl
1065 1503 1164 1546 corne
1190 1501 1322 1545 ancora
1346 1501 1438 1544 men·

155 1593 248 1656 tirno
273 1614 294 1655 a
310 1591 459 1655 Colonia
482 1592 624 1672 quando
649 1594 763 1672 parlai
788 1594 842 1655 nel
869 1601 1055 1673 presentat
1080 1591 1136 1653 del
1154 1589 1272 1652 Breve
1288 1589 1321 1651 al
1339 1588 1440 1650 Duca

96 1765 102 1773 ,
154 1702 322 1782 predetto
346 1697 573 1781 presentibus
588 1698 805 1779 Caracciolo,
826 1697 1040 1779 Tergestino
1066 1707 1100 1758 et
1116 1695 1325 1760 Tridentino
1350 1694 1438 1777 epis·

155 1807 257 1888 copis
279 1827 345 1888 per
369 1815 495 1888 questo
520 1805 686 1869 chiamati
710 1806 757 1867 da
780 1827 836 1868 me
851 1826 953 1868 corne
969 1825 1035 1886 per
1049 1803 1251 1868 testimonio
1270 1803 1304 1865 di
1321 1803 1439 1884 quello

155 1915 191 1977 io
209 1934 270 1976 era
285 1934 350 1995 per
367 1913 460 1984 dire;
487 1913 531 1974 ne
555 1913 601 1975 mi
625 1915 726 1976 valse
751 1932 854 1975 usare
879 1915 993 1975 anche
1017 1914 1131 1974 allora
1156 1909 1240 1993 ogni
1264 1909 1441 1973 modestia

154 2023 224 2083 che
248 2021 372 2102 dopoi‚
409 2019 642 2082 mandandoci
668 2022 701 2082 el
724 2021 827 2082 Duca
861 2021 895 2082 la
928 2020 1082 2100 risposta
1113 2016 1207 2081 disse
1238 2035 1303 2099 per
1333 2015 1438 2078 infor·

155 2127 312 2190 matione
337 2128 373 2188 di
397 2137 523 2207 questo
547 2126 741 2190 medesimo
765 2127 921 2206 ribaldo,
946 2125 1006 2208 qui
1029 2125 1106 2188 heri
1131 2125 1350 2206 excipiebat,
1375 2125 1440 2185 ebe

154 2234 218 2297 noi
247 2236 419 2298 haveamo
444 2235 543 2297 detto
567 2235 659 2296 male
684 2235 742 2296 del
766 2236 843 2296 loro
869 2233 1045 2316 Principe.
1093 2232 1154 2295 Ma
1178 2239 1302 2314 queste
1325 2229 1440 2293 bestie

154 2362 299 2423 semper
332 2339 405 2403 cosi
437 2340 663 2422 impudenter
691 2339 831 2422 fingunt
854 2362 919 2422 per
943 2343 1054 2404 haver
1078 2359 1186 2403 causa
1210 2339 1245 2400 di
1271 2340 1338 2400 mal
1363 2336 1440 2399 dire

155 2461 194 2511 et
229 2448 327 2510 iritar
360 2450 393 2510 el
426 2450 503 2510 loro
532 2448 710 2530 principe,
743 2468 844 2511 corne
876 2469 1016 2530 sempre
1040 2447 1088 2510 fin
1113 2445 1172 2528 qui
1195 2448 1315 2508 hanno
1338 2444 1440 2524 fatto,

154 2555 312 2618 essendo
337 2554 360 2617 li
385 2556 462 2618 suoi
486 2555 567 2616 tutti
591 2555 876 2618 lutheranissimi.
924 2555 1000 2618 Ben
1026 2554 1106 2617 dico
1131 2556 1197 2616 che
1221 2574 1259 2616 se
1291 2552 1315 2616 il
1340 2553 1441 2614 Duca

153 2662 253 2724 fosse
278 2670 371 2724 stato
395 2672 580 2742 presente,
613 2662 648 2724 io
682 2682 748 2725 con
781 2663 867 2744 ogni
891 2662 1081 2742 modestia,
1114 2662 1202 2743 perd
1227 2671 1439 2724 nontamen

154 2769 249 2832 citra
273 2769 458 2846 decorum,
491 2767 512 2828 l'
529 2769 645 2831 harrei
670 2789 716 2832 un
742 2770 933 2852 pocchetto
959 2790 1092 2848 morso,
1126 2767 1258 2850 perche
1283 2767 1439 2830 boramai

154 2898 229 2940 non
254 2878 282 2939 c'
306 2876 326 2939 e
349 2875 409 2958 piu
433 2896 607 2957 speranza
623 2877 659 2939 di
674 2880 825 2940 mutatio
842 2898 908 2959 per
922 2880 1041 2941 buone
1061 2879 1185 2959 parole
1210 2889 1246 2939 et
1265 2887 1364 2938 tanto
1381 2875 1440 2959 piir

154 2986 180 3047 l'
196 2984 315 3048 harrei
337 2984 428 3045 fatto
443 2982 575 3065 perche
592 2984 724 3047 Caesar
740 2996 776 3047 et
788 2984 959 3049 Chievres
974 2984 1111 3047 dissero
1127 2986 1160 3047 al
1176 2982 1215 3045 S‘
1234 2982 1440 3045 Carrazzolo

154 3092 273 3175 primo
298 3102 333 3153 et
356 3091 416 3173 poi
441 3104 462 3153 a
486 3111 551 3170 me,
577 3101 612 3153 et
636 3090 709 3154 cosi
734 3094 766 3153 el
791 3091 1015 3173 MoguntinO,
1045 3092 1111 3153 che
1135 3090 1169 3153 io
1194 3111 1264 3153 non
1289 3100 1440 3153 temesse

155 3219 225 3283 per
257 3198 376 3260 niente
405 3198 462 3259 dir
484 3208 594 3279 tutto,
626 3200 692 3262 che
716 3199 763 3261 mi
787 3220 899 3281 parea
922 3199 976 3262 far
1002 3220 1024 3261 a
1046 3198 1248 3280 proposit0,
1280 3199 1374 3279 quod
1406 3209 1442 3259 et

154 3306 228 3369 feci
251 3326 316 3387 per
340 3306 456 3368 Deum
478 3305 752 3387 imperterritus,
782 3326 883 3369 come
906 3306 941 3368 io
967 3304 1062 3369 fusse
1087 3315 1180 3368 stato
1207 3326 1228 3367 a
1252 3307 1347 3367 lezer
1370 3325 1441 3366 una

154 3413 306 3476 lettione
330 3434 351 3475 a
375 3411 454 3473 XX
478 3411 646 3476 fanciulli.
671 3414 848 3477 ancorche
872 3412 907 3478 io
931 3415 1082 3476 vedesse
1106 3412 1139 3474 lt
1164 3412 1262 3475 molti
1283 3412 1441 3493 Principi

156 3517 371 3598 Lutherani,
403 3518 428 3580 li
461 3519 557 3599 quali
588 3540 644 3582 me
673 3520 825 3583 faceano
857 3519 892 3581 di
924 3520 1037 3583 brutti
1066 3519 1132 3581 visi
1164 3530 1199 3581 et
1231 3538 1296 3600 per
1321 3519 1440 3581 avanti

155 3647 283 3709 spesso
317 3646 372 3688 me
404 3625 575 3688 habbiino
606 3625 697 3688 fatto
722 3626 930 3705 minacciar,
965 3647 1021 3688 ma
1051 3638 1147 3689 certo
1173 3646 1242 3687 non
1268 3624 1371 3687 stimo
1397 3644 1441 3686 un

156 3736 243 3816 pelo
266 3734 374 3797 morir
397 3754 462 3815 per
487 3735 521 3795 la
544 3732 627 3795 fede
652 3744 688 3796 et
711 3754 777 3815 per
800 3734 824 3795 li
849 3733 930 3797 miei
949 3732 1100 3815 patroni.
1136 3732 1357 3795 Wormatiae
1375 3742 1441 3795 etc.

694 3912 776 3924 W·
786 3916 791 3923 ι
798 3916 803 3923 ι
809 3914 830 3923 Δι’
837 3913 899 3923 ’,νινε

776 4144 829 4209 23.

556 4252 735 4330 Aleander
761 4251 895 4333 loanni
922 4252 1040 4333 dolio.

391 4378 444 4449 (Ex
461 4380 573 4438 minute
591 4380 688 4451 orlclu
706 4381 736 4439 lu
754 4380 811 4441 cod
829 4381 903 4440 aut.
921 4381 1012 4442 Vello-
1032 4382 1098 4442 tut
1117 4382 1161 4443 iol.
1180 4383 1216 4455 ³.)

668 4482 724 4546 (16.
742 4484 821 4537 Febr.
844 4486 931 4549 1521.)

268 4588 486 4651 Reverende
511 4598 546 4651 et
570 4588 773 4653 doctissime
798 4591 852 4654 vir
877 4592 985 4657 salve.
1024 4592 1150 4674 Neque
1174 4593 1260 4656 istas
1283 4613 1372 4674 quas
1396 4595 1441 4659 ad

158 4716 218 4759 me
250 4694 351 4758 binas
382 4694 523 4758 dedisse
555 4695 680 4759 scribis
712 4696 849 4761 litteras
880 4698 1021 4781 accepi,
1053 4698 1230 4762 tabellarii
1262 4701 1313 4780 (ut
1342 4700 1441 4781 puto)

159 4804 280 4885 culpa:
305 4822 421 4884 neque
444 4802 599 4865 vicissim
623 4822 693 4885 ego
718 4805 764 4867 ad
787 4806 839 4869 Te
863 4806 953 4869 ullas
978 4805 1060 4868 dedi
1084 4806 1262 4869 tabellarii
1286 4802 1440 4870 defectu.

159 4908 312 4972 Potuisti
329 4920 447 4972 tamen
466 4909 601 4991 aliquid
626 4911 670 4973 de
695 4895 798 4974 nobis
818 4913 921 4994 scire,
937 4915 994 4976 vel
1013 4914 1159 4995 vulgata
1174 4913 1330 4976 incendii
1346 4913 1442 4981 fama
