3425 5700
636 578 884 639 semme-0

135 747 152 789 o
172 726 290 809 piacer
312 728 440 791 alcuno
465 748 503 791 se
521 749 592 792 non
609 750 707 792 esser
723 730 891 793 continuo
907 730 1044 791 intento
1061 725 1096 790 in
1118 724 1194 790 suoi
1219 726 1401 810 conseglii,

134 836 190 897 che
213 836 230 898 ὲ
254 856 325 897 una
350 857 434 899 cosa
457 836 677 901 incredibile.
723 838 770 899 Di
794 858 857 900 sue
882 836 973 899 virtu
1004 844 1040 898 et
1063 844 1225 916 resposte
1251 836 1401 917 pruden-

133 940 254 1004 tissime
277 944 437 1006 horamai
461 965 505 1006 ne
530 945 646 1026 potrei
670 944 788 1026 implir
817 964 864 1005 un
888 964 979 1025 gran
1003 943 1114 1021 libro,
1146 952 1183 1005 et
1206 962 1311 1024 spero
1337 944 1401 1005 che

136 1050 249 1111 alcuna
272 1052 370 1112 volta
394 1072 439 1113 ne
463 1050 612 1114 referiri>
642 1074 663 1113 a
686 1054 815 1130 bocca,
848 1060 884 1112 et
915 1071 952 1113 se
985 1070 1054 1112 non
1091 1049 1171 1111 sara
1204 1050 1353 1112 molesto
1382 1072 1403 1111 a

137 1154 256 1218 Vostra
280 1154 449 1238 Signoria
473 1158 791 1222 Reverendissima
813 1158 894 1220 udir
916 1160 950 1220 le
974 1156 1066 1219 virtu
1091 1156 1123 1218 d'
1146 1156 1224 1219 altri
1250 1158 1402 1219 essendo

137 1282 205 1325 essa
226 1262 492 1328 virtuosissima.

212 1370 345 1433 Mando
369 1373 430 1434 doi
455 1374 652 1454 exemplari
677 1374 772 1436 della
796 1392 947 1435 censura
971 1372 1006 1434 di
1032 1371 1134 1433 Paris
1143 1420 1152 1451 ‚
1184 1372 1207 1434 li
1237 1373 1332 1453 quali
1356 1374 1402 1435 ho

137 1476 215 1539 fatto
247 1482 303 1561 qui
329 1478 509 1561 imprimet
533 1501 599 1561 per
622 1501 711 1561 gran
735 1480 913 1543 rechiesta
938 1480 973 1541 di
998 1478 1163 1541 Alemani
1193 1488 1228 1541 et
1257 1480 1291 1541 in
1317 1500 1403 1541 vero

137 1583 463 1664 eprudentemente
487 1588 578 1650 fatte
601 1590 650 1650 tal
676 1608 841 1657 censura;
866 1608 936 1649 uno
950 1588 1038 1648 'solo
1062 1587 1180 1648 hanno
1196 1585 1287 1647 fatto
1311 1588 1403 1649 male

138 1692 194 1752 che
216 1693 258 1753 de
282 1693 434 1773 primatu
455 1694 640 1756 Pontificis
665 1715 733 1756 non
759 1696 880 1756 hanno
904 1692 994 1755 fatto
1017 1692 1174 1755 mention
1199 1694 1339 1773 alcuna,
1369 1693 1403 1755 la

139 1799 210 1875 qual
231 1819 313 1862 cosa
337 1798 431 1885 (meo
454 1802 598 1864 minimo
624 1801 768 1883 judicio)
802 1802 820 1863 ὲ
853 1800 914 1882 piu
943 1799 1049 1862 facile
1081 1821 1099 1863 a
1130 1806 1262 1881 p'rovar
1285 1820 1331 1863 ex
1355 1800 1403 1863 di-

140 1903 219 1967 vinis
240 1906 378 1988 litteris,
403 1910 469 1970 che
493 1911 602 1971 molte
626 1910 715 1971 altre
740 1929 824 1972 cose
848 1910 915 1970 che
938 1928 1026 1970 sono
1043 1908 1078 1969 in
1096 1909 1129 1970 la
1146 1908 1268 1970 chiesa
1282 1918 1403 1970 tenute

141 2012 331 2076 certissime.
379 2015 530 2078 intendo
555 2016 670 2078 cheli
695 2015 850 2078 Parisini
876 2015 1004 2076 dicono
1029 2015 1140 2076 haver
1167 2025 1404 2096 pretermesso

141 2130 250 2196 questo
273 2131 402 2202 pontu,
431 2142 476 2184 ne
501 2123 684 2185 videretur
710 2122 746 2185 in
779 2122 932 2204 gratiam
962 2120 1160 2201 pontificis,
1193 2131 1254 2183 aut
1287 2126 1332 2184 ab
1362 2142 1404 2184 eo

142 2228 307 2289 subornati
332 2229 369 2289 id
394 2228 535 2311 fecisse,
561 2239 597 2293 et
612 2232 723 2311 perho
740 2230 776 2292 la
794 2232 871 2292 loro
889 2248 1039 2291 censura
1055 2230 1206 2291 sarebbe
1230 2238 1404 2311 suspetta:

142 2329 174 2392 lo
194 2337 378 2398 tuttavolta
403 2358 458 2399 me
483 2338 633 2400 dubbito
659 2340 725 2400 che
748 2339 869 2399 hanno
894 2338 1027 2399 lassato
1051 2356 1116 2417 per
1140 2338 1174 2398 la
1189 2356 1296 2398 causa
1319 2336 1405 2398 anti-

143 2456 200 2517 qua
222 2442 314 2505 della
337 2446 460 2505 schola
485 2444 649 2506 Parisina
673 2465 780 2525 super
797 2444 970 2506 Pontifice
987 2453 1022 2505 et
1039 2443 1207 2506 concilio:
1234 2444 1405 2525 quidquid

142 2544 188 2624 sit,
209 2568 319 2629 spero,
345 2554 525 2631 passando
551 2572 617 2633 per
636 2552 774 2614 Franza
797 2555 890 2633 (nam
915 2570 980 2632 per
999 2549 1226 2615 Germaniam
1251 2572 1322 2613 non
1352 2561 1405 2612 est
1509 2546 1511 2551 ’

143 2657 252 2734 tutum)
274 2665 402 2718 trattar
437 2659 564 2721 alcuna
598 2680 681 2721 cosa
710 2679 788 2720 cum
823 2657 914 2720 detti
946 2658 1088 2719 Dottori
1120 2656 1273 2720 Parisini
1307 2657 1405 2720 accio

144 2758 198 2819 che
218 2781 323 2824 ancor
346 2764 424 2825 loro
449 2764 629 2845 seguitino
654 2765 677 2826 l'
696 2765 819 2827 ordine
844 2766 938 2827 delle
963 2766 1052 2827 altre
1076 2766 1209 2844 schole,
1234 2774 1322 2826 etse
1346 2786 1405 2847 po-

144 2867 207 2946 tro,
228 2871 290 2932 che
314 2891 359 2933 ne
383 2871 500 2934 facino
526 2894 571 2935 un
599 2874 689 2935 altro
714 2883 882 2954 trattat0‚
905 2871 1037 2953 perche
1063 2892 1150 2934 sono
1175 2871 1234 2952 qui
1260 2872 1294 2934 in
1320 2871 1405 2935 Ger·

144 2975 244 3038 mania
270 2978 305 3040 di
333 2999 425 3060 gran
456 3000 561 3042 nome
594 3000 766 3061 appresso
797 2980 897 3062 tutti,
929 2999 1039 3042 ancor
1072 2979 1185 3041 cheli
1210 2979 1405 3041 Lutherani

145 3080 237 3160 dopoi
260 3085 343 3148 data
366 3086 469 3148 fuora
494 3096 621 3168 questa
645 3107 796 3150 censura
820 3108 858 3148 se
882 3108 927 3150 ne
951 3086 1133 3149 bertizano
1158 3107 1237 3167 ore,
1263 3097 1298 3148 et
1323 3087 1405 3164 risu,

144 3189 199 3246 sed
230 3194 333 3254 corde
362 3193 648 3275 disrumpuntur,
681 3203 717 3256 et
744 3203 844 3257 tanto
883 3195 942 3274 piu
978 3194 1109 3274 perche
1146 3193 1256 3255 Luter
1286 3194 1406 3255 avanti

145 3291 229 3357 detta
250 3318 397 3362 censura
420 3303 580 3380 protesto
605 3300 665 3381 piu
690 3299 774 3363 flate
799 3303 899 3363 voler
923 3310 995 3362 star
1019 3300 1077 3362 del
1105 3309 1196 3361 tutto
1221 3301 1254 3361 al
1275 3300 1405 3362 iudicio

144 3398 176 3458 di
199 3407 303 3481 quella
327 3407 533 3471 universita.
581 3409 612 3470 A
640 3409 771 3470 Vostra
795 3406 966 3488 Signoria
996 3407 1314 3469 Reverendissima
1345 3409 1403 3469 hu·

144 3507 303 3575 milmente
327 3515 415 3576 baso
440 3515 473 3574 le
497 3515 592 3577 mani
616 3525 671 3576 etc
696 3525 762 3576 etc.

740 3988 793 4052 76.

166 4096 293 4182 Modica
318 4104 491 4185 memoria
518 4127 581 4205 pro
600 4105 685 4186 Duo.
707 4105 885 4185 nicandro
915 4105 1159 4185 commissario
1178 4105 1379 4206 Apostolico

591 4240 630 4318 in
658 4238 754 4319 facto
779 4239 937 4319 Inthcri.

541 4387 642 4456 (Acta
665 4385 829 4444 wormac
852 4385 909 4444 tol
928 4385 997 4456 126.)

201 4526 377 4611 Glapionis
402 4555 423 4596 a
447 4533 673 4596 confessione
698 4531 843 4595 Caesari
868 4531 1051 4594 consilium
1077 4535 1347 4614 autographum.

225 4669 266 4731 In
286 4675 401 4755 primis
426 4677 513 4738 licet
535 4675 586 4739 ita
610 4674 655 4738 sit
679 4675 774 4755 quod
798 4674 967 4736 mandata
997 4675 1160 4756 rigorosa
1192 4675 1262 4737 sint
1293 4675 1404 4758 publi·

143 4788 217 4838 cata
241 4777 276 4839 in
297 4781 442 4846 diversis
465 4783 554 4846 locis
577 4781 790 4863 solepniter,
818 4801 888 4842 non
915 4790 1031 4843 tamen
1064 4783 1300 4844 observantur
1325 4804 1403 4845 con-

144 4889 237 4945 tenta
269 4884 301 4948 in
331 4889 397 4954 illis
435 4893 483 4952 ob
516 4891 694 4953 defectum
731 4888 869 4950 illorum
906 4887 965 4968 qui
1007 4888 1164 4950 ulteriori
1200 4890 1404 4952 executioni
