3425 5700
652 557 801 614 *43425
840 551 899 610 [5⁴

136 707 166 770 si
191 707 212 770 ὲ
236 720 348 789 punto
373 706 527 770 alienata
551 707 611 769 dal
635 705 756 768 debito
781 715 816 768 31
839 703 959 767 officio
985 725 1048 767 suo
1082 707 1125 768 ne
1158 707 1204 768 da
1235 708 1271 769 la
1302 707 1417 790 prima

135 813 293 878 amicitia
316 815 361 877 de
385 817 421 877 la
445 812 599 877 Cesarea
620 812 769 876 Maesta.
817 811 862 876 Li·
881 811 1045 893 populari
1061 814 1210 894 slegano
1234 814 1269 876 13
1292 815 1416 896 lingua

135 931 172 985 et
196 941 334 1002 aprono
358 923 393 984 la
416 922 555 983 boccha
579 928 711 1001 quanto
735 918 795 1000 piu
819 937 942 999 ponno
966 928 1090 982 contra
1113 918 1245 982 Nostro
1261 919 1416 1003 Signore

135 1038 173 1092 31
199 1037 291 1092 tutta
314 1030 349 1091 13
372 1037 486 1102 33113,
519 1037 555 1092 31
584 1027 702 1109 pargli
736 1047 802 1090 con
833 1046 925 1108 gran
953 1026 1098 1108 segurta
1126 1029 1258 1090 havere
1293 1038 1417 1110 aperta

133 1137 168 1199 la
184 1136 244 1199 via
264 1135 300 1197 di
321 1134 494 1198 vomitare
518 1135 543 1198 il
566 1142 728 1197 concetto
753 1136 829 1196 loro
853 1153 994 1196 veneno
1020 1144 1054 1195 31
1078 1134 1363 1198 massimamente
1392 1137 1417 1198 li

136 1241 331 1306 Lutherani
355 1253 391 1305 et
415 1244 492 1305 loro
516 1240 657 1320 fautori,
682 1239 705 1302 li
730 1239 825 1321 quali
844 1242 934 1303 hora
950 1260 1115 1322 speram,
1132 1243 1247 1304 chela
1263 1242 1417 1324 pessima

138 1352 216 1413 loro
252 1349 448 1413 intentione
478 1349 597 1410 debba
627 1367 842 1430 prosperare
872 1349 1152 1429 persoadendosi
1189 1351 1254 1412 cho
1288 1349 1418 1412 Cesare

137 1467 172 1520 et
196 1457 221 1518 11
246 1455 413 1538 Principe
437 1457 603 1519 debbano
633 1475 751 1518 essere
781 1455 925 1537 capitali
948 1454 1077 1520 nemici
1101 1457 1146 1518 de
1171 1454 1243 1517 Sua
1268 1454 1419 1532 Santiti,

136 1563 160 1626 il
185 1566 253 1628 che
276 1583 382 1645 spero
408 1583 477 1625 non
502 1582 610 1644 possa
635 1574 753 1626 essere
777 1561 813 1625 in
838 1565 940 1625 alcun
966 1564 1071 1625 modo
1133 1610 1418 1628 ......

227 1776 284 1839 Ne
308 1778 342 1838 13
366 1796 450 1839 3353
474 1776 509 1838 (11
534 1776 682 1839 Boemia
706 1796 745 1839 se
769 1776 797 1838 si
821 1775 1020 1858 procederssa
1049 1779 1106 1840 1131
1139 1777 1330 1859 maneggio
1358 1780 1417 1840 ha-

137 1884 225 1946 1313
251 1882 535 1946 consideratione
559 1893 737 1965 equanto
762 1903 826 1964 per
850 1883 872 1944 l’
884 1883 1006 1946 ultima
1034 1884 1071 1945 di
1096 1884 1227 1946 Vostra
1252 1882 1419 1964 Signoria

135 1991 182 2053 mi
209 1991 230 2054 3
254 1989 376 2056 5311113
402 1989 493 2054 (1311
530 1989 612 2052 beni
645 1989 894 2071 ecclesiastici,
931 2003 966 2053 et
996 2011 1061 2071 per
1095 1993 1129 2053 13
1160 1991 1251 2053 31113
1283 1990 1352 2053 mie
1384 1992 1419 2052 13

136 2096 287 2178 vedere,
312 2099 379 2159 che
412 2095 470 2179 gia
503 2097 531 2158 si
556 2117 618 2159 era
641 2107 793 2178 pensato
817 2119 838 2160 a
862 2108 999 2179 questo.
1026 2107 1061 2160 et
1084 2097 1117 2160 in
1144 2098 1234 2161 fatto
1259 2118 1418 2160 occorre-

135 2225 251 2268 ranno
275 2203 374 2267 molti
397 2203 518 2285 partiti
543 2213 579 2266 31
602 2225 640 2266 53
671 2202 870 2267 firmaremo
899 2207 954 2267 sul
984 2208 1135 2268 mancho
1164 2208 1255 2268 male
1290 2215 1326 2267 et
1353 2225 1419 2287 pro

135 2311 296 2393 presenti
322 2324 357 2373 et
379 2332 447 2392 pro
470 2309 589 2372 futuro
613 2312 786 2373 salvando
815 2333 956 2393 sempre
986 2313 1021 2373 la
1050 2311 1203 2374 autorita
1235 2311 1270 2374 di
1294 2321 1420 2392 questa

137 2416 253 2481 Santa
269 2415 364 2480 Sede
381 2419 415 2480 la
432 2417 559 2480 1133113
575 2427 610 2480 31
625 2417 800 2479 commodi
829 2418 1060 2481 ecclesiastici
1084 2418 1144 2501 311(
1169 2420 1234 2480 3113
1259 2419 1287 2480 51
1303 2417 1418 2500 33113.

229 2523 298 2604 Qui
322 2543 409 2586 sono
434 2536 488 2586 tre
513 2525 558 2586 (13
583 2524 607 2586 11
631 2524 805 2588 marchesi
831 2524 867 2586 di
892 2527 1147 2606 Brandeburg,
1176 2525 1200 2586 11
1232 2525 1420 2588 Μ3133353

137 2629 316 2712 Georgi0,
351 2631 375 2692 il
409 2630 567 2693 Maestro
592 2631 628 2693 di
654 2631 797 2694 Prussia
822 2641 858 2693 et
881 2631 905 2693 il
929 2631 988 2712 313
1014 2630 1168 2712 giovane
1192 2632 1226 2692 di
1251 2633 1328 2693 loro
1353 2634 1418 2694 che

138 2737 158 2799 3
183 2736 244 2818 qui
268 2736 553 2801 continuamente
577 2759 645 2801 con
670 2740 704 2801 la
729 2739 842 2812 reina;
868 2749 903 2800 et
928 2740 985 2800 (131
1003 2737 1100 2800 Gran
1118 2738 1276 2801 Maestro
1300 2738 1419 2800 scrissi

138 2865 205 2927 per
229 2844 250 2908 l'
268 2846 357 2908 altre
381 2866 481 2908 come
506 2848 563 2927 qui
590 2845 618 2909 si
643 2856 744 2909 stava
768 2845 802 2908 in
829 2847 990 2908 consulta
1021 2866 1129 2927 sopra
1161 2846 1193 2907 le
1226 2866 1309 2908 cose
1338 2866 1419 2915 soe:

142 2951 178 3013 di
203 2954 268 3015 che
292 2954 444 3015 sarebbe
476 2953 585 3015 molto
609 2955 718 3035 longo
743 2952 767 3015 il
798 2951 995 3026 scriverne;
1024 2952 1266 3015 ultimamente
1298 2953 1326 3014 si
1359 2974 1420 3016 era

141 3058 264 3121 risolto
289 3061 389 3123 voler
412 3070 546 3141 quanto
570 3061 605 3121 13
630 3060 761 3122 vedera
785 3081 850 3142 per
874 3081 944 3122 una
967 3060 1072 3141 copia
1097 3059 1228 3121 datami
1260 3061 1306 3121 da
1337 3058 1418 3122 essi.

140 3166 186 3227 Et
209 3175 342 3247 quanto
365 3166 423 3229 all'
449 3166 570 3229 ultima
593 3176 695 3247 parte
720 3169 785 3229 che
810 3169 935 3230 toccha
960 3188 982 3229 a
1004 3188 1079 3247 me,
1111 3166 1146 3229 io
1170 3167 1220 3248 gli
1245 3166 1374 3247 risposi
1399 3187 1420 3228 a

139 3274 277 3336 boccha
300 3272 531 3336 incontinenti
556 3274 621 3335 che
646 3294 717 3335 non
742 3274 787 3337 mi
803 3293 939 3355 pareva
956 3274 1191 3336 conveniente
1211 3277 1285 3336 1313
1300 3273 1419 3354 quello

138 3379 196 3442 chi
220 3379 266 3442 mi
290 3380 555 3462 ricerchavano,
580 3380 712 3462 perche
736 3382 782 3443 ho
807 3380 1034 3444 commisione
1059 3383 1105 3442 da
1133 3378 1169 3444 S.
1200 3378 1252 3443 St*
1277 3384 1347 3442 ben
1372 3380 1418 3440 de

139 3487 368 3568 interponere
391 3496 514 3568 partes
537 3508 634 3551 meas
658 3490 704 3551 ad
728 3487 813 3570 ogni
837 3488 1029 3551 concordia
1062 3499 1097 3550 et
1121 3508 1210 3569 pace
1243 3509 1263 3549 o
1298 3506 1418 3569 proro-

141 3592 286 3675 gatione
311 3593 346 3655 di
371 3603 496 3675 tregue
522 3604 557 3656 et
581 3614 844 3676 compromesso
869 3606 924 3657 tra
948 3598 1039 3675 1313,
1071 3616 1126 3657 ma
1158 3597 1224 3657 che
1255 3614 1324 3656 non
1358 3614 1417 3656 vo·

140 3701 247 3763 leudo
271 3701 305 3761 13
329 3699 391 3761 Μιὰ
417 3701 462 3762 (13
487 3700 637 3763 Ρ313313
662 3702 861 3765 consentire
889 3702 935 3763 113
963 3724 984 3763 3
1008 3717 1098 3782 3333
1129 3703 1172 3763 ne
1204 3724 1225 3763 a
1249 3720 1417 3782 proroga·

141 3806 239 3870 tione
264 3816 300 3869 et
325 3818 451 3889 tregue
475 3828 544 3870 non
571 3828 633 3871 313
656 3810 817 3891 honesto,
843 3809 886 3871 ne
911 3820 1043 3889 potevo
1068 3808 1254 3870 fulminare
1280 3808 1313 3869 le
1341 3828 1419 3869 cen-

140 3934 233 3992 sure,
257 3914 533 3995 soggiungendo
557 3916 623 3978 che
647 3916 681 3978 in
708 3916 907 3997 qualunche
932 3918 1037 3978 modo
1062 3916 1244 3979 venissero
1268 3915 1338 3976 3113
1364 3934 1417 3975 33-

140 4020 260 4098 cordo,
284 4021 350 4083 che
373 4042 438 4103 per
462 4022 712 4085 observatione
737 4022 772 4085 di
798 4024 896 4085 detto
918 4022 1072 4084 accordo
1097 4042 1164 4083 con
1189 4030 1356 4084 contento
1381 4021 1418 4083 di

140 4127 161 4189 1’
179 4147 250 4190 una
273 4143 375 4207 parte
400 4138 436 4191 et
458 4128 478 4190 l’
496 4129 585 4190 altre
610 4128 639 4191 si
663 4132 892 4210 potrebbono
916 4132 985 4191 ben
1012 4128 1174 4191 mettervi
1198 4130 1232 4190 13
1255 4148 1348 4209 pene
1374 4128 1418 4189 de

140 4234 173 4296 le
198 4252 348 4297 censure
373 4244 408 4297 et
431 4236 497 4297 che
520 4234 555 4297 io
579 4244 704 4316 questo
736 4234 835 4301 farei.
891 4236 942 4298 La
976 4234 1040 4298 Mt*
1072 4236 1129 4297 del
1160 4254 1198 4298 re
1216 4234 1264 4296 'in
1297 4233 1419 4297 scritto

140 4340 190 4423 gli
226 4341 273 4403 ha
305 4350 467 4423 resposto
504 4361 604 4403 come
639 4343 674 4403 la
703 4342 835 4406 vedere
871 4363 936 4424 per
966 4344 1000 4404 la
1029 4341 1133 4425 copia
1163 4342 1198 4403 di
1228 4346 1327 4405 detta
1349 4362 1417 4404 res-

140 4456 255 4530 posta.
273 4496 280 4511 .
298 4495 332 4511 ..

228 4554 362 4618 Mando
386 4576 407 4618 a
431 4554 474 4620 V.
501 4553 535 4618 S.
569 4577 637 4618 una
661 4556 780 4619 littera
809 4558 868 4618 del
892 4566 1045 4618 maestro
1070 4555 1105 4616 di
1131 4553 1275 4618 Prussia
1297 4554 1332 4616 in
1357 4554 1417 4618 ris·

139 4672 245 4745 posta
269 4664 314 4725 de
338 4664 372 4725 la
396 4662 481 4745 mia,
507 4664 572 4725 che
608 4662 632 4726 li
664 4662 701 4725 fu
732 4665 817 4725 data
853 4664 995 4744 quando
1026 4662 1144 4725 arrivo
1173 4662 1250 4744 qui,
1286 4681 1352 4723 con
1385 4664 1419 4724 la

141 4770 247 4852 quale
272 4771 385 4833 anche
409 4769 460 4851 gli
483 4768 553 4832 feci
578 4770 663 4832 dare
699 4771 733 4831 la
764 4769 869 4852 copia
892 4770 951 4832 del
974 4773 1085 4832 breve
1115 4790 1160 4832 ne
1194 4771 1228 4832 la
1260 4788 1345 4831 cosa
1374 4770 1419 4831 de

140 4879 175 4939 13
190 4875 372 4959 Episcopo
387 4876 607 4958 Sambiense,
625 4895 670 4938 ne
687 4876 722 4938 la
737 4878 841 4958 quale
867 4898 887 4940 a
907 4876 982 4940 dire
1007 4876 1032 4939 il
1046 4898 1133 4940 vero
1156 4879 1203 4939 ho
1227 4896 1319 4959 poca
1342 4896 1418 4958 spe·
