3425 5700
806 538 1053 597 ettam&

290 702 359 745 non
384 703 581 764 possumus.
630 686 744 767 Quum
769 698 886 751 autem
911 690 956 752 de
970 688 1179 752 Venerabili
1197 685 1345 752 fratrum
1369 698 1567 752 nostrorum

288 786 444 854 Sanctae
477 792 665 857 Romanae
704 794 887 858 Ecclesiae
927 794 1166 859 Cardinalium
1205 796 1353 861 consilio
1394 796 1569 860 Nuncium

288 897 535 978 Apostolicum
566 920 637 962 non
662 901 775 963 minus
799 904 845 964 ad
869 911 980 965 totam
1003 894 1106 967 istam
1123 904 1303 993 nationem
1327 904 1431 967 nobis
1452 906 1569 983 valde,

288 1024 330 1067 ac
354 1025 495 1088 semper
520 1006 701 1087 dilectam,
732 1028 837 1090 quam
871 1008 917 1071 ad
941 1009 1045 1071 istum
1070 1010 1330 1074 ornatissimum
1354 1018 1568 1074 conventum

288 1111 425 1174 missuri
448 1114 674 1195 propediem,
708 1115 848 1179 interim
881 1117 1050 1180 dilectum
1079 1115 1189 1180 filium
1214 1117 1471 1201 Hieronymum
1496 1118 1569 1181 Ro·

287 1219 417 1282 rarium
441 1220 661 1301 familiarem,
686 1230 721 1285 et
746 1220 987 1286 Camerarium
1010 1234 1168 1287 nostrum
1183 1224 1272 1287 istuc
1287 1225 1476 1305 mittamus,
1500 1225 1565 1288 ius·

287 1326 505 1408 serimusque
530 1347 609 1391 eum
633 1328 732 1391 adire
756 1338 864 1411 atque
879 1330 1013 1412 alloqui
1029 1329 1289 1395 fraternitatem
1306 1342 1412 1411 tuam,
1438 1332 1569 1395 eteius

286 1432 442 1496 consiliis
464 1432 581 1515 inniti,
606 1445 746 1517 gratum
778 1435 882 1499 nobis
916 1436 977 1499 illa
1011 1436 1134 1518 faciet,
1170 1437 1201 1500 si
1233 1456 1332 1501 suam
1367 1438 1402 1500 in
1436 1435 1570 1501 Sedem

287 1539 532 1621 Apostolicam
555 1541 744 1624 pietatem,
778 1563 820 1607 ac
847 1542 1034 1625 pristinam
1067 1563 1156 1626 erga
1184 1564 1250 1607 nos
1278 1544 1570 1609 benevolentiam

287 1647 353 1708 hac
377 1667 519 1729 quoque
542 1646 578 1711 in
593 1668 632 1711 re
649 1650 855 1731 ostenderit,
872 1650 987 1732 ipsum
1003 1649 1271 1734 Hieronymum,
1295 1650 1412 1733 siquid
1429 1653 1474 1714 ad
1492 1652 1569 1715 Nos

287 1762 455 1834 spectans
480 1754 660 1833 acciderit,
684 1756 840 1838 benigne
852 1755 1011 1820 fovendo
1027 1765 1062 1821 et
1078 1757 1136 1840 pie
1151 1750 1350 1840 dirigendo,
1391 1757 1567 1839 Quemad-

286 1861 427 1923 modum
451 1860 528 1943 ipse
553 1861 713 1943 pluribus
736 1865 825 1927 haec
849 1864 971 1928 verbis
995 1865 1090 1928 dicet
1113 1885 1221 1948 super
1252 1864 1381 1946 quibus
1413 1865 1446 1928 ei
1470 1866 1568 1947 cupi·

286 1988 361 2030 mus
385 1967 491 2031 fidem
516 1988 582 2050 per
604 1968 865 2033 fraternitatem
889 1980 984 2034 tuam
1009 1970 1183 2037 adhiberi.

374 2093 455 2156 Dat.
480 2093 621 2157 Romae
646 2069 711 2159 etc.
737 2092 882 2159 XXIV.
905 2096 1116 2160 Decembris
1145 2116 1239 2176 15²3·
1286 2097 1393 2160 Anno
1416 2096 1545 2185 primo.

374 2198 496 2263 Simile
521 2200 804 2284 Archiepiscopo
829 2201 1043 2267 Coloniensi.

374 2303 496 2369 Simile
532 2304 660 2369 Comiti
696 2307 880 2390 Palatin0,
923 2321 959 2374 et
990 2308 1209 2393 Lantgravio
1245 2310 1372 2372 Assiae
1385 2356 1395 2390 ,
1430 2317 1568 2373 mutato

288 2409 396 2474 frater
419 2412 454 2474 in
479 2411 625 2479 Nobilis.

823 2588 924 2601 wvwovv·
928 2587 1029 2599 Μννννννν

888 2766 948 2830 141

596 2879 752 2964 loannes
779 2883 944 2963 Hanerus
971 2882 1144 2963 clementi
1169 2881 1249 2962 vu

720 3019 820 3095 (aput.
837 3023 997 3097 Principum
1014 3022 1052 3081 tt
1069 3021 1153 3106 1³0.)

781 3136 817 3200 (5.
836 3135 958 3201 Januarii
980 3134 1067 3203 1524.)

373 3257 603 3322 Conflictatur
645 3259 714 3322 iam
763 3280 855 3324 nunc
894 3250 1088 3323 Germania
1123 3267 1244 3321 nostra
1283 3278 1347 3322 sex
1382 3258 1572 3340 perpetuis

284 3365 386 3427 annis
410 3385 517 3447 super
541 3365 697 3446 Christo,
722 3387 829 3448 super
853 3365 1063 3449 EvangeliO,
1088 3372 1124 3428 et
1148 3373 1281 3446 quanto
1304 3363 1390 3426 facit
1413 3366 1482 3428 hoc
1507 3387 1572 3429 an-

285 3471 403 3536 nixius
428 3473 608 3536 eominus
633 3473 717 3537 mihi
742 3485 778 3538 et
801 3473 932 3538 Christi
968 3482 1004 3536 et
1034 3471 1224 3555 Evangelii
1255 3472 1389 3534 habere
1412 3469 1571 3536 videtur.

285 3579 418 3642 Caussa
443 3590 496 3643 est
521 3583 615 3661 quod
640 3601 705 3663 per
730 3581 921 3661 invidiam,
952 3590 991 3642 ut
1016 3581 1212 3662 Apostolus
1236 3579 1302 3660 ait,
1334 3588 1370 3641 et
1394 3580 1574 3643 contenti·

285 3706 387 3750 onem
411 3708 469 3750 res
494 3687 622 3770 agitur,
647 3709 717 3751 non
743 3707 827 3752 vere
861 3688 941 3751 huic
974 3689 1098 3750 morbo
1123 3707 1200 3749 curn
1230 3687 1299 3748 iam
1330 3685 1390 3749 diu
1418 3686 1574 3751 circum·

284 3794 432 3875 spicitur
474 3803 509 3856 et
546 3793 744 3858 differendo
779 3795 892 3858 crevit
933 3802 969 3857 et
1001 3795 1223 3876 quorundam
1254 3793 1338 3859 item
1368 3794 1574 3858 morosiore

285 3920 393 3982 opere
418 3901 612 3964 etiamnum
636 3902 737 3984 peius
762 3904 895 3965 habere
920 3901 1032 3983 cepit;
1064 3921 1187 3963 verum
1211 3919 1257 3963 ne
1280 3920 1338 3963 res
1360 3901 1507 3964 tandem
1533 3901 1575 3964 in

282 4006 410 4088 ingens
432 4007 645 4071 christianae
657 4009 877 4090 reipublicae
902 4007 1090 4070 discrimen
1115 4010 1233 4088 abeat,
1250 4009 1462 4069 maturanda
1485 4028 1574 4072 con·

283 4114 361 4177 silia
384 4123 471 4195 puto
493 4113 531 4176 'et
555 4134 662 4196 super
689 4123 893 4198 opportuno
914 4115 1070 4178 remedio
1088 4113 1328 4196 cogitandum,
1344 4114 1452 4196 idque
1469 4127 1574 4196 post-

283 4221 409 4303 positis
434 4221 539 4283 etiam
564 4220 708 4305 reliquis
732 4221 896 4285 omnibus
919 4231 992 4284 tum
1024 4221 1116 4284 curis
1145 4230 1219 4283 tum
1251 4220 1420 4303 negociis.
1473 4221 1578 4287 Nam

284 4347 355 4390 non
380 4337 515 4390 tantum
541 4327 734 4393 christiano
758 4328 854 4410 orbi,
885 4349 966 4392 mea
988 4329 1180 4408 sententia,
1205 4349 1251 4391 ex
1274 4328 1392 4391 Turca
1414 4327 1577 4410 periculi

284 4435 461 4513 imminet,
493 4443 664 4516 quantum
696 4454 742 4497 ex
773 4436 840 4499 hac
868 4455 940 4498 una
970 4434 1162 4518 impietatis
1190 4434 1364 4510 factione;
1388 4435 1579 4501 cantilena

284 4542 376 4604 enim
400 4543 509 4624 vulgo
536 4542 683 4623 canitur,
708 4550 875 4605 nontam
905 4562 1078 4605 novarum
1108 4561 1225 4606 rerum
1253 4561 1359 4623 quam
1387 4542 1580 4609 libertatis

285 4649 426 4731 cupido,
452 4650 696 4713 accenduntur
711 4660 746 4712 et
769 4649 970 4732 principum
991 4651 1212 4731 quorundam
1235 4647 1362 4730 studia,
1386 4649 1483 4730 quod
1507 4655 1578 4716 vel

285 4756 434 4820 nominis
448 4756 531 4820 inde
547 4756 826 4839 perpetuitatem
841 4756 1024 4820 vindicare
1047 4756 1115 4820 sibi
1139 4756 1296 4839 cupiunt,
1319 4763 1381 4818 aut
1404 4765 1505 4819 certe
1530 4777 1579 4822 se

285 4864 394 4930 ultum
424 4863 467 4926 iri
499 4863 671 4930 adversus
707 4883 769 4929 eos
801 4883 891 4950 quos
923 4862 1141 4948 implacabili
1172 4862 1255 4927 odio
1290 4847 1579 4945 prosequuntur.
