3425 5700
642 531 889 594 0534le

141 683 271 767 quando
294 699 440 766 praeter
463 686 528 748 has
559 685 645 747 nihil
676 685 872 748 desiderari
902 694 1042 767 potest,
1074 704 1153 748 cum
1186 683 1409 770 munitiones,

139 791 394 874 machinaeque,
420 801 456 856 et
480 792 647 874 quicquid
672 794 718 855 ad
742 812 817 855 rem
841 793 1005 856 bellicam
1020 794 1242 856 tractandam
1259 805 1407 876 spectat,

139 897 259 961 affatim
284 897 379 961 adsit
403 898 517 978 nobis,
542 907 577 961 et
601 899 729 980 ingens
752 899 933 982 peditatus
966 899 1180 963 Bohemicus
1210 901 1407 983 praecipue
1439 967 1441 972 ,

140 1005 385 1088 quamprimum
408 1006 561 1069 conduci
585 1006 707 1087 possit.
753 1006 853 1069 Haec
880 1015 934 1070 est
957 1027 1028 1070 una
1052 1027 1135 1089 spes
1167 1016 1202 1070 et
1234 1001 1332 1072 certa
1356 1030 1408 1072 sa-

139 1112 210 1176 lutis
232 1112 334 1175 ratio.
381 1112 538 1175 Proinde
562 1111 825 1175 Beatitudinem
849 1112 1015 1176 Vestram
1039 1134 1105 1197 pro
1129 1135 1209 1178 mea
1232 1115 1268 1178 in
1292 1117 1408 1180 Deum

141 1230 170 1281 et
190 1217 356 1282 Sanctam
382 1217 490 1282 Suam
513 1218 744 1301 Religionem
767 1218 912 1302 pietate,
939 1221 1114 1284 admoneo
1139 1233 1173 1283 et
1196 1223 1338 1304 hortor,
1372 1234 1410 1287 ut

141 1324 298 1390 deflectat
322 1326 445 1389 oculos
469 1345 552 1388 suos
576 1345 684 1408 super
719 1327 811 1388 hanc
847 1326 1042 1409 nationem,
1077 1347 1145 1410 qua
1173 1349 1244 1392 non
1275 1329 1340 1392 fuit
1364 1333 1410 1393 al·

141 1443 208 1496 tera
230 1442 269 1496 ut
293 1434 450 1516 produnt
472 1432 673 1515 hystoriae,
704 1440 740 1495 et
762 1433 893 1496 scrinia
915 1433 1103 1497 Romanae
1127 1435 1309 1500 Ecclesiae
1333 1457 1411 1519 pro-

141 1539 259 1619 ferunt,
282 1540 319 1602 in
336 1541 539 1603 orthodoxa
561 1539 632 1602 fide
657 1540 889 1615 constantior;
921 1560 1037 1622 neque
1061 1542 1252 1622 permittat,
1278 1554 1315 1606 ut
1340 1567 1410 1608 non

142 1646 209 1710 sine
234 1647 342 1711 totius
373 1647 559 1730 religionis
586 1646 760 1728 periculo,
790 1647 870 1729 ipsa
897 1655 972 1710 tota
1004 1648 1180 1728 concidat,
1213 1660 1248 1712 et
1278 1661 1412 1732 pereat.

142 1752 205 1817 Sed
221 1754 339 1836 potius
356 1757 439 1817 dum
455 1755 571 1817 adhuc
587 1754 671 1835 quid
688 1754 764 1834 spei
781 1754 953 1838 reliquum
970 1763 1032 1834 est,
1056 1775 1124 1836 ope
1142 1776 1205 1818 sua
1221 1777 1290 1820 non
1307 1759 1411 1820 desti-

142 1870 219 1942 tuat,
233 1872 269 1927 et
285 1861 420 1925 auxilio
442 1860 659 1945 pecuniario,
683 1863 781 1923 cuius
798 1881 883 1924 usus
905 1882 1008 1943 quarn
1025 1864 1070 1924 ad
1086 1863 1329 1927 reductionem
1345 1865 1412 1928 iam

142 1968 189 2031 hic
208 1967 364 2050 undique
382 1967 591 2030 insanientis
610 1968 734 2050 populi
754 1967 789 2030 in
812 1977 945 2031 rectam
958 1969 1051 2031 viam
1072 1969 1196 2031 melius
1218 1971 1328 2034 locari
1341 1993 1410 2034 non

141 2076 273 2156 poterit,
284 2086 322 2138 ut
333 2074 473 2138 firmata
485 2075 752 2156 tranquillitate,
766 2077 984 2157 reductaque
999 2075 1128 2139 unione
1141 2075 1236 2138 circa
1256 2077 1412 2141 divinum

142 2185 275 2262 cultum,
288 2202 354 2264 pro
374 2203 444 2263 quo
460 2202 529 2244 non
551 2201 640 2264 opes
660 2192 807 2263 tantum,
823 2183 886 2245 sed
906 2181 1039 2264 optimo
1055 2183 1181 2264 cuique
1200 2185 1346 2266 sanguis
1361 2194 1416 2248 est

142 2291 401 2371 expendendos,
411 2289 609 2352 videbimus
619 2289 653 2351 in
664 2288 790 2351 diebus
802 2288 932 2352 nostris
942 2290 1002 2372 qui
1012 2289 1151 2353 malicia
1164 2292 1356 2373 abundant,
1365 2292 1414 2355 in-

143 2399 273 2459 teritum
286 2405 432 2460 sanctae
448 2395 640 2476 religionis,
653 2415 718 2479 pro
735 2396 834 2457 cuius
849 2395 1067 2460 incremento
1081 2398 1179 2460 Deus
1192 2398 1324 2480 dirigat
1335 2420 1412 2462 con·

140 2504 245 2567 firmet
255 2503 651 2566 BeatitudinisVestrae
660 2511 769 2583 atque
778 2502 1263 2583 praefatorumCardinalium
1273 2527 1413 2570 suorum

141 2631 195 2674 cor
227 2620 263 2673 et
294 2609 479 2673 consilium
503 2630 607 2673 omne
642 2609 708 2686 ita,
743 2619 781 2671 ut
814 2611 957 2691 quando
988 2629 1117 2673 nocere
1142 2614 1233 2674 solet
1256 2633 1354 2676 mora
1378 2615 1412 2676 in

141 2721 256 2798 rebus,
289 2728 527 2800 opportunum
559 2715 729 2780 auxilium
760 2726 795 2777 et
828 2716 1012 2799 suppetias
1044 2716 1079 2778 in
1105 2719 1264 2799 pecuniis
1296 2739 1413 2783 consea

140 2846 301 2907 quamur,
336 2845 382 2888 ne
406 2822 566 2888 destituti
590 2844 660 2907 ope
682 2822 889 2905 redigamur
913 2824 958 2887 ad
986 2824 1237 2907 necessitates,
1267 2826 1301 2889 in
1328 2847 1415 2909 quas

139 2936 285 3014 populus
320 2933 510 2995 meditatur
546 2952 611 2995 nos
647 2933 743 2993 velut
778 2932 969 3012 compedes
994 2932 1186 3014 coniicere,
1223 2944 1257 2995 et
1282 2934 1416 2999 Sancta

139 3040 294 3103 Ecclesia
317 3041 352 3104 in
378 3043 444 3104 hac
464 3039 607 3103 natione
631 3038 784 3119 accipiat
808 3059 927 3101 casum
951 3040 1048 3102 nullo
1073 3060 1226 3121 unquam
1250 3060 1340 3104 aevo
1364 3063 1414 3105 re·

139 3149 385 3231 cuperandum.
442 3148 497 3210 De
535 3166 605 3228 quo
645 3146 908 3208 Beatitudinem
944 3146 1109 3209 Vestram
1155 3148 1415 3211 admonendam

139 3275 212 3319 esse
243 3255 385 3337 putavi,
417 3264 455 3316 ut
487 3254 516 3316 si
551 3253 648 3318 illum
679 3250 756 3315 fieri
788 3252 973 3333 contingat
1005 3252 1182 3316 destitutis
1207 3256 1324 3336 nobis,
1357 3258 1415 3338 qui

139 3382 256 3425 omnes
286 3363 402 3425 adhuc
433 3361 480 3423 ad
508 3359 694 3442 pristinum
717 3358 901 3440 religionis
932 3360 1063 3421 cultum
1087 3361 1414 3443 redintegrandum,

140 3468 296 3548 pessimis
320 3468 501 3532 erroribus
525 3476 631 3549 atque
656 3465 864 3547 improbatis
889 3464 1046 3529 moribus
1069 3466 1231 3548 refectis,
1263 3470 1414 3551 suspira-

141 3595 212 3638 mus
227 3576 407 3658 precipue,
432 3584 607 3657 quatenus
627 3593 705 3635 mea
728 3572 864 3635 referre
880 3581 1009 3655 potest,
1034 3575 1129 3655 apud
1146 3576 1296 3639 eandem
1311 3587 1416 3640 testa·

141 3693 210 3747 tum
232 3683 448 3767 reliquerim,
485 3702 541 3744 me
577 3680 628 3768 ad
661 3679 746 3741 nihil
783 3699 903 3742 eorum
940 3699 1031 3761 quae
1064 3691 1229 3745 secutura
1259 3694 1340 3748 sunt
1370 3706 1416 3749 ex

141 3793 337 3875 proposito,
373 3790 437 3853 sed
460 3789 540 3870 ipsa
564 3807 661 3850 mera
694 3786 907 3849 necessitate
941 3786 1129 3869 impulsum
1164 3788 1293 3870 fuisse,
1327 3791 1417 3855 sicut

142 3897 329 3964 Beatitudo
344 3898 473 3960 Vestra
496 3895 602 3959 latius
625 3903 829 3975 cognoscet,
854 3914 901 3955 ex
924 3892 1098 3957 relatione
1123 3894 1288 3959 Caesarei
1313 3898 1417 3963 isthic

144 4004 316 4087 Oratoris,
340 4016 377 4069 et
399 4004 468 4068 mei
492 4000 682 4065 consiliarii
707 4000 804 4063 Petri
828 4001 872 4063 de
898 3998 1126 4083 Salamanca,
1152 4024 1240 4085 quos
1265 4026 1330 4088 pro
1354 4030 1418 4072 sua

146 4112 323 4177 clementia
346 4110 553 4194 dignabitur
577 4119 612 4173 et
635 4108 792 4187 benigne
817 4108 940 4171 audire
965 4119 1000 4171 et
1016 4109 1183 4191 quicquid
1206 4113 1416 4196 decreverit,

146 4220 393 4302 quamprimum
416 4218 485 4282 sibi
509 4216 622 4280 visum
638 4215 755 4294 fuerit,
780 4213 864 4277 mihi
888 4214 1105 4296 significare;
1131 4218 1187 4281 cui
1211 4240 1417 4301 persuasum

145 4345 218 4389 esse
244 4330 368 4408 velim,
404 4328 433 4390 si
457 4337 510 4389 tot
535 4321 721 4404 Principes
751 4330 922 4403 vexatos,
956 4331 1010 4385 tot
1045 4323 1194 4388 Nobiles
1225 4346 1417 4408 oppressos

146 4435 400 4518 exhaustasque
415 4432 656 4516 Respublicas
677 4428 889 4509 neglexerit,
913 4430 1008 4493 haud
1033 4431 1143 4495 multo
1159 4442 1241 4514 post
1256 4445 1416 4517 tempore

146 4538 290 4606 visuram
314 4545 452 4625 lapsum
482 4538 591 4603 totius
624 4536 676 4600 rei
709 4535 981 4600 Ecclesiasticae
1014 4537 1050 4599 in
1077 4539 1145 4602 hac
1178 4539 1348 4622 Natione,
1383 4552 1418 4605 et

146 4649 335 4724 proximum
376 4644 543 4732 quodque
578 4663 728 4728 regnum
763 4651 965 4705 secuturum
1001 4655 1073 4724 est,
1121 4654 1159 4708 ut
1198 4646 1274 4710 fieri
1315 4650 1416 4713 solet.

148 4748 233 4818 Nam
254 4780 319 4822 non
346 4759 436 4823 adeo
460 4764 542 4819 sunt
565 4749 688 4816 infecti
712 4748 903 4831 optimates
936 4770 1015 4813 cum
1039 4750 1286 4835 Principibus;
1318 4767 1356 4817 ut
1388 4756 1416 4818 si

151 4857 215 4925 illis
235 4868 418 4931 accesserit
441 4865 622 4943 auxilium,
646 4859 729 4942 quin
753 4856 823 4920 sint
839 4867 1035 4920 extremum
1053 4858 1210 4921 laborem
1231 4862 1416 4939 tentaturi;
