3425 5700
684 582 742 638 0·{3
784 582 931 642 163&

166 737 261 808 nat0,
287 737 323 790 et
346 748 384 790 se
409 730 479 790 ben
504 729 631 791 alcuna
655 728 753 790 volta
776 726 824 790 lui
849 728 1059 790 commanda
1078 738 1114 790 et
1138 728 1216 792 dice
1241 729 1346 792 etiam
1370 750 1449 792 cum

165 834 283 896 animo
301 834 439 896 adirato
455 836 556 897 voler
573 836 638 897 che
663 834 692 898 si
715 834 830 896 faccia
845 836 973 896 alcuna
988 854 1072 897 cosa
1086 856 1186 898 come
1201 837 1447 917 demandam,

165 949 258 1004 tutta
281 941 365 1005 fiata
389 942 477 1004 nihil
500 941 540 1004 fit
563 951 599 1006 et
623 961 693 1004 non
718 942 747 1004 si
770 945 831 1022 pol
865 940 920 1004 far
950 942 1062 1022 altro,
1098 943 1231 1024 perche
1261 945 1294 1004 el
1325 952 1448 1005 nostro

165 1049 233 1128 dir,
258 1050 429 1128 admonh,
453 1069 593 1132 pregar²
620 1050 804 1128 lamentar,
828 1048 995 1130 increpat
1018 1069 1091 1112 non
1114 1069 1153 1112 se
1176 1069 1348 1130 moven0‚
1381 1050 1448 1112 che

165 1155 184 1217 ὲ
208 1176 279 1218 una
303 1177 387 1219 cosa
410 1157 479 1219 fori
504 1159 549 1219 de
573 1156 659 1238 ogni
678 1156 947 1237 predicamento
969 1157 1005 1219 di
1025 1176 1141 1236 rason,
1166 1165 1203 1218 et
1226 1157 1322 1238 quod
1345 1155 1447 1237 peius

165 1271 221 1324 est
243 1264 405 1346 besogna
429 1265 493 1326 che
517 1283 555 1325 se
580 1263 799 1326 remettiamo
825 1266 917 1326 nelle
940 1262 1104 1326 menide
1128 1262 1183 1326 chi
1198 1263 1349 1326 vedemo
1376 1283 1447 1325 non

165 1389 246 1432 arar
271 1371 408 1449 dretto‚
444 1371 487 1433 ne
512 1370 530 1433 ὲ
556 1371 713 1433 remedio
746 1369 801 1433 far
837 1373 1062 1450 attramente,
1092 1370 1225 1452 perche
1260 1370 1342 1434 altri
1376 1391 1447 1434 non

165 1497 265 1559 son0,
290 1487 326 1541 et
350 1499 387 1540 se
413 1477 528 1560 questi
552 1499 574 1540 a
596 1479 653 1540 chi
677 1478 737 1540 noi
756 1497 970 1558 recorrem0,
994 1478 1286 1559 descopressemo
1310 1477 1448 1541 haverli

165 1605 187 1646 ο
212 1584 408 1648 adversarii
432 1606 453 1648 o
478 1588 612 1667 sospeti
636 1593 727 1646 tutto
751 1583 851 1647 irebe
876 1605 898 1646 a
921 1595 1032 1658 terra;
1057 1587 1170 1648 solum
1187 1587 1348 1666 besogna
1364 1605 1445 1648 ven-

164 1693 251 1755 cerli
282 1713 349 1755 con
375 1693 478 1755 dolce
501 1694 654 1774 parolle,
687 1712 764 1754 cum
790 1700 984 1776 prometter
1008 1692 1120 1755 maria
1144 1702 1180 1755 et
1203 1704 1342 1756 montes
1351 1741 1359 1774 ,
1391 1715 1445 1756 ca·

163 1799 249 1882 pelli
284 1808 319 1862 et
349 1799 532 1881 capelletti
556 1800 616 1861 dal
639 1799 813 1862 Pontifice
839 1802 930 1862 cossi
954 1800 1142 1880 cognando
1167 1800 1298 1862 dextro
1323 1801 1445 1873 modo;

164 1905 209 1967 ne
234 1906 343 1986 giova
365 1906 427 1988 piu
450 1907 626 1988 proceder
650 1909 697 1968 ab
721 1915 932 1988 argumento
961 1905 1046 1968 fidei
1076 1914 1139 1968 aut
1170 1905 1353 1988 religionis
1386 1917 1447 1969 aut

163 2011 304 2094 salutis,
343 2034 364 2075 o
403 2013 448 2075 de
477 2012 717 2076 benedictioni
744 2013 835 2076 ode
861 2013 1270 2094 excomunicheperche
1299 2022 1390 2076 tutto
1423 2013 1446 2075 il

164 2120 296 2182 mundo
320 2123 378 2200 qui
404 2121 422 2182 ὲ
446 2119 634 2201 intepidito
660 2121 704 2183 de
728 2120 812 2184 fede
843 2129 878 2184 et
902 2142 940 2183 se
965 2141 1010 2183 ne
1034 2119 1121 2182 ride.
1169 2118 1295 2200 Quello
1320 2122 1387 2183 che
1411 2119 1445 2183 io

166 2225 282 2289 scrivo
308 2227 327 2289 ὲ
352 2228 386 2288 la
409 2247 499 2308 pura
524 2236 559 2289 et
583 2227 684 2309 quasi
721 2227 931 2309 evangelica
954 2225 1097 2308 Veritb,
1133 2236 1168 2289 et
1203 2226 1390 2308 explicaro·
1421 2227 1444 2289 il

162 2343 255 2398 tutto
279 2334 357 2397 Deo
381 2333 526 2398 favente
551 2355 572 2396 a
595 2336 709 2396 bocca
733 2354 779 2396 un
804 2335 955 2416 qualche
979 2333 1033 2414 di,
1069 2354 1107 2395 se
1144 2333 1273 2414 patera
1309 2333 1387 2396 fare
1424 2355 1445 2397 a

162 2441 361 2524 proposito,
385 2439 516 2522 perche
541 2462 598 2504 me
622 2441 745 2504 dubito
771 2443 837 2504 che
861 2439 1063 2523 besognera
1087 2450 1209 2502 trovar
1232 2440 1313 2502 altri
1338 2461 1442 2522 expe·

164 2549 286 2628 dienti,
311 2549 335 2611 li
360 2548 455 2629 quali
480 2547 555 2610 diro
581 2551 740 2612 secundo
764 2550 797 2612 el
822 2547 890 2610 mio
905 2567 998 2629 poco
1019 2567 1141 2628 parer:
1166 2545 1289 2610 Solum
1305 2547 1444 2612 interim

162 2655 325 2738 supplico
339 2657 371 2717 el
389 2654 621 2718 sanctissimo
646 2665 682 2716 et
698 2655 831 2717 Vostra
855 2653 1024 2736 Signoria
1038 2654 1355 2718 Reverendissima
1379 2657 1444 2718 che

163 2762 268 2826 stiino
294 2761 480 2842 constanti,
506 2771 541 2824 et
564 2781 634 2823 non
652 2764 884 2824 succumbant
901 2763 1029 2844 anime,
1053 2762 1117 2824 sed
1132 2763 1290 2825 habeant
1304 2783 1444 2844 semper

162 2870 198 2933 in
223 2870 367 2933 auribus
392 2879 428 2933 et
452 2869 568 2931 Corde
594 2868 727 2931 dictum
751 2868 898 2931 Christi:
946 2868 1067 2952 Petro,
1089 2868 1190 2931 oravi
1212 2890 1278 2951 pro
1296 2880 1342 2952 te,
1366 2892 1442 2953 per·

162 2978 228 3040 che
252 2979 397 3041 tandem
433 2980 465 3039 la
490 2977 800 3059 guadagneremo:
849 2975 895 3037 Et
918 2996 956 3038 se
988 2975 1076 3039 forsi
1103 2976 1240 3039 interea
1263 2979 1444 3041 advenerit

163 3086 313 3165 qualche
338 3084 493 3167 poggior
516 3084 696 3166 scandam,
720 3084 789 3145 veh
814 3082 898 3164 illie
918 3103 982 3165 per
1007 3103 1097 3164 quos
1116 3082 1322 3172 scandalum
1339 3106 1443 3149 vene·

162 3192 218 3265 rit,
243 3201 278 3254 et
302 3191 370 3253 iuis
395 3191 499 3254 etiam
524 3211 589 3273 per
613 3208 703 3272 quos
729 3191 933 3252 scandalum
957 3188 1139 3272 prohiberi
1164 3203 1225 3252 aut
1240 3192 1358 3255 sedari
1382 3214 1442 3274 po·

162 3298 246 3378 tuit,
277 3311 314 3361 et
344 3318 416 3361 non
440 3297 507 3359 fuit
531 3297 710 3369 sedatum;
742 3298 811 3359 veh
835 3295 905 3358 illis
928 3296 1071 3378 inquam
1105 3298 1299 3376 quamlibet
1322 3300 1443 3380 magni

160 3406 243 3468 sint.

252 3512 375 3593 Questi
390 3512 470 3576 miei
496 3511 621 3593 poveri
638 3509 793 3573 Conselii
809 3519 844 3572 et
861 3508 1014 3571 consorti
1033 3511 1197 3591 supplico
1221 3533 1243 3575 a
1258 3510 1331 3575 Sua
1354 3512 1441 3577 San-

161 3618 227 3681 tite
251 3630 286 3681 et
310 3619 441 3683 Vostra
466 3618 634 3701 Signoria
657 3616 975 3681 Reverendissima
997 3616 1081 3679 boni
1097 3620 1299 3693 consulant3
1325 3620 1442 3684 dirolii

161 3728 252 3789 altre
277 3747 359 3789 cose
382 3727 417 3789 in
443 3726 558 3790 reditu
582 3747 671 3790 meo,
718 3724 799 3787 Non
824 3744 862 3785 se
886 3723 1033 3786 intende
1055 3726 1168 3806 perhb
1194 3728 1259 3789 che
1274 3729 1441 3807 quamdiu

162 3854 301 3897 saremo
332 3834 392 3915 qui
418 3835 450 3896 el
475 3832 612 3897 Nuncio
638 3843 673 3895 et
694 3832 751 3912 io,
786 3852 856 3894 non
889 3830 1060 3894 facciamo
1085 3842 1177 3896 tutto
1200 3832 1225 3895 il
1248 3844 1370 3916 poter,
1406 3846 1442 3898 et

162 3940 299 4017 sforzO,
330 3943 395 4004 che
428 3963 466 4003 se
497 3940 660 4021 ottenghi
691 3948 940 4022 pacatamente
964 3941 999 4002 lo
1024 3942 1090 4002 che
1114 3940 1351 4023 desideramo,
1385 3964 1442 4005 ma

162 4068 234 4110 non
259 4070 347 4111 noce
371 4049 547 4130 preveder
571 4048 595 4110 li
619 4046 765 4111 remedii
789 4068 810 4108 a
834 4046 914 4108 tutti
937 4046 961 4109 li
986 4046 1080 4126 mali,
1105 4048 1200 4127 quali
1216 4053 1441 4129 potrebbeno

162 4158 197 4218 al
222 4156 356 4237 peggio
380 4157 543 4236 accader,
569 4158 634 4218 che
660 4163 756 4217 certo
782 4153 800 4216 ὲ
824 4156 934 4216 molto
948 4154 993 4215 da
1011 4153 1162 4234 dubitor,
1185 4157 1316 4235 perche
1332 4177 1440 4221 ancor

162 4262 229 4325 che
253 4272 420 4344 questoro
444 4263 615 4326 habbiino
640 4261 761 4325 scritto
786 4262 819 4323 al
844 4281 907 4323 suo
932 4260 1189 4325 ambasciatore
1222 4264 1315 4326 bone
1348 4284 1442 4328 nove

162 4372 211 4433 da
234 4370 359 4434 referir
382 4372 417 4434 al
440 4370 678 4451 sanctissimo,
707 4377 798 4430 tutta
828 4370 927 4430 volta
951 4371 984 4431 le
1008 4388 1091 4430 cose
1115 4388 1233 4431 vanno
1257 4392 1358 4434 como
1384 4372 1442 4435 nui

162 4477 347 4557 scrivem0,
372 4485 409 4539 et
432 4478 450 4539 ὲ
474 4477 656 4559 possibile,
682 4478 747 4539 che
771 4474 829 4557 giu
853 4474 1025 4538 habbiino
1042 4475 1165 4538 melior
1183 4488 1310 4558 mente,
1335 4499 1356 4540 0
1380 4478 1441 4559 pib

162 4584 386 4647 advertentia
410 4586 474 4647 che
497 4584 626 4667 prima,
658 4604 714 4646 ma
738 4583 756 4645 ὲ
782 4583 828 4643 da
850 4590 962 4645 temer
986 4583 1052 4645 che
1075 4602 1140 4664 per
1164 4584 1240 4646 loro
1272 4585 1376 4666 colpa
1399 4585 1441 4647 sii

162 4693 295 4755 lassata
316 4691 407 4754 cossi
425 4694 675 4756 exhulcerarse
691 4699 817 4773 questa
830 4689 950 4771 piaga,
973 4692 1008 4753 la
1025 4691 1119 4771 qual,
1144 4712 1183 4753 se
1199 4690 1441 4773 sequitavamo

162 4819 265 4861 como
287 4799 485 4862 havevamo
511 4798 739 4878 cominciato,
773 4805 865 4859 tutta
888 4798 1041 4859 sarebbe
1065 4796 1124 4877 giu
1148 4808 1291 4879 sanata,
1316 4809 1351 4861 et
1374 4801 1441 4862 hoc

162 4914 219 4969 est
249 4925 372 4969 verum
396 4916 434 4969 ut
456 4906 525 4989 ipsi
549 4926 671 4971 omnes
694 4904 850 4968 fatentur
883 4912 989 4985 atque
1022 4902 1070 4965 illi
1101 4904 1206 4967 iidem
1231 4904 1290 4987 qui
1313 4904 1441 4986 princi·

1230 5009 1283 5063 11*
