3425 5700
823 524 882 581 ΜΒ
919 522 974 583 280
1012 526 1071 581 CH>

916 780 989 846 115.

576 896 1035 978 vicecancellarius
1071 896 1320 977 Alecudrc.

747 1043 889 1115 (11331131.
909 1043 1034 1102 dumea
1052 1043 1083 1102 1«.
1100 1043 1153 1112 lu)

798 1167 850 1222 (10.
871 1164 986 1227 Augusti
1008 1161 1095 1233 1521.)

399 1287 480 1351 Non
510 1288 547 1351 vi
570 1299 792 1371 petressemo
818 1286 1018 1368 exprimere
1050 1287 1083 1350 el
1107 1289 1251 1368 piacere
1284 1295 1321 1350 et
1344 1285 1585 1350 consolatione
1686 1268 1687 1307 ³

311 1397 376 1460 che
401 1396 550 1459 sentimo
583 1396 679 1459 della
710 1414 829 1457 nuova
852 1394 1076 1477 promotione
1109 1405 1145 1457 et
1169 1393 1378 1476 dIgnissima
1411 1395 1471 1456 del
1494 1393 1585 1456 Rmo
1686 1374 1687 1425 l

311 1525 421 1568 mons.
447 1505 491 1566 de
516 1502 618 1585 Liegi
643 1504 676 1565 al
701 1501 948 1582 Cardinalat0,
980 1504 1007 1563 sl
1032 1521 1097 1583 per
1120 1501 1255 1564 l'amor
1279 1501 1345 1563 che
1369 1520 1511 1582 sempre
1533 1501 1587 1562 ha·

311 1631 415 1674 verno
438 1617 581 1691 portato
607 1609 642 1670 di
666 1629 749 1671 core
773 1629 795 1670 a
819 1607 893 1670 Sua
918 1605 981 1670 Sf¹²
1003 1608 1115 1686 Rma,
1149 1611 1178 1669 sl
1203 1609 1317 1670 ancho
1341 1607 1464 1689 peria
1488 1608 1588 1670 bene·

311 1717 467 1780 volentia
491 1718 557 1779 che
581 1717 755 1798 portiamo
780 1736 801 1777 a
824 1715 894 1777 voi.
935 1713 976 1776 Li
1000 1713 1174 1777 scrivemo
1199 1734 1269 1777 una
1293 1715 1420 1777 lettera
1444 1733 1586 1796 cougra—
1686 1792 1687 1801 ἵ

312 1824 494 1897 tulatoria;
531 1844 588 1885 ma
612 1823 833 1884 exhortiamo
859 1832 895 1884 et
917 1820 1129 1903 preghiamo
1152 1821 1212 1884 voi
1236 1820 1395 1903 vogliate
1419 1820 1591 1882 adiutarla

312 1953 379 1994 con
411 1933 446 1993 la
469 1929 660 2012 prudentia
691 1939 727 1991 et
750 1927 965 1991 sufficientia
988 1936 1110 1991 vostra
1141 1929 1206 1991 che
1230 1927 1417 2009 maggiore
1450 1925 1590 2008 piacere

313 2041 346 2101 al
370 2046 537 2120 presente
571 2057 639 2098 non
665 2035 697 2098 ci
729 2046 889 2118 potreste
913 2035 999 2101 fare.
1047 2035 1093 2098 Vi
1126 2037 1415 2117 congratularete
1449 2034 1591 2116 dunque

313 2146 349 2210 in
379 2157 501 2208 nostro
533 2153 569 2206 et
592 2153 713 2205 vostro
738 2163 841 2205 nome
875 2143 910 2204 di
934 2153 1025 2204 tutto
1051 2143 1073 2204 'l
1097 2163 1179 2205 core
1210 2140 1404 2205 basoiando
1437 2141 1591 2204 humille·

313 2262 432 2316 mente
460 2253 494 2313 le
517 2251 608 2314 mani
642 2271 663 2312 a
687 2247 759 2312 Sua
784 2249 865 2312 luce
889 2259 924 2312 et
949 2250 1071 2312 Revlul
1094 2247 1271 2330 Signoria.
1318 2247 1363 2310 Et
1386 2269 1408 2310 a
1439 2247 1486 2309 lei
1512 2247 1591 2311 offe·

314 2360 425 2422 rendo
450 2366 539 2421 tutte
564 2359 597 2418 le
621 2355 753 2418 saeuite
779 2364 814 2417 et
836 2375 992 2437 persona
1015 2366 1137 2418 nostra
1165 2365 1200 2418 et
1224 2353 1592 2418 riccommandandoci

313 2466 469 2529 insieme.
517 2463 563 2525 Et
585 2464 797 2526 benevalete
821 2461 845 2524 il
871 2472 992 2526 nostro
1017 2484 1150 2526 messer
1164 2462 1395 2544 Hieronymo.
1442 2461 1499 2524 Ex
1517 2462 1592 2524 Flo·

315 2574 427 2636 rentin
452 2570 491 2634 X
516 2569 671 2652 Augusti
694 2567 876 2632 MDXXI.

920 3023 993 3090 116.

636 3139 1028 3221 vicecancellarius
1056 3139 1273 3220 Alcandrc.

752 3286 1037 3356 (limitaneorum
1057 3285 1088 3345 Iu
1107 3286 1158 3348 80.)

808 3408 861 3467 (13.
880 3406 997 3467 Augusti
1019 3404 1106 3473 1521.)

405 3543 566 3605 Havemo
590 3544 626 3603 la
648 3549 769 3603 vostra
794 3540 829 3601 di
854 3539 1006 3602 XXVII
1035 3559 1101 3601 con
1126 3538 1148 3602 l'
1162 3538 1287 3601 adviso
1312 3539 1357 3601 de
1380 3541 1416 3601 la
1440 3560 1601 3622 exequu-
1686 3516 1688 3531 Ι

316 3651 390 3714 tion
414 3650 510 3713 facta
533 3650 567 3711 in
589 3647 683 3711 Gant
708 3650 740 3710 el
765 3649 799 3708 dl
826 3647 861 3708 di
886 3644 921 3710 S.
946 3646 1082 3726 Jacobo
1107 3655 1230 3709 contro
1254 3646 1279 3707 11
1303 3646 1382 3708 libri
1407 3647 1468 3708 del
1492 3649 1602 3709 male·

317 3760 431 3837 decto,
456 3758 521 3819 che
536 3756 613 3818 Idio
638 3754 690 3817 sia
714 3774 854 3835 sempre
878 3754 1099 3835 ringratiato.
1145 3753 1278 3816 Nostro
1295 3750 1428 3833 Signor
1453 3753 1490 3815 di
1507 3762 1603 3817 tutto

316 3867 362 3927 ha
392 3884 497 3945 preso
522 3861 764 3924 consolatione
789 3862 944 3943 grande,
978 3861 1133 3923 maxime
1156 3861 1408 3943 cognoscendo
1442 3860 1603 3924 l’animo

316 3972 352 4033 di
385 3972 502 4052 quello
534 3967 822 4030 christianissimo
853 3968 1087 4048 imperatore,
1124 3987 1265 4048 sempre
1302 3966 1361 4047 piri
1394 3968 1551 4031 ardente
1584 3990 1605 4030 a

316 4086 442 4160 questa
466 4096 549 4139 cosa
574 4096 639 4157 per
663 4073 933 4137 conservatione
966 4075 1060 4136 della
1084 4074 1176 4139 fede.
1224 4074 1262 4135 L'
1277 4075 1389 4135 ander
1413 4084 1543 4138 vostro
1567 4074 1604 4137 in

316 4183 509 4247 Hollandia
533 4193 569 4244 et
592 4181 651 4264 poi
675 4182 811 4243 ritorno
836 4202 857 4243 a
880 4180 959 4273 noi,
984 4181 1182 4262 parendovi
1206 4185 1277 4244 cosl
1304 4180 1546 4263 expediente,
1571 4182 1606 4244 ci

316 4290 513 4353 rimettemo
539 4289 573 4351 in
591 4298 681 4350 tutto
706 4309 727 4350 a
750 4290 784 4350 la
801 4288 990 4369 prudentia
1006 4299 1145 4359 vostra:
1171 4298 1207 4351 et
1229 4290 1264 4351 la
1278 4288 1460 4369 presentia
1473 4299 1608 4352 vostra

316 4397 459 4479 quando
484 4396 536 4458 sia
560 4415 627 4457 con
650 4395 834 4457 commodo
860 4395 953 4457 delle
969 4414 1052 4457 cose
1068 4394 1235 4475 publiche
1260 4404 1296 4457 et
1309 4394 1449 4476 private
1463 4404 1607 4474 vostre,

316 4505 348 4568 ci
372 4502 451 4567 sara
475 4502 684 4584 gratissima.
732 4502 777 4564 Et
802 4505 895 4564 bene
919 4503 1048 4565 valete.
1093 4501 1297 4565 Florentiae
1322 4500 1415 4562 XIII
1439 4501 1607 4584 Augusti

317 4610 498 4674 MDXXI.

848 4813 1053 4825 murm
