3425 5700
690 594 937 655 &ossum

170 751 208 805 et
230 742 381 806 comites
405 744 441 805 vi
464 742 618 807 aufferre
642 752 678 807 et
701 763 878 827 occupare
902 742 1048 807 indubie
1071 745 1277 824 tentabunt,
1301 742 1368 804 nisi
1392 742 1455 804 Vr·

168 848 241 911 Bm·
264 848 304 911 P.
330 849 516 931 oportunis
540 848 706 913 remediis
737 850 805 915 hiis
839 851 941 915 malis
973 870 1078 933 quam
1109 850 1261 913 celerius
1292 857 1455 912 occurrat

171 964 208 1019 et
239 955 447 1039 diligentius
482 959 579 1039 apud
619 956 696 1021 Ces.
726 958 839 1039 ipsam
867 959 954 1020 Mum
985 956 1160 1021 catholice
1191 966 1227 1020 et
1257 955 1455 1039 apostolice

170 1062 334 1126 Ecclesie
351 1065 566 1127 advocatum
590 1074 684 1147 agat,
709 1076 747 1127 ut
771 1086 835 1129 sua
860 1065 962 1129 Caes,
986 1064 1052 1127 M⁸⁶
1082 1073 1202 1127 vestre
1218 1062 1455 1127 Beatitudinis

171 1168 307 1233 auxilio
333 1180 369 1233 et
394 1170 541 1235 consilio
572 1172 684 1234 fretus
707 1172 798 1235 hanc
822 1172 1061 1237 hereticorum
1083 1169 1316 1253 pertinaciam
1350 1189 1457 1232 manu

170 1275 256 1339 forti
288 1276 514 1359 comprimat,
545 1278 717 1341 honorem
748 1277 816 1340 Dei
840 1288 876 1341 et
900 1278 979 1343 (ζειθθ
1006 1277 1089 1341 fidei
1120 1284 1249 1340 statum
1274 1275 1455 1357 defendat,

170 1382 424 1465 publicamque
448 1404 592 1465 pacem,
615 1384 906 1466 tranquillitatem
937 1395 1092 1459 tueatur;
1128 1404 1211 1447 nam
1243 1386 1378 1465 absque
1412 1402 1455 1446 eo

171 1509 291 1572 neque
306 1490 510 1554 innocentia
533 1490 613 1573 ipsa
635 1491 670 1553 in
687 1495 863 1573 reprobos
887 1502 962 1556 tuta
986 1492 1062 1557 erit.
1101 1491 1220 1573 Quare
1237 1491 1309 1553 V⁸¹¹²
1324 1491 1394 1552 Bem
1417 1499 1456 1553 ut

170 1616 346 1659 summum
388 1607 425 1661 et
461 1618 547 1661 vere
587 1597 796 1662 Pontificem
838 1600 1038 1662 orthodoxe
1077 1596 1162 1661 fidei
1192 1605 1391 1661 curatorem
1421 1608 1458 1660 et

171 1700 209 1765 8¹
249 1703 349 1766 Petri
386 1724 628 1768 successorem
665 1724 732 1786 pro
778 1704 854 1768 eius
899 1707 934 1768 in
979 1705 1209 1769 christianam
1246 1704 1457 1788 religionem

173 1830 296 1872 amore
322 1819 357 1872 et
387 1809 522 1892 pietate
551 1819 587 1873 et
618 1810 810 1874 animarum
834 1812 989 1875 omnium
1013 1813 1144 1886 salute;
1179 1810 1360 1875 humilime
1393 1830 1456 1873 oro

173 1936 220 1979 ne
244 1916 375 1978 diutius
399 1915 466 1978 hiis
498 1916 807 1981 turbulentissimis
837 1920 945 1981 rebus
977 1921 1116 1982 manum
1146 1938 1347 2001 apponere,
1375 1916 1456 1981 illis-

173 2043 245 2104 que
269 2034 420 2105 paterne
443 2022 578 2085 mederi
601 2022 753 2104 differat,
779 2044 858 2087 cum
882 2044 947 2088 nec
978 2025 1048 2088 alio
1079 2036 1139 2089 aut
1171 2026 1230 2088 via
1256 2035 1318 2088 aut
1351 2024 1456 2088 modo

166 2140 257 2213 ‚post
291 2131 426 2212 Deum,
457 2150 562 2211 quam
600 2150 666 2212 per
700 2128 840 2194 Cesaris
871 2132 1119 2195 auctoritatem
1141 2132 1218 2195 fieri
1242 2152 1349 2214 posse
1372 2130 1458 2194 mihi

170 2240 282 2320 plane
297 2237 513 2320 persuadeo;
538 2257 619 2299 nam
642 2237 843 2319 pertinaces
857 2238 927 2321 ipsi
942 2240 1058 2302 nullas
1074 2239 1284 2302 monitiones
1300 2238 1459 2320 audiunt,

172 2343 563 2408 excommunicationes
586 2343 705 2407 rident
721 2355 757 2407 et
772 2364 875 2407 omne
892 2344 1076 2426 consilium
1094 2348 1139 2408 ab
1157 2365 1279 2409 eorum
1290 2344 1457 2427 opinione

172 2452 355 2515 diversum
371 2452 478 2533 plane
493 2460 739 2533 aspernantur.
780 2447 854 2513 Sed
876 2452 945 2514 hoc
965 2449 1088 2514 forsan
1112 2452 1252 2535 longius
1276 2472 1382 2534 quam
1404 2471 1456 2514 sa-

170 2559 246 2622 tius
269 2577 355 2641 ago,
389 2577 460 2633 non
494 2557 587 2620 enim
617 2557 702 2619 satis
734 2556 917 2639 explicare
945 2577 1090 2639 possum
1115 2568 1284 2640 quantum
1307 2558 1458 2641 periculi

172 2666 362 2729 animabus
392 2664 521 2728 miselli
552 2664 675 2747 populi
707 2664 880 2746 simulque
904 2664 1066 2728 omnibus
1089 2664 1249 2728 Ecclesia
1274 2665 1458 2729 ordinibus

172 2772 367 2854 immineat,
384 2770 559 2835 undeV⁸¹¹n
573 2772 641 2835 Β8111
656 2772 723 2834 hec
738 2772 824 2833 boni
840 2773 1003 2835 consulat
1017 2772 1123 2834 etiam
1139 2781 1247 2855 atque
1260 2772 1367 2835 etiam
1383 2792 1458 2837 oro,

266 2881 439 2943 Preterea
471 2881 516 2942 ab
545 2879 587 2942 iis
621 2879 681 2960 qui
708 2879 745 2941 in
773 2881 862 2941 urbe
896 2899 975 2941 mea
1005 2878 1151 2959 negotia
1180 2888 1293 2961 agunt
1320 2879 1458 2962 accipio

173 3008 241 3051 nec
267 2989 349 3050 dum
375 3010 394 3051 a
419 2986 469 3047 V⁸
496 2987 541 3048 ΒΘ
568 3006 613 3048 ne
636 2984 846 3067 impetrasse
877 2994 916 3047 ut
946 2985 1045 3048 iuxta
1068 2985 1224 3067 priorum
1247 2985 1459 3049 Pontificum

173 3095 331 3173 indulta,
366 3113 432 3175 pro
464 3091 667 3156 conditione
699 3101 812 3155 status
849 3092 918 3154 mei
955 3092 1111 3173 gratiose
1142 3112 1313 3155 concessa
1350 3112 1459 3174 super

174 3200 366 3265 collatione
390 3199 544 3264 omnium
574 3198 826 3261 beneficiorum
857 3201 924 3261 sub
956 3199 1185 3262 ecclesiarum
1217 3219 1373 3262 mearum
1407 3199 1458 3260 di·

175 3308 301 3372 strictu
316 3306 518 3370 vacantium
531 3306 575 3368 V.
599 3305 670 3368 B...
692 3305 732 3368 P.
757 3303 968 3368 confirmare
991 3304 1143 3369 voluerit
1167 3307 1306 3388 (Rogat
1330 3326 1375 3368 ne
1401 3306 1457 3388 „in

177 3437 216 3478 re
241 3425 313 3478 tarn
337 3413 478 3477 modica
501 3411 682 3476 difficilem
706 3432 744 3474 se
768 3408 987 3496 praebeat“).

268 3540 352 3602 Dat.
377 3538 413 3601 in
438 3538 573 3621 oppido
598 3557 676 3600 meo
700 3535 799 3598 Halli
822 3536 881 3600 die
904 3534 988 3600 XII.
1014 3536 1100 3601 Dec.
1124 3534 1323 3600 MDXXV.

922 3677 1055 3740 mm„
1073 3679 1152 3732 eard.
1171 3679 1351 3742 Mogontinus.
