3425 5700
808 556 1055 619 roseae-0

293 722 361 767 one
385 705 461 766 loro
487 713 522 767 et
553 708 723 769 talmente
755 711 819 771 che
854 709 913 772 dia
948 708 1105 791 esempio
1142 708 1201 772 alli
1238 710 1328 774 altri.
1382 708 1427 771 Et
1458 707 1569 790 perho

293 811 438 875 intendo
472 815 538 874 che
573 814 618 875 ha
651 816 734 877 dato
766 816 1013 879 commissione
1045 818 1079 879 al
1107 816 1306 898 regimento
1330 817 1375 879 de
1399 816 1571 897 Inspruch

295 918 502 999 Stutgardia
530 929 565 981 et
590 920 623 981 di
649 921 788 984 Alsatia
813 923 879 985 che
903 943 974 986 non
997 924 1187 987 manchino
1212 923 1248 986 di
1275 932 1367 987 tutto
1396 923 1515 1005 quello
1547 921 1570 983 li

294 1048 380 1109 pare
411 1028 610 1090 necessario
644 1048 709 1110 per
738 1029 815 1091 fare
846 1040 972 1111 questa
998 1030 1168 1114 impresa,
1198 1040 1235 1093 et
1264 1032 1378 1093 anche
1408 1032 1455 1092 ha
1482 1028 1571 1092 fatte

295 1138 412 1197 buone
435 1134 630 1213 provisioni
663 1139 698 1199 in
731 1138 765 1198 lo
796 1139 926 1200 ducato
951 1138 996 1200 de
1020 1138 1275 1219 Virtemberga
1295 1136 1433 1217 persar
1448 1134 1573 1198 riuscir

294 1240 319 1305 li
343 1240 545 1303 movimenti
569 1250 605 1304 et
636 1243 753 1305 conati
787 1243 823 1306 di
858 1247 940 1328 quel
976 1245 1077 1308 Duca
1111 1245 1214 1325 vani,
1250 1254 1286 1307 et
1320 1264 1358 1308 se
1394 1241 1572 1324 castigari

295 1346 403 1431 quelli
427 1346 550 1409 villani
575 1347 655 1411 sara
678 1351 773 1413 bono
798 1351 964 1433 exempio
989 1350 1049 1413 alli
1073 1350 1164 1430 altri,
1189 1360 1225 1413 et
1248 1351 1357 1413 credo
1381 1351 1416 1413 lo
1438 1348 1528 1412 fara.

384 1452 465 1515 Non
495 1454 512 1516 ὲ
545 1475 649 1517 senza
682 1457 884 1538 suspicione
916 1460 981 1521 che
1017 1458 1040 1521 li
1070 1457 1274 1521 movimenti
1303 1457 1339 1519 di
1364 1459 1446 1539 quel
1469 1456 1575 1519 Duca
1690 1471 1691 1476 ’

297 1561 395 1623 sieno
421 1580 486 1623 con
511 1560 739 1642 intelligenza
763 1563 799 1626 di
823 1564 968 1643 Franza,
993 1585 1013 1627 e
1037 1564 1062 1627 il
1084 1567 1185 1627 detto
1206 1566 1308 1627 Duca
1330 1564 1368 1627 fa
1383 1584 1474 1647 gran
1497 1562 1573 1625 fon-

297 1668 462 1730 damento
495 1667 529 1730 in
564 1668 679 1750 questi
704 1670 880 1734 lutherani
905 1682 940 1733 et
971 1670 1078 1733 tirase
1111 1673 1193 1753 quel
1225 1670 1365 1753 seguito
1397 1690 1464 1734 con
1494 1669 1574 1752 pro·

297 1773 449 1837 metterli
473 1774 562 1838 darli
586 1776 622 1837 in
646 1778 758 1858 preda
782 1777 805 1839 li
829 1776 913 1839 beni
942 1779 986 1840 de
1011 1778 1092 1840 tutti
1122 1778 1231 1860 quelli
1269 1777 1395 1857 ricchi,
1430 1786 1466 1839 et
1501 1780 1575 1839 cosi

296 1884 389 1945 vado
412 1901 478 1962 per
502 1881 641 1945 diverse
665 1884 722 1947 vie
747 1884 971 1947 cominciarsi
995 1882 1030 1947 in
1055 1896 1181 1967 questa
1196 1883 1388 1948 Germania
1412 1904 1458 1947 un
1483 1902 1575 1966 gran

298 1989 454 2051 tumulto

386 2096 430 2159 V.
455 2094 492 2161 S.
516 2096 648 2160 havera
680 2098 811 2161 reduto
842 2100 925 2180 quel
956 2100 1023 2162 che
1046 2098 1076 2161 si
1100 2098 1119 2162 ὲ
1142 2097 1233 2161 fatto
1259 2098 1375 2179 questi
1399 2094 1517 2180 giomi
1540 2095 1575 2157 in

298 2204 558 2285 Magdeburge,
584 2224 690 2285 sopra
714 2206 749 2266 la
773 2207 856 2286 qual
881 2226 966 2269 cosa
988 2207 1036 2267 ho
1067 2208 1194 2269 lettere
1224 2205 1280 2269 dal
1306 2206 1401 2268 Rmo
1425 2204 1577 2285 Magun-

299 2311 383 2387 tino,
408 2310 432 2372 il
457 2312 561 2391 quale
585 2310 631 2373 mi
655 2311 814 2374 ricercha
839 2314 953 2393 prima
976 2312 1031 2375 ch’
1048 2311 1083 2374 io
1107 2312 1265 2376 dechiari
1294 2313 1424 2374 dictam
1456 2310 1578 2373 civita·

301 2428 370 2481 tem
396 2418 591 2480 subiectam
607 2416 797 2482 interdicto
823 2430 858 2481 et
882 2419 963 2482 illos
986 2420 1175 2482 incurrisse
1200 2439 1334 2501 paenas
1358 2430 1394 2481 et
1407 2427 1580 2481 censuras

301 2527 417 2587 bullae
442 2524 582 2587 Leonis,
621 2524 651 2587 Il
668 2525 733 2587 che
750 2524 827 2588 faro
845 2524 996 2589 servatis
1012 2525 1198 2588 servandis
1212 2524 1344 2608 perche
1361 2525 1379 2588 ὲ
1397 2523 1579 2587 notorium

299 2632 384 2695 facti
400 2630 657 2713 permanentis;
683 2652 721 2694 se
745 2631 893 2695 haveria
915 2641 1061 2714 possuto
1085 2630 1163 2696 fare
1187 2632 1279 2695 senz’
1309 2632 1412 2711 altro,
1437 2651 1505 2713 pur
1530 2632 1578 2692 ad

301 2739 539 2802 abundantem
564 2739 739 2800 cautelam
762 2737 841 2801 faro
865 2758 936 2801 uno
961 2739 1149 2803 monitorio
1172 2740 1218 2802 ad
1243 2740 1443 2801 docendum
1467 2758 1582 2821 quare

301 2857 365 2911 etc.
414 2844 458 2908 Et
482 2845 792 2909 medesimamente
816 2844 970 2910 sollicita
992 2846 1053 2929 poi
1078 2846 1113 2909 di
1136 2848 1268 2910 havere
1285 2855 1322 2909 et
1334 2857 1497 2910 ottenere
1514 2846 1582 2908 che

301 2956 399 3017 detta
422 2963 518 3014 terra
542 2951 571 3014 si
594 2960 704 3015 metta
727 2952 762 3014 in
786 2955 906 3016 bando
930 2952 1115 3035 imperiale
1139 2973 1239 3016 corne
1263 2955 1298 3015 la
1321 2951 1432 3016 vedra
1455 2972 1523 3034 per
1547 2953 1584 3014 la

300 3080 363 3123 soa
387 3057 656 3141 supplicatione,
681 3068 716 3121 et
739 3058 800 3140 poi
823 3059 903 3122 dice
929 3063 995 3123 che
1012 3071 1148 3123 armata
1172 3080 1277 3123 manu
1302 3079 1373 3122 non
1389 3059 1583 3122 manchar‘a

303 3168 360 3230 del
394 3165 515 3228 debito
546 3185 612 3247 per
641 3166 774 3229 redurli
805 3176 841 3230 et
870 3167 1062 3251 castigarli.
1115 3167 1161 3230 Et
1191 3187 1257 3249 per
1290 3178 1416 3249 questo
1448 3177 1484 3229 et
1515 3186 1584 3248 per

303 3275 392 3336 altre
417 3271 556 3354 regioni
582 3292 637 3335 me
661 3271 740 3336 dice
765 3275 830 3336 che
855 3295 927 3336 non
951 3276 1054 3355 potra
1079 3274 1296 3338 intervenire
1320 3275 1391 3337 alla
1414 3273 1511 3336 dieta
1536 3275 1584 3335 de

303 3378 418 3461 Spim,
444 3381 509 3441 che
533 3380 690 3442 anchora
715 3400 784 3442 non
809 3401 919 3444 erano
944 3401 1130 3463 comparse
1158 3384 1192 3444 le
1220 3382 1348 3444 lettere
1377 3380 1413 3443 di
1437 3379 1586 3460 Cesaoe,

303 3487 439 3548 benchc
465 3486 511 3548 da
535 3485 614 3548 miei
640 3485 742 3549 amici
766 3488 812 3550 ho
836 3489 937 3550 aviso
961 3487 1021 3571 poi
1046 3489 1111 3551 che
1135 3507 1224 3551 sono
1249 3487 1414 3569 capitata,
1439 3497 1476 3549 et
1502 3488 1585 3549 ulti·

304 3601 480 3655 mamente
503 3593 550 3655 mi
576 3593 654 3655 dice
678 3595 800 3656 volere
823 3595 956 3658 intrare
980 3605 1017 3658 et
1040 3615 1159 3658 essere
1175 3604 1351 3658 accettato
1376 3596 1434 3657 nel
1457 3592 1587 3657 federe

305 3699 573 3780 Ratisponense
597 3710 633 3761 et
657 3705 728 3762 cosl
754 3701 906 3764 sollicito
941 3703 996 3764 col
1027 3702 1195 3783 Principe
1224 3704 1303 3764 chel
1335 3701 1388 3764 sia
1418 3702 1588 3763 admesso

306 3818 341 3868 et
365 3817 456 3868 tutto
482 3806 589 3868 credo
615 3804 643 3868 si
666 3805 743 3869 fari
768 3807 804 3869 di
828 3809 894 3870 che
918 3828 989 3871 non
1014 3809 1061 3872 ho
1084 3829 1151 3890 per
1173 3813 1288 3871 anche
1312 3807 1532 3872 resolutioni.

395 3912 423 3974 Il
434 3912 509 3974 R¹¹¹⁰
531 3912 729 3976 Leodiense
742 3916 877 3976 anchor
889 3915 938 3976 lui
953 3915 982 3977 si
1001 3935 1134 3978 excusa
1147 3935 1215 3978 con
1230 3935 1285 3979 me
1301 3934 1367 3997 per
1382 3935 1444 3977 soe
1456 3915 1591 3977 lettere

305 4041 325 4082 a
359 4029 540 4081 conventu
567 4017 736 4100 Spirense
772 4031 920 4105 propter
944 4023 1050 4085 bella.
1106 4023 1178 4085 Per
1207 4021 1358 4104 cagione
1391 4020 1427 4082 di
1458 4031 1591 4103 queste

306 4149 388 4190 cose
421 4125 455 4187 di
482 4126 620 4189 Alsatia
653 4127 800 4190 intendo
833 4130 900 4192 che
918 4129 940 4191 'l
964 4128 1130 4211 Principe
1159 4129 1278 4192 dando
1316 4151 1333 4190 a
1368 4127 1477 4210 quelli
1507 4128 1592 4191 suoi

305 4233 493 4315 regimenti
518 4234 553 4295 la
576 4233 822 4299 commissione
847 4235 929 4298 chio
953 4237 1000 4298 ho
1025 4236 1123 4299 detto
1157 4237 1193 4298 di
1229 4255 1355 4317 sopra,
1389 4235 1502 4298 anche
1536 4235 1592 4316 gli

305 4343 352 4402 ha
377 4339 499 4402 scritto
524 4343 590 4402 che
615 4341 748 4404 vedere
772 4341 954 4424 expedirsi
979 4343 1015 4406 di
1039 4363 1110 4426 qua
1137 4342 1196 4424 piir
1229 4352 1351 4423 presto
1382 4343 1449 4405 che
1481 4342 1593 4422 petra

309 4457 345 4510 et
369 4445 627 4510 transferirassi
651 4450 696 4511 ad
721 4449 895 4530 Inspruch
919 4469 985 4530 per
1008 4469 1128 4513 essere
1152 4449 1213 4530 piir
1237 4445 1438 4532 propinquo
1462 4469 1500 4512 se
1526 4449 1592 4531 piri

308 4557 399 4617 oltra
423 4553 616 4636 bisognara
640 4557 674 4618 la
698 4575 853 4636 persona
877 4576 950 4618 sua.
997 4556 1038 4619 In
1061 4566 1186 4639 questo
1205 4564 1334 4618 evento
1358 4553 1477 4619 nescio
1500 4556 1595 4638 quid

308 4660 391 4724 mihi
416 4663 593 4743 agendum
617 4661 734 4726 fuerit.
782 4661 900 4726 Senza
930 4684 1010 4726 esso
1040 4666 1134 4727 vedo
1159 4672 1196 4726 et
1225 4683 1281 4726 me
1305 4671 1342 4725 et
1363 4671 1455 4726 tutta
1478 4664 1514 4724 la
1539 4662 1594 4727 fa·

309 4767 431 4848 miglia
455 4767 524 4830 mia
547 4788 616 4831 non
642 4771 752 4832 molto
777 4769 883 4832 sicuri
908 4780 943 4833 et
967 4771 1109 4852 quando
1133 4789 1199 4851 per
1221 4772 1256 4833 le
1280 4789 1364 4832 cose
1387 4768 1423 4831 di
1439 4769 1596 4834 Boemia

309 4895 378 4942 non
404 4874 500 4937 fusse
527 4875 726 4938 necessario
751 4876 775 4939 il
799 4886 873 4940 star
897 4878 967 4939 mio
999 4883 1056 4959 qui
1089 4878 1183 4940 saria
1213 4877 1249 4939 di
1277 4878 1361 4940 niun
1393 4877 1503 4940 frutto
