<?xml version="1.0" encoding="UTF-8"?>
<!DOCTYPE html PUBLIC "-//W3C//DTD XHTML 1.0 Transitional//EN"
    "http://www.w3.org/TR/xhtml1/DTD/xhtml1-transitional.dtd">
<html xmlns="http://www.w3.org/1999/xhtml" xml:lang="en" lang="en">
 <head>
  <title>
</title>
<meta http-equiv="Content-Type" content="text/html;charset=utf-8" />
  <meta name='ocr-system' content='tesseract 3.04.00' />
  <meta name='ocr-capabilities' content='ocr_page ocr_carea ocr_par ocr_line ocrx_word'/>
</head>
<body>
  <div class='ocr_page' id='page_1' title='image "./monumentareform00unkngoog_0451.png"; bbox 0 0 3425 5700; ppageno 0'>
   <div class='ocr_carea' id='block_1_1' title="bbox 643 547 892 605">
    <p class='ocr_par' dir='ltr' id='par_1_1' title="bbox 643 547 892 605">
     <span class='ocr_line' id='line_1_1' title="bbox 643 547 892 605; baseline 0 -2"><span class='ocrx_word' id='word_1_1' title='bbox 643 547 892 605; x_wconf 52' lang='grc' dir='ltr'>&lt;»434111111-ο</span> 
     </span>
    </p>
   </div>
   <div class='ocr_carea' id='block_1_2' title="bbox 143 691 1411 1418">
    <p class='ocr_par' dir='ltr' id='par_1_2' title="bbox 143 691 1411 1418">
     <span class='ocr_line' id='line_1_2' title="bbox 143 691 1409 776; baseline -0.005 -16"><span class='ocrx_word' id='word_1_2' title='bbox 143 706 210 760; x_wconf 88' lang='lat' dir='ltr'>ortu</span> <span class='ocrx_word' id='word_1_3' title='bbox 234 706 268 759; x_wconf 89' lang='lat' dir='ltr'>et</span> <span class='ocrx_word' id='word_1_4' title='bbox 290 695 400 759; x_wconf 88' lang='lat' dir='ltr'>initiis</span> <span class='ocrx_word' id='word_1_5' title='bbox 423 695 606 759; x_wconf 85' lang='lat' dir='ltr'><strong>Ecclesiae</strong></span> <span class='ocrx_word' id='word_1_6' title='bbox 631 716 676 758; x_wconf 91' lang='lat' dir='ltr'>ne</span> <span class='ocrx_word' id='word_1_7' title='bbox 700 716 788 758; x_wconf 92' lang='lat' dir='ltr'>sono</span> <span class='ocrx_word' id='word_1_8' title='bbox 813 705 922 776; x_wconf 84' lang='lat' dir='ltr'>state,</span> <span class='ocrx_word' id='word_1_9' title='bbox 958 704 994 758; x_wconf 86' lang='lat' dir='ltr'>et</span> <span class='ocrx_word' id='word_1_10' title='bbox 1017 697 1104 776; x_wconf 84' lang='lat' dir='ltr'>perd</span> <span class='ocrx_word' id='word_1_11' title='bbox 1129 715 1242 776; x_wconf 85' lang='lat' dir='ltr'>penso</span> <span class='ocrx_word' id='word_1_12' title='bbox 1267 695 1332 757; x_wconf 90' lang='lat' dir='ltr'>che</span> <span class='ocrx_word' id='word_1_13' title='bbox 1356 691 1409 755; x_wconf 86' lang='lat' dir='ltr'>sia</span> 
     </span>
     <span class='ocr_line' id='line_1_3' title="bbox 143 799 1408 886; baseline -0.004 -19"><span class='ocrx_word' id='word_1_14' title='bbox 143 813 304 886; x_wconf 89' lang='lat' dir='ltr'>oportuno</span> <span class='ocrx_word' id='word_1_15' title='bbox 336 805 422 866; x_wconf 89' lang='lat' dir='ltr'>dare</span> <span class='ocrx_word' id='word_1_16' title='bbox 454 803 539 885; x_wconf 84' lang='lat' dir='ltr'>ogni</span> <span class='ocrx_word' id='word_1_17' title='bbox 564 803 660 866; x_wconf 88' lang='lat' dir='ltr'>aiuto</span> <span class='ocrx_word' id='word_1_18' title='bbox 691 810 727 866; x_wconf 83' lang='lat' dir='ltr'>et</span> <span class='ocrx_word' id='word_1_19' title='bbox 749 803 876 866; x_wconf 85' lang='lat' dir='ltr'>favore</span> <span class='ocrx_word' id='word_1_20' title='bbox 908 823 929 865; x_wconf 89' lang='lat' dir='ltr'>a</span> <span class='ocrx_word' id='word_1_21' title='bbox 951 804 1161 884; x_wconf 84' lang='lat' dir='ltr'>spengerla,</span> <span class='ocrx_word' id='word_1_22' title='bbox 1198 811 1233 864; x_wconf 88' lang='lat' dir='ltr'>et</span> <span class='ocrx_word' id='word_1_23' title='bbox 1263 799 1408 883; x_wconf 90' lang='lat' dir='ltr'>special-</span> 
     </span>
     <span class='ocr_line' id='line_1_4' title="bbox 143 907 1408 991; baseline -0.004 -17"><span class='ocrx_word' id='word_1_24' title='bbox 143 921 247 974; x_wconf 83' lang='lat' dir='ltr'>mente.</span> <span class='ocrx_word' id='word_1_25' title='bbox 277 913 312 973; x_wconf 90' lang='lat' dir='ltr'>al</span> <span class='ocrx_word' id='word_1_26' title='bbox 336 910 473 991; x_wconf 86' lang='lat' dir='ltr'>castigo</span> <span class='ocrx_word' id='word_1_27' title='bbox 505 909 541 971; x_wconf 94' lang='lat' dir='ltr'>di</span> <span class='ocrx_word' id='word_1_28' title='bbox 572 910 671 972; x_wconf 86' lang='lat' dir='ltr'>detta</span> <span class='ocrx_word' id='word_1_29' title='bbox 704 909 807 990; x_wconf 66' lang='lat' dir='ltr'>enta,</span> <span class='ocrx_word' id='word_1_30' title='bbox 842 911 877 973; x_wconf 90' lang='lat' dir='ltr'>la</span> <span class='ocrx_word' id='word_1_31' title='bbox 909 911 992 991; x_wconf 89' lang='lat' dir='ltr'>qual</span> <span class='ocrx_word' id='word_1_32' title='bbox 1016 907 1100 972; x_wconf 88' lang='lat' dir='ltr'>cos&#39;a</span> <span class='ocrx_word' id='word_1_33' title='bbox 1130 909 1209 972; x_wconf 69' lang='lat' dir='ltr'>sera</span> <span class='ocrx_word' id='word_1_34' title='bbox 1243 909 1279 970; x_wconf 84' lang='lat' dir='ltr'>di</span> <span class='ocrx_word' id='word_1_35' title='bbox 1302 917 1408 987; x_wconf 85' lang='lat' dir='ltr'>sorte,</span> 
     </span>
     <span class='ocr_line' id='line_1_5' title="bbox 143 1014 1410 1100; baseline -0.004 -19"><span class='ocrx_word' id='word_1_36' title='bbox 143 1020 199 1080; x_wconf 89' lang='lat' dir='ltr'>che</span> <span class='ocrx_word' id='word_1_37' title='bbox 220 1016 380 1100; x_wconf 79' lang='lat' dir='ltr'>scoprira</span> <span class='ocrx_word' id='word_1_38' title='bbox 411 1027 447 1079; x_wconf 90' lang='lat' dir='ltr'>et</span> <span class='ocrx_word' id='word_1_39' title='bbox 470 1017 494 1079; x_wconf 94' lang='grc'>11</span> <span class='ocrx_word' id='word_1_40' title='bbox 518 1019 627 1079; x_wconf 90' lang='lat' dir='ltr'>buoni</span> <span class='ocrx_word' id='word_1_41' title='bbox 659 1025 696 1079; x_wconf 93' lang='lat' dir='ltr'>et</span> <span class='ocrx_word' id='word_1_42' title='bbox 718 1016 743 1078; x_wconf 91' lang='grc'>11</span> <span class='ocrx_word' id='word_1_43' title='bbox 765 1017 849 1079; x_wconf 86' lang='lat' dir='ltr'>mali</span> <span class='ocrx_word' id='word_1_44' title='bbox 882 1025 918 1078; x_wconf 85' lang='lat' dir='ltr'>et</span> <span class='ocrx_word' id='word_1_45' title='bbox 940 1018 1006 1078; x_wconf 91' lang='lat' dir='ltr'>hos</span> <span class='ocrx_word' id='word_1_46' title='bbox 1031 1016 1238 1098; x_wconf 81' lang='lat' dir='ltr'>segregabit</span> <span class='ocrx_word' id='word_1_47' title='bbox 1270 1018 1316 1078; x_wconf 90' lang='lat' dir='ltr'>ab</span> <span class='ocrx_word' id='word_1_48' title='bbox 1340 1014 1410 1077; x_wconf 90' lang='lat' dir='ltr'>illis</span> 
     </span>
     <span class='ocr_line' id='line_1_6' title="bbox 145 1121 1409 1204; baseline -0.004 -16"><span class='ocrx_word' id='word_1_49' title='bbox 145 1135 174 1188; x_wconf 88' lang='lat' dir='ltr'>et</span> <span class='ocrx_word' id='word_1_50' title='bbox 193 1124 268 1187; x_wconf 70' lang='lat' dir='ltr'>sara</span> <span class='ocrx_word' id='word_1_51' title='bbox 290 1123 428 1188; x_wconf 85' lang='lat' dir='ltr'>sorzato</span> <span class='ocrx_word' id='word_1_52' title='bbox 452 1125 612 1186; x_wconf 90' lang='lat' dir='ltr'>cadauno</span> <span class='ocrx_word' id='word_1_53' title='bbox 630 1123 766 1186; x_wconf 82' lang='lat' dir='ltr'>aiutare</span> <span class='ocrx_word' id='word_1_54' title='bbox 789 1123 815 1186; x_wconf 90' lang='lat' dir='ltr'>li</span> <span class='ocrx_word' id='word_1_55' title='bbox 831 1123 919 1203; x_wconf 86' lang='lat' dir='ltr'>suoi,</span> <span class='ocrx_word' id='word_1_56' title='bbox 944 1132 980 1185; x_wconf 91' lang='lat' dir='ltr'>et</span> <span class='ocrx_word' id='word_1_57' title='bbox 995 1123 1126 1204; x_wconf 73' lang='lat' dir='ltr'>perche</span> <span class='ocrx_word' id='word_1_58' title='bbox 1151 1122 1176 1185; x_wconf 98' lang='grc'>11</span> <span class='ocrx_word' id='word_1_59' title='bbox 1197 1121 1303 1184; x_wconf 91' lang='lat' dir='ltr'>buoni</span> <span class='ocrx_word' id='word_1_60' title='bbox 1321 1140 1409 1184; x_wconf 93' lang='lat' dir='ltr'>sono</span> 
     </span>
     <span class='ocr_line' id='line_1_7' title="bbox 145 1227 1411 1312; baseline -0.002 -20"><span class='ocrx_word' id='word_1_61' title='bbox 145 1231 239 1294; x_wconf 87' lang='lat' dir='ltr'><strong>molto</strong></span> <span class='ocrx_word' id='word_1_62' title='bbox 261 1230 321 1312; x_wconf 72' lang='lat' dir='ltr'>pin</span> <span class='ocrx_word' id='word_1_63' title='bbox 345 1230 382 1294; x_wconf 90' lang='lat' dir='ltr'>in</span> <span class='ocrx_word' id='word_1_64' title='bbox 406 1249 552 1295; x_wconf 87' lang='lat' dir='ltr'>nurnero</span> <span class='ocrx_word' id='word_1_65' title='bbox 578 1240 613 1292; x_wconf 89' lang='lat' dir='ltr'>et</span> <span class='ocrx_word' id='word_1_66' title='bbox 636 1229 672 1292; x_wconf 89' lang='lat' dir='ltr'>in</span> <span class='ocrx_word' id='word_1_67' title='bbox 695 1231 819 1294; x_wconf 89' lang='lat' dir='ltr'>valore</span> <span class='ocrx_word' id='word_1_68' title='bbox 843 1239 879 1292; x_wconf 85' lang='lat' dir='ltr'>et</span> <span class='ocrx_word' id='word_1_69' title='bbox 894 1229 963 1292; x_wconf 89' lang='lat' dir='ltr'>Dio</span> <span class='ocrx_word' id='word_1_70' title='bbox 988 1249 1057 1291; x_wconf 90' lang='lat' dir='ltr'>non</span> <span class='ocrx_word' id='word_1_71' title='bbox 1075 1229 1265 1290; x_wconf 87' lang='lat' dir='ltr'>abandona</span> <span class='ocrx_word' id='word_1_72' title='bbox 1289 1227 1345 1291; x_wconf 90' lang='lat' dir='ltr'>chi</span> <span class='ocrx_word' id='word_1_73' title='bbox 1364 1229 1411 1290; x_wconf 88' lang='lat' dir='ltr'>ha</span> 
     </span>
     <span class='ocr_line' id='line_1_8' title="bbox 145 1334 1410 1418; baseline -0.003 -18"><span class='ocrx_word' id='word_1_74' title='bbox 145 1337 215 1401; x_wconf 84' lang='lat' dir='ltr'>fede</span> <span class='ocrx_word' id='word_1_75' title='bbox 236 1337 270 1400; x_wconf 87' lang='lat' dir='ltr'>in</span> <span class='ocrx_word' id='word_1_76' title='bbox 293 1337 354 1417; x_wconf 88' lang='lat' dir='ltr'>lui,</span> <span class='ocrx_word' id='word_1_77' title='bbox 379 1337 398 1400; x_wconf 78' lang='grc' dir='ltr'>ὲ</span> <span class='ocrx_word' id='word_1_78' title='bbox 422 1338 469 1399; x_wconf 90' lang='lat' dir='ltr'>da</span> <span class='ocrx_word' id='word_1_79' title='bbox 493 1356 650 1418; x_wconf 85' lang='lat' dir='ltr'>sperare,</span> <span class='ocrx_word' id='word_1_80' title='bbox 674 1339 741 1400; x_wconf 89' lang='lat' dir='ltr'>che</span> <span class='ocrx_word' id='word_1_81' title='bbox 766 1339 810 1399; x_wconf 91' lang='lat' dir='ltr'>de</span> <span class='ocrx_word' id='word_1_82' title='bbox 834 1337 859 1399; x_wconf 90' lang='lat' dir='ltr'>li</span> <span class='ocrx_word' id='word_1_83' title='bbox 884 1335 974 1398; x_wconf 84' lang='lat' dir='ltr'>tristi</span> <span class='ocrx_word' id='word_1_84' title='bbox 998 1335 1201 1397; x_wconf 83' lang='lat' dir='ltr'>facilmente</span> <span class='ocrx_word' id='word_1_85' title='bbox 1226 1335 1255 1398; x_wconf 93' lang='lat' dir='ltr'>si</span> <span class='ocrx_word' id='word_1_86' title='bbox 1277 1334 1410 1397; x_wconf 71' lang='lat' dir='ltr'>otterra</span> 
     </span>
    </p>
   </div>
   <div class='ocr_carea' id='block_1_3' title="bbox 223 1673 1376 1872">
    <p class='ocr_par' dir='ltr' id='par_1_3' title="bbox 223 1673 1376 1872">
     <span class='ocr_line' id='line_1_9' title="bbox 223 1673 925 1756; baseline -0.003 -18"><span class='ocrx_word' id='word_1_87' title='bbox 223 1676 343 1738; x_wconf 88' lang='lat' dir='ltr'>Budae</span> <span class='ocrx_word' id='word_1_88' title='bbox 368 1673 500 1756; x_wconf 84' lang='lat' dir='ltr'>Quinta</span> <span class='ocrx_word' id='word_1_89' title='bbox 524 1673 682 1755; x_wconf 78' lang='lat' dir='ltr'>Januarii</span> <span class='ocrx_word' id='word_1_90' title='bbox 706 1673 925 1737; x_wconf 88' lang='lat' dir='ltr'>MDXXIV.</span> 
     </span>
     <span class='ocr_line' id='line_1_10' title="bbox 912 1795 1376 1872; baseline 0.013 -18"><span class='ocrx_word' id='word_1_91' title='bbox 912 1807 956 1854; x_wconf 83' lang='lat' dir='ltr'>vn</span> <span class='ocrx_word' id='word_1_92' title='bbox 976 1805 1055 1853; x_wconf 75' lang='lat' dir='ltr'>frater</span> <span class='ocrx_word' id='word_1_93' title='bbox 1073 1797 1101 1859; x_wconf 86' lang='lat'>1..</span> <span class='ocrx_word' id='word_1_94' title='bbox 1121 1797 1182 1859; x_wconf 77' lang='lat' dir='ltr'>var.</span> <span class='ocrx_word' id='word_1_95' title='bbox 1201 1795 1376 1872; x_wconf 69' lang='lat' dir='ltr'>vrnpomr.</span> 
     </span>
    </p>
   </div>
   <div class='ocr_carea' id='block_1_4' title="bbox 669 1967 876 1982">
    <p class='ocr_par' dir='ltr' id='par_1_4' title="bbox 669 1967 876 1982">
     <span class='ocr_line' id='line_1_11' title="bbox 669 1967 876 1982; baseline 0 -4"><span class='ocrx_word' id='word_1_96' title='bbox 669 1967 808 1979; x_wconf 54' lang='lat' dir='ltr'>wumvrxv·</span> <span class='ocrx_word' id='word_1_97' title='bbox 814 1967 819 1972; x_wconf 76' lang='lat'>¹</span> <span class='ocrx_word' id='word_1_98' title='bbox 826 1967 876 1982; x_wconf 56' lang='grc' dir='ltr'>ἈΓΛ</span> 
     </span>
    </p>
   </div>
   <div class='ocr_carea' id='block_1_5' title="bbox 736 2199 800 2264">
    <p class='ocr_par' dir='ltr' id='par_1_5' title="bbox 736 2199 800 2264">
     <span class='ocr_line' id='line_1_12' title="bbox 736 2199 800 2264; baseline 0.031 -2"><span class='ocrx_word' id='word_1_99' title='bbox 736 2199 800 2264; x_wconf 89' lang='grc'>186</span> 
     </span>
    </p>
   </div>
   <div class='ocr_carea' id='block_1_6' title="bbox 509 2306 1040 2516">
    <p class='ocr_par' dir='ltr' id='par_1_6' title="bbox 509 2306 1040 2516">
     <span class='ocr_line' id='line_1_13' title="bbox 565 2306 977 2410; baseline -0.002 -21"><span class='ocrx_word' id='word_1_100' title='bbox 565 2307 777 2410; x_wconf 60' lang='lat' dir='ltr'>campanus</span> <span class='ocrx_word' id='word_1_101' title='bbox 805 2306 977 2388; x_wconf 79' lang='lat' dir='ltr'>Sadoleto.</span> 
     </span>
     <span class='ocr_line' id='line_1_14' title="bbox 509 2445 1040 2516; baseline 0 -12"><span class='ocrx_word' id='word_1_102' title='bbox 509 2447 689 2516; x_wconf 69' lang='lat' dir='ltr'>(nuntiat.</span> <span class='ocrx_word' id='word_1_103' title='bbox 714 2445 868 2506; x_wconf 71' lang='lat' dir='ltr'>German.</span> <span class='ocrx_word' id='word_1_104' title='bbox 896 2445 970 2504; x_wconf 70' lang='lat' dir='ltr'>nm.</span> <span class='ocrx_word' id='word_1_105' title='bbox 989 2447 1040 2514; x_wconf 80' lang='lat'>54.)</span> 
     </span>
    </p>
   </div>
   <div class='ocr_carea' id='block_1_7' title="bbox 466 2553 1085 2626">
    <p class='ocr_par' dir='ltr' id='par_1_7' title="bbox 466 2553 1085 2626">
     <span class='ocr_line' id='line_1_15' title="bbox 466 2553 1085 2626; baseline 0.01 -22"><span class='ocrx_word' id='word_1_106' title='bbox 466 2557 502 2625; x_wconf 71' lang='lat'>(6.</span> <span class='ocrx_word' id='word_1_107' title='bbox 521 2559 642 2623; x_wconf 83' lang='lat' dir='ltr'>Januarii</span> <span class='ocrx_word' id='word_1_108' title='bbox 664 2567 729 2620; x_wconf 84' lang='lat'>1525</span> <span class='ocrx_word' id='word_1_109' title='bbox 750 2553 827 2626; x_wconf 88' lang='lat' dir='ltr'>(hora</span> <span class='ocrx_word' id='word_1_110' title='bbox 845 2559 962 2606; x_wconf 85' lang='lat' dir='ltr'>secunda</span> <span class='ocrx_word' id='word_1_111' title='bbox 981 2556 1085 2624; x_wconf 87' lang='lat' dir='ltr'>noctis).</span> 
     </span>
    </p>
   </div>
   <div class='ocr_carea' id='block_1_8' title="bbox 133 2679 1419 4684">
    <p class='ocr_par' dir='ltr' id='par_1_8' title="bbox 139 2679 1417 3403">
     <span class='ocr_line' id='line_1_16' title="bbox 228 2679 1412 2763; baseline 0 -21"><span class='ocrx_word' id='word_1_112' title='bbox 228 2679 324 2743; x_wconf 89' lang='lat' dir='ltr'>Hieri</span> <span class='ocrx_word' id='word_1_113' title='bbox 348 2681 466 2743; x_wconf 89' lang='lat' dir='ltr'>scrissi</span> <span class='ocrx_word' id='word_1_114' title='bbox 491 2703 513 2744; x_wconf 90' lang='lat' dir='ltr'>a</span> <span class='ocrx_word' id='word_1_115' title='bbox 536 2681 643 2763; x_wconf 92' lang='lat' dir='ltr'>pieno</span> <span class='ocrx_word' id='word_1_116' title='bbox 668 2682 786 2762; x_wconf 88' lang='lat' dir='ltr'>quello</span> <span class='ocrx_word' id='word_1_117' title='bbox 811 2683 876 2745; x_wconf 90' lang='lat' dir='ltr'>che</span> <span class='ocrx_word' id='word_1_118' title='bbox 901 2681 948 2744; x_wconf 85' lang='lat' dir='ltr'>mi</span> <span class='ocrx_word' id='word_1_119' title='bbox 972 2701 1182 2756; x_wconf 89' lang='lat' dir='ltr'>occorreva;</span> <span class='ocrx_word' id='word_1_120' title='bbox 1215 2681 1313 2763; x_wconf 86' lang='lat' dir='ltr'>dipoi</span> <span class='ocrx_word' id='word_1_121' title='bbox 1343 2701 1412 2742; x_wconf 92' lang='lat' dir='ltr'>non</span> 
     </span>
     <span class='ocr_line' id='line_1_17' title="bbox 142 2788 1414 2871; baseline 0.002 -24"><span class='ocrx_word' id='word_1_122' title='bbox 142 2788 288 2854; x_wconf 89' lang='lat' dir='ltr'>essendo</span> <span class='ocrx_word' id='word_1_123' title='bbox 313 2789 429 2850; x_wconf 85' lang='lat' dir='ltr'>ancho</span> <span class='ocrx_word' id='word_1_124' title='bbox 449 2788 499 2849; x_wconf 83' lang='lat' dir='ltr'>&#39;de</span> <span class='ocrx_word' id='word_1_125' title='bbox 523 2793 581 2869; x_wconf 80' lang='lat' dir='ltr'>qui</span> <span class='ocrx_word' id='word_1_126' title='bbox 606 2789 739 2871; x_wconf 87' lang='lat' dir='ltr'>partito</span> <span class='ocrx_word' id='word_1_127' title='bbox 774 2789 799 2852; x_wconf 91' lang='lat' dir='ltr'>il</span> <span class='ocrx_word' id='word_1_128' title='bbox 823 2808 959 2871; x_wconf 89' lang='lat' dir='ltr'>mess0,</span> <span class='ocrx_word' id='word_1_129' title='bbox 991 2809 1077 2852; x_wconf 93' lang='lat' dir='ltr'>sono</span> <span class='ocrx_word' id='word_1_130' title='bbox 1110 2797 1349 2871; x_wconf 87' lang='lat' dir='ltr'>sopravenute</span> <span class='ocrx_word' id='word_1_131' title='bbox 1381 2789 1414 2850; x_wconf 89' lang='lat' dir='ltr'>al</span> 
     </span>
     <span class='ocr_line' id='line_1_18' title="bbox 142 2892 1415 2977; baseline 0.004 -24"><span class='ocrx_word' id='word_1_132' title='bbox 142 2892 279 2957; x_wconf 88' lang='lat' dir='ltr'>Barone</span> <span class='ocrx_word' id='word_1_133' title='bbox 302 2898 430 2958; x_wconf 86' lang='lat' dir='ltr'>lettere</span> <span class='ocrx_word' id='word_1_134' title='bbox 454 2896 490 2958; x_wconf 89' lang='lat' dir='ltr'>di</span> <span class='ocrx_word' id='word_1_135' title='bbox 515 2894 663 2958; x_wconf 86' lang='lat' dir='ltr'>Boemia</span> <span class='ocrx_word' id='word_1_136' title='bbox 695 2896 754 2958; x_wconf 92' lang='lat' dir='ltr'>dal</span> <span class='ocrx_word' id='word_1_137' title='bbox 778 2898 881 2959; x_wconf 88' lang='lat' dir='ltr'>Duca</span> <span class='ocrx_word' id='word_1_138' title='bbox 909 2896 1031 2975; x_wconf 87' lang='lat' dir='ltr'>Carlo,</span> <span class='ocrx_word' id='word_1_139' title='bbox 1059 2915 1125 2977; x_wconf 91' lang='lat' dir='ltr'>per</span> <span class='ocrx_word' id='word_1_140' title='bbox 1155 2896 1187 2958; x_wconf 91' lang='lat' dir='ltr'>el</span> <span class='ocrx_word' id='word_1_141' title='bbox 1218 2904 1342 2959; x_wconf 90' lang='lat' dir='ltr'>tenore</span> <span class='ocrx_word' id='word_1_142' title='bbox 1370 2896 1415 2958; x_wconf 91' lang='lat' dir='ltr'>de</span> 
     </span>
     <span class='ocr_line' id='line_1_19' title="bbox 141 2998 1417 3084; baseline 0.002 -24"><span class='ocrx_word' id='word_1_143' title='bbox 141 2998 172 3061; x_wconf 89' lang='lat' dir='ltr'>le</span> <span class='ocrx_word' id='word_1_144' title='bbox 195 3001 289 3080; x_wconf 87' lang='lat' dir='ltr'>quali</span> <span class='ocrx_word' id='word_1_145' title='bbox 313 3001 356 3064; x_wconf 92' lang='lat' dir='ltr'>N.</span> <span class='ocrx_word' id='word_1_146' title='bbox 382 2998 418 3067; x_wconf 68' lang='lat' dir='ltr'>S‘.</span> <span class='ocrx_word' id='word_1_147' title='bbox 443 3002 546 3084; x_wconf 69' lang='lat' dir='ltr'>potra</span> <span class='ocrx_word' id='word_1_148' title='bbox 570 3006 703 3065; x_wconf 87' lang='lat' dir='ltr'>vedere</span> <span class='ocrx_word' id='word_1_149' title='bbox 729 3022 829 3065; x_wconf 90' lang='lat' dir='ltr'>come</span> <span class='ocrx_word' id='word_1_150' title='bbox 856 3002 939 3063; x_wconf 91' lang='lat' dir='ltr'>viva</span> <span class='ocrx_word' id='word_1_151' title='bbox 971 3012 1006 3064; x_wconf 89' lang='lat' dir='ltr'>et</span> <span class='ocrx_word' id='word_1_152' title='bbox 1036 3022 1158 3064; x_wconf 87' lang='lat' dir='ltr'>cresca</span> <span class='ocrx_word' id='word_1_153' title='bbox 1185 3002 1220 3065; x_wconf 85' lang='lat' dir='ltr'>la</span> <span class='ocrx_word' id='word_1_154' title='bbox 1243 3021 1417 3083; x_wconf 84' lang='lat' dir='ltr'>speranza</span> 
     </span>
     <span class='ocr_line' id='line_1_20' title="bbox 141 3103 1415 3191; baseline 0.003 -24"><span class='ocrx_word' id='word_1_155' title='bbox 141 3103 172 3167; x_wconf 85' lang='lat' dir='ltr'>di</span> <span class='ocrx_word' id='word_1_156' title='bbox 198 3110 314 3191; x_wconf 88' lang='lat' dir='ltr'>quelle</span> <span class='ocrx_word' id='word_1_157' title='bbox 340 3128 434 3173; x_wconf 91' lang='lat' dir='ltr'>cose.</span> <span class='ocrx_word' id='word_1_158' title='bbox 480 3110 609 3171; x_wconf 88' lang='lat' dir='ltr'>Donde</span> <span class='ocrx_word' id='word_1_159' title='bbox 634 3129 700 3190; x_wconf 90' lang='lat' dir='ltr'>per</span> <span class='ocrx_word' id='word_1_160' title='bbox 722 3108 747 3172; x_wconf 89' lang='lat' dir='ltr'>il</span> <span class='ocrx_word' id='word_1_161' title='bbox 771 3111 871 3171; x_wconf 89' lang='lat' dir='ltr'>detto</span> <span class='ocrx_word' id='word_1_162' title='bbox 899 3129 1015 3172; x_wconf 89' lang='lat' dir='ltr'>messo</span> <span class='ocrx_word' id='word_1_163' title='bbox 1048 3109 1076 3171; x_wconf 89' lang='lat' dir='ltr'>si</span> <span class='ocrx_word' id='word_1_164' title='bbox 1110 3110 1286 3173; x_wconf 89' lang='lat' dir='ltr'>mandano</span> <span class='ocrx_word' id='word_1_165' title='bbox 1317 3109 1415 3171; x_wconf 87' lang='lat' dir='ltr'>dette</span> 
     </span>
     <span class='ocr_line' id='line_1_21' title="bbox 139 3212 1415 3281; baseline 0.004 -9"><span class='ocrx_word' id='word_1_166' title='bbox 139 3212 265 3276; x_wconf 88' lang='lat' dir='ltr'>lettere</span> <span class='ocrx_word' id='word_1_167' title='bbox 287 3216 444 3278; x_wconf 84' lang='lat' dir='ltr'>anchora</span> <span class='ocrx_word' id='word_1_168' title='bbox 467 3236 534 3278; x_wconf 91' lang='lat' dir='ltr'>con</span> <span class='ocrx_word' id='word_1_169' title='bbox 558 3216 593 3278; x_wconf 91' lang='lat' dir='ltr'>le</span> <span class='ocrx_word' id='word_1_170' title='bbox 616 3218 707 3279; x_wconf 90' lang='lat' dir='ltr'>altre</span> <span class='ocrx_word' id='word_1_171' title='bbox 731 3217 830 3278; x_wconf 84' lang='lat' dir='ltr'>accid</span> <span class='ocrx_word' id='word_1_172' title='bbox 854 3218 920 3279; x_wconf 90' lang='lat' dir='ltr'>che</span> <span class='ocrx_word' id='word_1_173' title='bbox 944 3214 980 3279; x_wconf 87' lang='lat' dir='ltr'>S.</span> <span class='ocrx_word' id='word_1_174' title='bbox 1006 3213 1057 3278; x_wconf 64' lang='grc' dir='ltr'>81ἀ</span> <span class='ocrx_word' id='word_1_175' title='bbox 1083 3225 1119 3280; x_wconf 88' lang='lat' dir='ltr'>et</span> <span class='ocrx_word' id='word_1_176' title='bbox 1137 3216 1177 3281; x_wconf 89' lang='lat' dir='ltr'>V.</span> <span class='ocrx_word' id='word_1_177' title='bbox 1202 3214 1238 3279; x_wconf 88' lang='lat' dir='ltr'>S.</span> <span class='ocrx_word' id='word_1_178' title='bbox 1264 3236 1334 3279; x_wconf 91' lang='lat' dir='ltr'>non</span> <span class='ocrx_word' id='word_1_179' title='bbox 1357 3236 1415 3278; x_wconf 93' lang='lat' dir='ltr'>va·</span> 
     </span>
     <span class='ocr_line' id='line_1_22' title="bbox 139 3320 1079 3403; baseline 0.006 -24"><span class='ocrx_word' id='word_1_180' title='bbox 139 3320 232 3382; x_wconf 91' lang='lat' dir='ltr'>dano</span> <span class='ocrx_word' id='word_1_181' title='bbox 258 3320 420 3384; x_wconf 88' lang='lat' dir='ltr'>fraudate</span> <span class='ocrx_word' id='word_1_182' title='bbox 445 3322 480 3384; x_wconf 91' lang='lat' dir='ltr'>di</span> <span class='ocrx_word' id='word_1_183' title='bbox 505 3331 632 3403; x_wconf 89' lang='lat' dir='ltr'>questa</span> <span class='ocrx_word' id='word_1_184' title='bbox 655 3326 728 3385; x_wconf 89' lang='lat' dir='ltr'>cosl</span> <span class='ocrx_word' id='word_1_185' title='bbox 751 3324 873 3385; x_wconf 89' lang='lat' dir='ltr'>buona</span> <span class='ocrx_word' id='word_1_186' title='bbox 896 3342 1079 3403; x_wconf 81' lang='lat' dir='ltr'>speranza.</span> 
     </span>
    </p>

    <p class='ocr_par' dir='ltr' id='par_1_9' title="bbox 135 3427 1418 4027">
     <span class='ocr_line' id='line_1_23' title="bbox 224 3427 1416 3511; baseline 0.001 -21"><span class='ocrx_word' id='word_1_187' title='bbox 224 3427 451 3511; x_wconf 89' lang='lat' dir='ltr'>Riparlando</span> <span class='ocrx_word' id='word_1_188' title='bbox 476 3449 541 3492; x_wconf 91' lang='lat' dir='ltr'>con</span> <span class='ocrx_word' id='word_1_189' title='bbox 567 3429 591 3491; x_wconf 87' lang='lat' dir='ltr'>li</span> <span class='ocrx_word' id='word_1_190' title='bbox 616 3430 749 3493; x_wconf 86' lang='lat' dir='ltr'>oratori</span> <span class='ocrx_word' id='word_1_191' title='bbox 774 3430 832 3491; x_wconf 88' lang='lat' dir='ltr'>del</span> <span class='ocrx_word' id='word_1_192' title='bbox 844 3428 922 3490; x_wconf 81' lang='lat' dir='ltr'>R¹²¹⁰</span> <span class='ocrx_word' id='word_1_193' title='bbox 943 3428 1155 3509; x_wconf 85' lang='lat' dir='ltr'>Maguntino</span> <span class='ocrx_word' id='word_1_194' title='bbox 1179 3428 1326 3491; x_wconf 88' lang='lat' dir='ltr'>intendo</span> <span class='ocrx_word' id='word_1_195' title='bbox 1351 3428 1416 3491; x_wconf 89' lang='lat' dir='ltr'>che</span> 
     </span>
     <span class='ocr_line' id='line_1_24' title="bbox 136 3533 1418 3613; baseline 0.003 -19"><span class='ocrx_word' id='word_1_196' title='bbox 136 3550 200 3613; x_wconf 90' lang='lat' dir='ltr'>per</span> <span class='ocrx_word' id='word_1_197' title='bbox 223 3555 345 3599; x_wconf 87' lang='lat' dir='ltr'>essere</span> <span class='ocrx_word' id='word_1_198' title='bbox 365 3534 402 3601; x_wconf 88' lang='lat' dir='ltr'>S.</span> <span class='ocrx_word' id='word_1_199' title='bbox 420 3533 456 3601; x_wconf 91' lang='lat' dir='ltr'>S.</span> <span class='ocrx_word' id='word_1_200' title='bbox 481 3536 558 3599; x_wconf 58' lang='grc' dir='ltr'>ΚΜ·</span> <span class='ocrx_word' id='word_1_201' title='bbox 581 3556 682 3599; x_wconf 89' lang='lat' dir='ltr'>come</span> <span class='ocrx_word' id='word_1_202' title='bbox 696 3537 743 3598; x_wconf 90' lang='lat' dir='ltr'>ho</span> <span class='ocrx_word' id='word_1_203' title='bbox 761 3535 884 3599; x_wconf 88' lang='lat' dir='ltr'>scritto</span> <span class='ocrx_word' id='word_1_204' title='bbox 908 3556 953 3598; x_wconf 92' lang='lat' dir='ltr'>ne</span> <span class='ocrx_word' id='word_1_205' title='bbox 970 3535 991 3598; x_wconf 85' lang='lat' dir='ltr'>l&#39;</span> <span class='ocrx_word' id='word_1_206' title='bbox 1010 3537 1100 3598; x_wconf 89' lang='lat' dir='ltr'>altra</span> <span class='ocrx_word' id='word_1_207' title='bbox 1116 3536 1209 3599; x_wconf 88' lang='lat' dir='ltr'>assai</span> <span class='ocrx_word' id='word_1_208' title='bbox 1233 3535 1268 3598; x_wconf 91' lang='lat' dir='ltr'>di</span> <span class='ocrx_word' id='word_1_209' title='bbox 1293 3546 1418 3599; x_wconf 88' lang='lat' dir='ltr'>natura</span> 
     </span>
     <span class='ocr_line' id='line_1_25' title="bbox 137 3636 1417 3719; baseline 0.005 -22"><span class='ocrx_word' id='word_1_210' title='bbox 137 3636 273 3719; x_wconf 83' lang='lat' dir='ltr'>timido¹</span> <span class='ocrx_word' id='word_1_211' title='bbox 295 3642 363 3705; x_wconf 92' lang='lat' dir='ltr'>che</span> <span class='ocrx_word' id='word_1_212' title='bbox 384 3662 456 3705; x_wconf 93' lang='lat' dir='ltr'>non</span> <span class='ocrx_word' id='word_1_213' title='bbox 479 3645 631 3705; x_wconf 87' lang='lat' dir='ltr'>sarebbe</span> <span class='ocrx_word' id='word_1_214' title='bbox 655 3663 694 3705; x_wconf 90' lang='lat' dir='ltr'>se</span> <span class='ocrx_word' id='word_1_215' title='bbox 718 3662 788 3705; x_wconf 92' lang='lat' dir='ltr'>non</span> <span class='ocrx_word' id='word_1_216' title='bbox 804 3644 924 3705; x_wconf 88' lang='lat' dir='ltr'>buono</span> <span class='ocrx_word' id='word_1_217' title='bbox 950 3643 1015 3704; x_wconf 91' lang='lat' dir='ltr'>che</span> <span class='ocrx_word' id='word_1_218' title='bbox 1031 3642 1072 3707; x_wconf 93' lang='lat' dir='ltr'>N.</span> <span class='ocrx_word' id='word_1_219' title='bbox 1089 3639 1124 3707; x_wconf 89' lang='lat' dir='ltr'>S.</span> <span class='ocrx_word' id='word_1_220' title='bbox 1151 3661 1216 3705; x_wconf 93' lang='lat' dir='ltr'>con</span> <span class='ocrx_word' id='word_1_221' title='bbox 1236 3663 1281 3704; x_wconf 94' lang='lat' dir='ltr'>un</span> <span class='ocrx_word' id='word_1_222' title='bbox 1299 3642 1417 3705; x_wconf 89' lang='lat' dir='ltr'>Breve</span> 
     </span>
     <span class='ocr_line' id='line_1_26' title="bbox 137 3748 1416 3831; baseline 0.003 -24"><span class='ocrx_word' id='word_1_223' title='bbox 137 3748 370 3811; x_wconf 80' lang='lat' dir='ltr'>accomodate</span> <span class='ocrx_word' id='word_1_224' title='bbox 403 3751 438 3813; x_wconf 94' lang='lat' dir='ltr'>lo</span> <span class='ocrx_word' id='word_1_225' title='bbox 470 3749 648 3813; x_wconf 85' lang='lat' dir='ltr'>excitasse</span> <span class='ocrx_word' id='word_1_226' title='bbox 682 3760 717 3812; x_wconf 87' lang='lat' dir='ltr'>et</span> <span class='ocrx_word' id='word_1_227' title='bbox 747 3748 962 3811; x_wconf 86' lang='lat' dir='ltr'>inanimasse</span> <span class='ocrx_word' id='word_1_228' title='bbox 993 3770 1015 3811; x_wconf 94' lang='lat' dir='ltr'>a</span> <span class='ocrx_word' id='word_1_229' title='bbox 1045 3748 1186 3830; x_wconf 83' lang='lat' dir='ltr'>seguire</span> <span class='ocrx_word' id='word_1_230' title='bbox 1217 3750 1416 3831; x_wconf 84' lang='lat' dir='ltr'>gagliarda-</span> 
     </span>
     <span class='ocr_line' id='line_1_27' title="bbox 136 3855 1418 3937; baseline 0.002 -23"><span class='ocrx_word' id='word_1_231' title='bbox 136 3864 253 3916; x_wconf 88' lang='lat' dir='ltr'>mente</span> <span class='ocrx_word' id='word_1_232' title='bbox 281 3855 301 3917; x_wconf 89' lang='lat' dir='ltr'>l&#39;</span> <span class='ocrx_word' id='word_1_233' title='bbox 318 3856 518 3918; x_wconf 87' lang='lat' dir='ltr'>ordimento</span> <span class='ocrx_word' id='word_1_234' title='bbox 544 3858 637 3919; x_wconf 90' lang='lat' dir='ltr'>della</span> <span class='ocrx_word' id='word_1_235' title='bbox 661 3855 834 3937; x_wconf 81' lang='lat' dir='ltr'>impressa</span> <span class='ocrx_word' id='word_1_236' title='bbox 858 3855 924 3917; x_wconf 89' lang='lat' dir='ltr'>che</span> <span class='ocrx_word' id='word_1_237' title='bbox 948 3856 1037 3918; x_wconf 89' lang='lat' dir='ltr'>hora</span> <span class='ocrx_word' id='word_1_238' title='bbox 1060 3864 1168 3917; x_wconf 85' lang='lat' dir='ltr'>tratta</span> <span class='ocrx_word' id='word_1_239' title='bbox 1192 3865 1227 3918; x_wconf 89' lang='lat' dir='ltr'>et</span> <span class='ocrx_word' id='word_1_240' title='bbox 1252 3876 1369 3936; x_wconf 86' lang='lat' dir='ltr'>move,</span> <span class='ocrx_word' id='word_1_241' title='bbox 1394 3856 1418 3917; x_wconf 92' lang='lat' dir='ltr'>il</span> 
     </span>
     <span class='ocr_line' id='line_1_28' title="bbox 135 3960 1009 4027; baseline 0.006 -7"><span class='ocrx_word' id='word_1_242' title='bbox 135 3960 199 4023; x_wconf 90' lang='lat' dir='ltr'>che</span> <span class='ocrx_word' id='word_1_243' title='bbox 222 3964 274 4024; x_wconf 92' lang='lat' dir='ltr'>ho</span> <span class='ocrx_word' id='word_1_244' title='bbox 298 3961 389 4025; x_wconf 85' lang='lat' dir='ltr'>fatto</span> <span class='ocrx_word' id='word_1_245' title='bbox 414 3964 548 4027; x_wconf 86' lang='lat' dir='ltr'>anchor</span> <span class='ocrx_word' id='word_1_246' title='bbox 570 3961 605 4025; x_wconf 89' lang='lat' dir='ltr'>io</span> <span class='ocrx_word' id='word_1_247' title='bbox 631 3979 697 4025; x_wconf 89' lang='lat' dir='ltr'>con</span> <span class='ocrx_word' id='word_1_248' title='bbox 722 3966 756 4025; x_wconf 85' lang='lat' dir='ltr'>le</span> <span class='ocrx_word' id='word_1_249' title='bbox 778 3961 847 4025; x_wconf 87' lang='lat' dir='ltr'>mie</span> <span class='ocrx_word' id='word_1_250' title='bbox 872 3965 1009 4026; x_wconf 88' lang='lat' dir='ltr'>lettere.</span> 
     </span>
    </p>

    <p class='ocr_par' dir='ltr' id='par_1_10' title="bbox 133 4066 1419 4684">
     <span class='ocr_line' id='line_1_29' title="bbox 220 4066 1418 4151; baseline 0.001 -20"><span class='ocrx_word' id='word_1_251' title='bbox 220 4066 270 4131; x_wconf 91' lang='lat' dir='ltr'>Et</span> <span class='ocrx_word' id='word_1_252' title='bbox 295 4068 355 4151; x_wconf 80' lang='lat' dir='ltr'>pid</span> <span class='ocrx_word' id='word_1_253' title='bbox 380 4068 473 4132; x_wconf 89' lang='lat' dir='ltr'>vedo</span> <span class='ocrx_word' id='word_1_254' title='bbox 497 4070 562 4132; x_wconf 89' lang='lat' dir='ltr'>che</span> <span class='ocrx_word' id='word_1_255' title='bbox 587 4068 667 4132; x_wconf 72' lang='lat' dir='ltr'>sara</span> <span class='ocrx_word' id='word_1_256' title='bbox 691 4068 894 4132; x_wconf 87' lang='lat' dir='ltr'>necessario</span> <span class='ocrx_word' id='word_1_257' title='bbox 918 4068 1012 4132; x_wconf 88' lang='lat' dir='ltr'>assai</span> <span class='ocrx_word' id='word_1_258' title='bbox 1036 4068 1127 4131; x_wconf 84' lang='lat' dir='ltr'>darli</span> <span class='ocrx_word' id='word_1_259' title='bbox 1160 4090 1181 4131; x_wconf 87' lang='lat' dir='ltr'>a</span> <span class='ocrx_word' id='word_1_260' title='bbox 1204 4068 1290 4150; x_wconf 84' lang='lat' dir='ltr'>ogni</span> <span class='ocrx_word' id='word_1_261' title='bbox 1312 4071 1418 4132; x_wconf 90' lang='lat' dir='ltr'>modo</span> 
     </span>
     <span class='ocr_line' id='line_1_30' title="bbox 134 4173 1419 4259; baseline 0.005 -27"><span class='ocrx_word' id='word_1_262' title='bbox 134 4173 263 4237; x_wconf 87' lang='lat' dir='ltr'>alcnno</span> <span class='ocrx_word' id='word_1_263' title='bbox 294 4174 390 4237; x_wconf 89' lang='lat' dir='ltr'>aiuto</span> <span class='ocrx_word' id='word_1_264' title='bbox 416 4185 452 4238; x_wconf 91' lang='lat' dir='ltr'>et</span> <span class='ocrx_word' id='word_1_265' title='bbox 474 4175 611 4256; x_wconf 84' lang='lat' dir='ltr'>favore,</span> <span class='ocrx_word' id='word_1_266' title='bbox 635 4177 669 4238; x_wconf 93' lang='lat' dir='ltr'>el</span> <span class='ocrx_word' id='word_1_267' title='bbox 692 4176 797 4259; x_wconf 87' lang='lat' dir='ltr'>quale</span> <span class='ocrx_word' id='word_1_268' title='bbox 825 4195 897 4238; x_wconf 92' lang='lat' dir='ltr'>non</span> <span class='ocrx_word' id='word_1_269' title='bbox 921 4194 968 4256; x_wconf 93' lang='lat' dir='ltr'>po</span> <span class='ocrx_word' id='word_1_270' title='bbox 998 4195 1116 4238; x_wconf 91' lang='lat' dir='ltr'>essere</span> <span class='ocrx_word' id='word_1_271' title='bbox 1141 4174 1214 4238; x_wconf 79' lang='lat' dir='ltr'>cosi</span> <span class='ocrx_word' id='word_1_272' title='bbox 1237 4195 1329 4257; x_wconf 88' lang='lat' dir='ltr'>poco</span> <span class='ocrx_word' id='word_1_273' title='bbox 1354 4177 1419 4239; x_wconf 90' lang='lat' dir='ltr'>che</span> 
     </span>
     <span class='ocr_line' id='line_1_31' title="bbox 134 4281 1417 4364; baseline 0.002 -22"><span class='ocrx_word' id='word_1_274' title='bbox 134 4300 201 4345; x_wconf 88' lang='lat' dir='ltr'>non</span> <span class='ocrx_word' id='word_1_275' title='bbox 225 4281 284 4344; x_wconf 85' lang='lat' dir='ltr'>sia</span> <span class='ocrx_word' id='word_1_276' title='bbox 308 4302 375 4363; x_wconf 93' lang='lat' dir='ltr'>per</span> <span class='ocrx_word' id='word_1_277' title='bbox 405 4281 484 4344; x_wconf 84' lang='lat' dir='ltr'>fare</span> <span class='ocrx_word' id='word_1_278' title='bbox 515 4300 605 4364; x_wconf 83' lang='lat' dir='ltr'>gran</span> <span class='ocrx_word' id='word_1_279' title='bbox 631 4282 741 4345; x_wconf 86' lang='lat' dir='ltr'>frutto</span> <span class='ocrx_word' id='word_1_280' title='bbox 775 4282 906 4363; x_wconf 71' lang='lat' dir='ltr'>perche</span> <span class='ocrx_word' id='word_1_281' title='bbox 938 4290 1183 4363; x_wconf 85' lang='lat' dir='ltr'>apertamente</span> <span class='ocrx_word' id='word_1_282' title='bbox 1215 4282 1262 4345; x_wconf 90' lang='lat' dir='ltr'>mi</span> <span class='ocrx_word' id='word_1_283' title='bbox 1290 4283 1417 4345; x_wconf 81' lang='lat' dir='ltr'>dicono</span> 
     </span>
     <span class='ocr_line' id='line_1_32' title="bbox 133 4386 1418 4470; baseline 0.004 -22"><span class='ocrx_word' id='word_1_284' title='bbox 133 4390 197 4451; x_wconf 88' lang='lat' dir='ltr'>che</span> <span class='ocrx_word' id='word_1_285' title='bbox 221 4410 301 4452; x_wconf 89' lang='lat' dir='ltr'>non</span> <span class='ocrx_word' id='word_1_286' title='bbox 324 4390 489 4453; x_wconf 85' lang='lat' dir='ltr'>havendo</span> <span class='ocrx_word' id='word_1_287' title='bbox 514 4390 692 4451; x_wconf 74' lang='lat' dir='ltr'>authorita</span> <span class='ocrx_word' id='word_1_288' title='bbox 717 4399 753 4453; x_wconf 90' lang='lat' dir='ltr'>et</span> <span class='ocrx_word' id='word_1_289' title='bbox 776 4390 880 4452; x_wconf 88' lang='lat' dir='ltr'>caldo</span> <span class='ocrx_word' id='word_1_290' title='bbox 906 4390 951 4450; x_wconf 86' lang='lat' dir='ltr'>da</span> <span class='ocrx_word' id='word_1_291' title='bbox 975 4390 1010 4450; x_wconf 85' lang='lat' dir='ltr'>la</span> <span class='ocrx_word' id='word_1_292' title='bbox 1034 4386 1128 4451; x_wconf 90' lang='lat' dir='ltr'>Sede</span> <span class='ocrx_word' id='word_1_293' title='bbox 1148 4388 1360 4470; x_wconf 89' lang='lat' dir='ltr'>Apostolica</span> <span class='ocrx_word' id='word_1_294' title='bbox 1383 4402 1418 4453; x_wconf 90' lang='lat' dir='ltr'>et</span> 
     </span>
     <span class='ocr_line' id='line_1_33' title="bbox 134 4494 1417 4578; baseline 0.002 -22"><span class='ocrx_word' id='word_1_295' title='bbox 134 4496 177 4558; x_wconf 89' lang='lat' dir='ltr'>da</span> <span class='ocrx_word' id='word_1_296' title='bbox 200 4498 237 4559; x_wconf 89' lang='lat' dir='ltr'>la</span> <span class='ocrx_word' id='word_1_297' title='bbox 263 4494 424 4558; x_wconf 87' lang='lat' dir='ltr'>Cesarea</span> <span class='ocrx_word' id='word_1_298' title='bbox 446 4494 585 4558; x_wconf 70' lang='lat' dir='ltr'>Maesta</span> <span class='ocrx_word' id='word_1_299' title='bbox 610 4498 675 4558; x_wconf 90' lang='lat' dir='ltr'>che</span> <span class='ocrx_word' id='word_1_300' title='bbox 700 4498 734 4559; x_wconf 90' lang='lat' dir='ltr'>la</span> <span class='ocrx_word' id='word_1_301' title='bbox 766 4496 921 4577; x_wconf 87' lang='lat' dir='ltr'>impresa</span> <span class='ocrx_word' id='word_1_302' title='bbox 953 4494 1032 4557; x_wconf 69' lang='lat' dir='ltr'>sara</span> <span class='ocrx_word' id='word_1_303' title='bbox 1062 4495 1169 4576; x_wconf 89' lang='lat' dir='ltr'>piena</span> <span class='ocrx_word' id='word_1_304' title='bbox 1200 4495 1235 4557; x_wconf 88' lang='lat' dir='ltr'>di</span> <span class='ocrx_word' id='word_1_305' title='bbox 1259 4496 1417 4578; x_wconf 88' lang='lat' dir='ltr'>pericolo</span> 
     </span>
     <span class='ocr_line' id='line_1_34' title="bbox 134 4600 1418 4684; baseline 0.002 -21"><span class='ocrx_word' id='word_1_306' title='bbox 134 4611 167 4663; x_wconf 86' lang='lat' dir='ltr'>et</span> <span class='ocrx_word' id='word_1_307' title='bbox 189 4604 235 4666; x_wconf 92' lang='lat' dir='ltr'>de</span> <span class='ocrx_word' id='word_1_308' title='bbox 261 4600 458 4675; x_wconf 75' lang='lat' dir='ltr'>difficulta3</span> <span class='ocrx_word' id='word_1_309' title='bbox 490 4604 578 4683; x_wconf 83' lang='lat' dir='ltr'>perd</span> <span class='ocrx_word' id='word_1_310' title='bbox 612 4623 719 4684; x_wconf 91' lang='lat' dir='ltr'>sopra</span> <span class='ocrx_word' id='word_1_311' title='bbox 744 4602 797 4665; x_wconf 86' lang='lat' dir='ltr'>eid</span> <span class='ocrx_word' id='word_1_312' title='bbox 822 4602 865 4665; x_wconf 93' lang='lat' dir='ltr'>V.</span> <span class='ocrx_word' id='word_1_313' title='bbox 893 4602 929 4663; x_wconf 79' lang='lat' dir='ltr'>S.</span> <span class='ocrx_word' id='word_1_314' title='bbox 954 4600 1031 4664; x_wconf 71' lang='lat' dir='ltr'>fara</span> <span class='ocrx_word' id='word_1_315' title='bbox 1056 4605 1176 4665; x_wconf 93' lang='lat' dir='ltr'>buona</span> <span class='ocrx_word' id='word_1_316' title='bbox 1199 4602 1367 4667; x_wconf 88' lang='lat' dir='ltr'>instantia</span> <span class='ocrx_word' id='word_1_317' title='bbox 1390 4602 1418 4666; x_wconf 83' lang='lat' dir='ltr'>si</span> 
     </span>
    </p>
   </div>
   <div class='ocr_carea' id='block_1_9' title="bbox 132 4704 1419 4895">
    <p class='ocr_par' dir='ltr' id='par_1_11' title="bbox 132 4704 1419 4895">
     <span class='ocr_line' id='line_1_35' title="bbox 132 4704 1419 4791; baseline -0.001 -17"><span class='ocrx_word' id='word_1_318' title='bbox 132 4711 262 4790; x_wconf 71' lang='lat' dir='ltr'>perche</span> <span class='ocrx_word' id='word_1_319' title='bbox 289 4707 315 4771; x_wconf 83' lang='lat'>1&#39;</span> <span class='ocrx_word' id='word_1_320' title='bbox 333 4727 404 4770; x_wconf 92' lang='lat' dir='ltr'>uno</span> <span class='ocrx_word' id='word_1_321' title='bbox 429 4717 466 4769; x_wconf 88' lang='lat' dir='ltr'>et</span> <span class='ocrx_word' id='word_1_322' title='bbox 488 4708 510 4770; x_wconf 90' lang='lat' dir='ltr'>l’</span> <span class='ocrx_word' id='word_1_323' title='bbox 528 4711 619 4770; x_wconf 88' lang='lat' dir='ltr'>altro</span> <span class='ocrx_word' id='word_1_324' title='bbox 643 4709 673 4771; x_wconf 88' lang='lat' dir='ltr'>si</span> <span class='ocrx_word' id='word_1_325' title='bbox 697 4708 830 4789; x_wconf 85' lang='lat' dir='ltr'>faccia,</span> <span class='ocrx_word' id='word_1_326' title='bbox 855 4704 884 4771; x_wconf 85' lang='lat' dir='ltr'>si</span> <span class='ocrx_word' id='word_1_327' title='bbox 908 4708 1038 4789; x_wconf 71' lang='lat' dir='ltr'>perche</span> <span class='ocrx_word' id='word_1_328' title='bbox 1064 4718 1186 4791; x_wconf 88' lang='lat' dir='ltr'>presto</span> <span class='ocrx_word' id='word_1_329' title='bbox 1211 4730 1249 4773; x_wconf 86' lang='lat' dir='ltr'>se</span> <span class='ocrx_word' id='word_1_330' title='bbox 1273 4710 1419 4774; x_wconf 89' lang='lat' dir='ltr'>intenda</span> 
     </span>
     <span class='ocr_line' id='line_1_36' title="bbox 133 4814 1338 4895; baseline 0.002 -16"><span class='ocrx_word' id='word_1_331' title='bbox 133 4818 233 4885; x_wconf 86' lang='lat' dir='ltr'>dela</span> <span class='ocrx_word' id='word_1_332' title='bbox 257 4824 384 4882; x_wconf 85' lang='lat' dir='ltr'>mente</span> <span class='ocrx_word' id='word_1_333' title='bbox 409 4816 454 4878; x_wconf 89' lang='lat' dir='ltr'>de</span> <span class='ocrx_word' id='word_1_334' title='bbox 477 4814 520 4877; x_wconf 87' lang='lat' dir='ltr'>N.</span> <span class='ocrx_word' id='word_1_335' title='bbox 546 4814 582 4877; x_wconf 84' lang='lat' dir='ltr'>S.</span> <span class='ocrx_word' id='word_1_336' title='bbox 600 4862 632 4880; x_wconf 85' lang='lat'>..</span> <span class='ocrx_word' id='word_1_337' title='bbox 681 4814 806 4878; x_wconf 88' lang='lat' dir='ltr'>Budae</span> <span class='ocrx_word' id='word_1_338' title='bbox 830 4824 934 4877; x_wconf 85' lang='lat' dir='ltr'>sexta</span> <span class='ocrx_word' id='word_1_339' title='bbox 957 4814 1115 4895; x_wconf 83' lang='lat' dir='ltr'>Januarii</span> <span class='ocrx_word' id='word_1_340' title='bbox 1139 4816 1338 4881; x_wconf 90' lang='lat' dir='ltr'>MDXXV.</span> 
     </span>
    </p>
   </div>
   <div class='ocr_carea' id='block_1_10' title="bbox 673 4942 881 4954">
    <p class='ocr_par' dir='ltr' id='par_1_12' title="bbox 673 4942 881 4954">
     <span class='ocr_line' id='line_1_37' title="bbox 673 4942 881 4954; baseline 0.005 -1"><span class='ocrx_word' id='word_1_341' title='bbox 673 4945 681 4953; x_wconf 61' lang='lat' dir='ltr'><em>u</em></span> <span class='ocrx_word' id='word_1_342' title='bbox 684 4942 881 4954; x_wconf 57' lang='lat' dir='ltr'>vsvvvwxwwvxw</span> 
     </span>
    </p>
   </div>
   <div class='ocr_carea' id='block_1_11' title="bbox 0 0 1726 5700">
    <p class='ocr_par' dir='ltr' id='par_1_13' title="bbox 0 0 1726 5700">
     <span class='ocr_line' id='line_1_38' title="bbox 0 0 1726 5700; baseline 0 0"><span class='ocrx_word' id='word_1_343' title='bbox 0 0 1726 5700; x_wconf 95' lang='lat' dir='ltr'> </span> 
     </span>
    </p>
   </div>
  </div>
 </body>
</html>
