3425 5700
402 1034 558 1116 Jounnes
585 1034 718 1114 Eokim
745 1035 796 1117 Jo.
825 920 1123 1117 Matioihiborto
1150 1037 1265 1137 Epiro.
1294 1037 1498 1117 Veronensi.

570 1184 573 1194 ’
671 1192 762 1260 (toul
781 1193 814 1251 et
832 1192 912 1252 altor.
932 1193 1083 1267 Epistulae.
1101 1193 1146 1253 lul.
1165 1195 1237 1259 ort.)

825 1321 878 1385 (30-
899 1322 971 1385 Sent-
995 1322 1081 1389 1525)

398 1461 714 1524 Reverendissimo
739 1462 773 1524 in
800 1461 941 1525 Christo
970 1464 1068 1525 Patri
1099 1485 1141 1527 ac
1176 1466 1330 1527 Domino
1355 1464 1505 1526 Domino
1532 1464 1588 1543 Jo-

311 1570 393 1631 anni
418 1568 580 1630 Mattheo
605 1567 784 1650 Episcopo
809 1568 1009 1632 Veronensi
1045 1568 1081 1633 S.
1113 1571 1157 1633 D.
1188 1570 1231 1633 N.
1262 1572 1420 1650 Datari0,
1451 1571 1592 1633 Maece·

310 1676 382 1738 nati
406 1696 480 1738 suo.

398 1781 434 1845 S.
459 1783 498 1845 P.
531 1801 609 1845 cum
633 1782 865 1863 paratissimis
890 1782 1080 1864 obsequiis.
1128 1782 1320 1865 Transegn't
1342 1804 1456 1865 nepos
1480 1805 1592 1863 meus,

308 1888 623 1951 Reverendissime
648 1891 766 1969 Pater,
800 1910 879 1951 cum
903 1888 1105 1953 Gotthardo
1137 1888 1359 1971 Weckinger
1391 1891 1496 1953 etiam
1531 1892 1592 1954 ini·

308 1995 422 2078 quiori
446 1995 656 2076 concordia,
689 2009 726 2058 at
758 2017 837 2059 cum
869 2016 935 2077 per
963 2016 1019 2058 me
1052 1996 1199 2059 actitata
1222 2006 1346 2059 contra
1370 1998 1591 2069 haereticum

308 2103 485 2184 privatum
506 2103 618 2166 minus
642 2113 826 2167 tuerentur
849 2124 914 2184 per
939 2100 1070 2166 Sedem
1087 2104 1344 2185 Apostolicam,
1368 2113 1514 2167 coactus
1539 2105 1592 2167 fui

308 2230 384 2272 eam
409 2219 598 2291 acceptare
623 2211 860 2287 concordiam,
884 2231 956 2274 non
982 2232 1086 2292 quam
1111 2213 1286 2293 volebam,
1310 2213 1374 2274 sed
1399 2232 1502 2294 quam
1528 2233 1592 2294 po·

308 2328 420 2381 teram
444 2318 645 2399 impetrare.
700 2319 830 2381 Adhuc
862 2316 1014 2379 dilanior
1044 2338 1066 2379 a
1094 2317 1252 2381 Ferbero
1283 2318 1445 2381 omnibus
1475 2320 1593 2381 modis

308 2424 546 2497 dolosissim0;
571 2445 651 2487 nam
666 2445 744 2487 cum
759 2424 793 2487 in
808 2425 942 2506 oppido
956 2424 1232 2505 ingolstadiensi
1250 2424 1317 2487 iam
1332 2434 1489 2488 moretur
1503 2426 1593 2488 satis

309 2532 340 2593 ei
364 2532 430 2593 fuit
454 2540 691 2613 perspectum,
715 2532 920 2595 citationem
944 2532 1039 2595 illam
1062 2532 1300 2594 verisimiliter
1325 2534 1370 2594 ad
1391 2553 1503 2595 meam
1531 2553 1592 2594 no-

307 2637 419 2700 titiam
445 2659 513 2701 non
539 2660 644 2721 posse
669 2639 869 2721 pervenire.
916 2639 996 2702 Non
1021 2639 1115 2701 enim
1138 2643 1252 2702 solum
1276 2640 1311 2701 in
1337 2640 1489 2721 oppido,
1524 2640 1590 2701 sed

309 2766 373 2807 nec
399 2746 431 2805 in
459 2754 533 2807 toto
558 2746 699 2808 Ducatu
724 2746 898 2827 quispiam
923 2745 1022 2807 novit
1046 2745 1106 2807 ubi
1132 2766 1255 2826 essem,
1281 2755 1341 2808 aut
1365 2746 1449 2827 quin
1470 2766 1592 2807 rever-

308 2861 416 2924 terer:
452 2855 545 2915 unde
571 2853 815 2916 fraudulentus
840 2855 906 2915 iste
932 2854 1052 2934 Lupus
1076 2853 1253 2916 Arabicus
1278 2853 1327 2915 sic
1353 2853 1516 2934 nequiter
1540 2854 1591 2916 in·

307 2960 478 3022 tendebat
504 2970 627 3022 contra
651 2962 845 3041 absentem,
872 2970 909 3021 ut
935 2959 1021 3021 nihil
1044 2959 1243 3022 huiusmodi
1268 2960 1503 3041 cogitantem,
1529 2960 1591 3021 ali-

308 3087 410 3146 quam
437 3067 470 3128 in
497 3067 595 3128 curia
612 3077 840 3148 extorqueret
867 3065 1088 3129 sententiam.
1123 3066 1305 3128 intueatur
1321 3067 1389 3128 iam
1405 3067 1593 3146 Reveren-

308 3173 451 3235 dissima
476 3174 514 3234 P.
540 3173 579 3235 T.
607 3175 785 3253 quemodo
810 3172 868 3236 isti
884 3182 1073 3235 venatores
1090 3173 1203 3235 dolosi
1219 3172 1400 3236 infamiam
1423 3173 1593 3253 ingerant

309 3279 494 3341 Romanae
520 3278 661 3361 Curiae,
692 3299 736 3343 ex
766 3280 894 3362 quibus
923 3282 1055 3342 nullum
1087 3300 1240 3361 unquam
1264 3281 1373 3342 habet
1397 3281 1592 3347 honorem:

309 3389 490 3467 expendat
519 3407 562 3447 an
597 3407 667 3448 non
698 3386 790 3449 iuste
815 3387 1075 3449 succensuerim
1101 3389 1182 3448 dum
1206 3389 1271 3449 has
1295 3389 1414 3449 larvas
1438 3385 1591 3448 Ferberi

310 3493 592 3574 conspexissem:
607 3513 735 3556 vereor
748 3515 792 3556 ne
803 3494 967 3556 acerbius
979 3493 1159 3576 quippiam
1170 3493 1382 3574 scripserim,
1391 3495 1447 3555 vel
1457 3493 1491 3555 in
1502 3493 1593 3571 eius,

311 3602 368 3663 vel
386 3581 469 3662 SD.
495 3599 537 3664 N.
562 3601 681 3664 literis¹
720 3601 817 3663 Tuae
842 3600 952 3663 suerit
976 3600 1254 3663 mansuetudinis
1271 3600 1592 3663 Reverendissime

309 3709 417 3770 Pater
440 3706 557 3769 omnia
580 3707 783 3788 benigniter
807 3707 1046 3788 interpretari,
1070 3727 1151 3770 nam
1176 3707 1259 3769 mihi
1283 3727 1348 3787 pro
1372 3709 1507 3769 honore
1528 3705 1591 3771 Se.

308 3815 378 3896 Ap.
404 3813 564 3876 militanti
590 3823 689 3876 tanto
719 3835 796 3877 cum
831 3815 991 3895 periculo
1022 3816 1200 3896 quomodo
1232 3834 1302 3876 non
1333 3813 1425 3876 iusta
1454 3813 1591 3876 subori-

310 3931 408 3982 retur
431 3919 639 4000 indignati0,
666 3923 748 3984 dum
772 3924 838 3984 sub
863 3931 963 3984 scuto
993 3917 1076 3984 Sed.
1105 3922 1176 4002 Ap.
1212 3923 1259 3982 ab
1292 3920 1361 3982 illis
1394 3920 1510 3995 nihili,
1547 3943 1593 3984 ac

310 4027 415 4091 navei
441 4027 641 4090 hominibus
666 4029 849 4091 devexor?
903 4029 972 4091 Tot
1003 4027 1095 4090 enim
1119 4027 1372 4090 beneficiorum
1398 4039 1591 4109 aucupato·

307 4138 404 4198 ribus
427 4134 593 4216 providet
617 4131 653 4197 S.
679 4135 721 4197 D.
747 4136 789 4198 N.
814 4138 849 4198 in
875 4135 968 4215 dies,
993 4144 1029 4197 et
1061 4137 1258 4197 accumulat
1281 4133 1456 4197 beneficia
1479 4155 1593 4216 super

307 4241 495 4321 beneficia,
525 4262 603 4304 curn
638 4241 706 4304 iam
736 4251 947 4323 perpetuum
975 4241 1185 4304 sexennium
1213 4241 1277 4304 viri
1310 4241 1400 4304 iuxti
1425 4242 1523 4304 docti
1550 4255 1589 4305 et

307 4349 356 4432 pii
380 4349 416 4413 in
442 4369 479 4412 se
504 4357 615 4412 totum
639 4350 770 4412 bellum
795 4349 1054 4412 haereticorum
1079 4348 1321 4430 susceperint,
1346 4347 1402 4439 cui
1427 4347 1513 4410 nulli
1537 4349 1592 4410 vi·

308 4458 377 4520 deo
401 4477 479 4519 esse
504 4477 569 4537 per
594 4455 677 4518 Sed.
702 4457 771 4538 Ap.
797 4457 987 4538 provisum.
1028 4456 1161 4519 Verum
1178 4464 1232 4517 est
1248 4457 1344 4536 quod
1359 4454 1592 4517 committitur

309 4564 439 4647 legatis
450 4612 458 4645 ,
483 4572 519 4626 et
542 4563 758 4645 pollicemini
783 4584 925 4645 semper
949 4564 1043 4644 quod
1061 4563 1245 4625 Adrianus
1261 4563 1362 4644 Papa
1376 4561 1592 4625 effusissime

306 4670 426 4734 facere
450 4672 600 4750 solebat,
625 4669 737 4732 doctis
754 4669 838 4732 viris
863 4691 941 4732 esse
957 4669 1234 4751 providendum3
1260 4679 1378 4732 tamen
1402 4670 1462 4751 qui
1485 4689 1592 4752 prae·

306 4787 386 4860 stet,
410 4777 516 4840 video
540 4776 725 4840 neminem.
773 4776 924 4839 Habetis
948 4776 982 4838 in
1009 4777 1106 4839 curia
1130 4776 1265 4857 aliquot
1288 4774 1500 4856 Germanos,
1526 4777 1592 4860 qui

307 4887 391 4954 licet
415 4884 484 4947 sint
509 4883 724 4948 onustissimi
747 4882 941 4966 beneficiis,
961 4892 997 4946 et
1012 4883 1253 4967 pensionibus,
1278 4893 1314 4946 et
1328 4903 1436 4970 super
1451 4883 1593 4970 aliquot
