3425 5700
813 560 1042 618 0-5'3285&

377 705 546 770 Chievres
562 718 659 771 certo
677 707 696 772 ὲ
711 711 831 772 buono
849 720 884 770 et
905 707 1025 790 magni
1048 707 1227 786 momenti,
1252 707 1391 769 bench&
1415 707 1463 770 lui
1487 707 1566 770 dice

287 815 322 876 in
353 824 476 896 queste
510 836 592 879 cose
625 837 690 898 per
720 837 790 879 non
823 835 921 878 esser
952 817 1052 877 dotto
1078 817 1241 895 besogna
1265 816 1344 876 chel
1369 835 1407 877 se
1431 813 1566 896 reporti

287 922 345 984 alli
362 922 562 997 conselieri;
588 933 713 1004 questo
739 925 814 986 solo
840 921 1062 985 econtrario
1087 923 1152 984 che
1177 921 1224 983 lui
1249 921 1413 984 desidera
1433 930 1566 1002 quanto

288 1029 346 1111 piu
381 1031 452 1111 puo
483 1040 730 1113 pacatamente
754 1029 811 1093 far
835 1033 900 1093 che
925 1029 1035 1093 Cesar
1063 1029 1226 1109 ottenghi
1249 1038 1339 1091 tutte
1363 1031 1396 1091 le
1421 1049 1483 1091 sue
1512 1048 1565 1090 co·

287 1156 373 1199 rone
390 1149 425 1199 et
449 1138 537 1220 pero
562 1148 682 1221 presta
706 1138 849 1200 orechie
874 1138 904 1201 a'
921 1135 1090 1200 Germani
1116 1144 1151 1199 et
1175 1135 1425 1219 temporeggia
1449 1138 1482 1198 al
1508 1157 1566 1217 ap·

286 1243 398 1324 petito
431 1246 508 1307 loro
540 1245 574 1307 in
607 1253 733 1326 questa
760 1265 844 1308 cosa
869 1243 903 1306 di
927 1244 1062 1307 Luther
1086 1263 1151 1327 per
1174 1246 1208 1306 le
1232 1263 1414 1324 promesse
1438 1242 1568 1324 grandi

285 1351 319 1413 le
350 1351 459 1413 fanno
492 1351 526 1413 di
560 1372 824 1435 accompagnar
848 1351 958 1416 Cesar
986 1352 1056 1413 alia
1088 1371 1220 1413 corona
1243 1350 1280 1412 di
1304 1350 1439 1430 Roma,
1473 1359 1509 1410 et
1533 1352 1567 1411 lo

287 1459 545 1538 aggabberano
567 1433 706 1538 saltem,
731 1461 796 1522 che
821 1479 886 1541 per
909 1458 932 1521 il
957 1468 1124 1541 presente
1148 1478 1218 1521 non
1243 1478 1395 1520 saranno
1420 1458 1517 1520 nulla
1532 1457 1566 1519 di

287 1565 404 1645 quello
429 1563 599 1629 Chievres
628 1566 800 1629 desidera.

375 1673 549 1736 Tudensis
569 1676 615 1736 ha
639 1684 823 1757 composto
847 1695 918 1736 una
942 1673 1102 1735 oratione
1127 1683 1250 1734 contra
1275 1671 1298 1733 li
1315 1671 1508 1733 Lutherani
1533 1673 1568 1733 la

287 1781 368 1859 qual
403 1800 467 1862 per
498 1790 624 1860 questo
656 1781 772 1842 harrei
797 1781 982 1858 mandata,
1007 1800 1063 1841 ma
1088 1779 1107 1840 e
1132 1779 1255 1842 scritta
1279 1777 1568 1846 scorrettissima;

287 1885 352 1948 Lui
377 1887 541 1949 desidera
565 1889 673 1950 molto
699 1890 765 1951 che
790 1888 830 1950 N.
854 1886 890 1950 S.
917 1897 952 1950 et
975 1887 1020 1950 V.
1038 1887 1073 1949 S.
1099 1888 1222 1959 Revua
1245 1888 1278 1947 la
1302 1885 1399 1957 vedi;
1420 1885 1570 1946 manda·

287 1997 364 2056 rola
392 2014 457 2075 per
487 1995 510 2057 il
535 1995 659 2077 primo.
706 1994 748 2057 El
774 1997 872 2056 detto
889 1993 1063 2056 Tudensis
1088 1997 1233 2056 multum
1258 1993 1485 2074 conqueritur
1510 1991 1568 2054 de'

287 2122 349 2163 sue
373 2103 483 2181 bulle,
509 2113 544 2164 et
567 2101 705 2165 benene
730 2103 849 2181 cred0,
875 2121 975 2164 come
999 2101 1156 2181 intendo,
1181 2103 1247 2164 che
1272 2099 1319 2162 lui
1344 2099 1452 2162 hebbi
1471 2108 1569 2161 torto

287 2219 410 2271 contra
425 2209 506 2271 Don
523 2209 618 2291 Loys
635 2209 757 2290 Caroz,
781 2211 971 2272 tuttavolta
996 2228 1060 2290 per
1084 2229 1180 2271 esser
1197 2207 1371 2270 Tudensis
1395 2227 1571 2288 appresso

288 2315 397 2378 Cesar
421 2325 456 2378 et
476 2315 646 2380 Chievres
670 2337 825 2379 summae
850 2315 1071 2378 auctoritatis
1095 2325 1130 2378 et
1154 2314 1302 2396 gratiae,
1327 2317 1374 2377 ho
1398 2333 1463 2396 per
1487 2333 1568 2375 con-

287 2421 374 2485 selio
407 2426 452 2485 da
484 2426 620 2506 grande
654 2445 807 2507 persone
839 2426 905 2486 che
929 2422 973 2485 N.
998 2420 1033 2486 S.
1068 2425 1101 2484 el
1126 2422 1330 2484 deverebbe
1355 2419 1571 2500 compiacer,

287 2551 357 2592 non
382 2529 461 2592 dico
487 2531 523 2592 di
546 2529 602 2593 far
624 2530 792 2594 iniustitia
817 2552 837 2594 o
862 2540 956 2593 torto
981 2531 1026 2593 ad
1051 2532 1195 2608 alcun0,
1227 2549 1284 2591 ma
1308 2527 1342 2588 di
1367 2529 1478 2589 veder
1503 2529 1572 2590 che

286 2637 367 2700 Don
401 2639 496 2720 Loys
529 2659 594 2700 con
629 2640 778 2720 qualche
812 2640 903 2700 altra
935 2657 1119 2718 promessa
1151 2636 1185 2697 di
1213 2636 1343 2698 Nostro
1368 2633 1522 2716 Signore
1549 2657 1572 2697 o

286 2765 520 2828 recompensa
543 2748 695 2808 lassasse
720 2748 768 2808 tal
793 2744 978 2808 beneficio.
1016 2745 1055 2806 ln
1080 2754 1205 2825 questo
1232 2764 1300 2805 non
1326 2742 1408 2805 dico
1433 2763 1471 2804 se
1497 2763 1570 2805 non

286 2856 320 2916 lo
346 2856 411 2917 che
435 2875 491 2917 me
516 2855 711 2916 consiliano
736 2855 843 2935 quelli
868 2855 934 2916 che
950 2853 1077 2915 dicono
1096 2872 1194 2916 esser
1210 2849 1374 2914 servitori
1389 2860 1425 2914 et
1439 2852 1573 2932 grandi

285 2942 390 3025 amici
421 2962 455 3023 di
483 2960 613 3024 Vostra
638 2960 805 3043 Signoria
829 2960 1160 3038 Reverendissima‚
1193 2970 1229 3021 et
1253 2968 1333 3020 sunt
1357 2958 1414 3020 hic
1438 2958 1572 3040 magni.

288 3068 352 3129 Piu
381 3071 476 3132 volte
502 3072 534 3132 el
559 3069 656 3133 detto
681 3070 847 3132 Tudense
872 3069 917 3132 mi
942 3071 988 3131 ha
1013 3070 1111 3131 detto
1135 3069 1201 3129 che
1225 3069 1272 3129 ha
1296 3066 1385 3128 fatto
1411 3076 1446 3127 et
1469 3064 1508 3128 fa
1534 3067 1572 3129 in

287 3186 412 3257 questa
426 3196 510 3238 cosa
535 3176 571 3238 di
583 3176 716 3239 Luther
744 3186 836 3239 tutto
854 3177 876 3237 ’l
900 3174 1081 3258 possibile,
1105 3176 1284 3256 loquendo
1308 3183 1344 3237 et
1366 3172 1574 3253 scribendo,

286 3304 343 3345 ma
371 3284 437 3346 che
469 3286 539 3346 ben
572 3284 661 3347 vede
695 3305 773 3347 esse
804 3284 940 3346 irritum
972 3285 1145 3361 laborem,
1180 3292 1215 3345 et
1248 3282 1328 3343 altri
1361 3280 1463 3363 punti
1494 3281 1575 3345 cosi

287 3390 474 3472 passand0‚
499 3392 533 3453 al
558 3393 624 3454 ohe
648 3392 826 3473 respondo
851 3390 969 3471 quello
994 3410 1049 3452 me
1074 3410 1140 3471 par
1164 3392 1196 3452 el
1221 3391 1354 3452 dovere
1379 3409 1443 3471 per
1467 3388 1575 3452 satis-

286 3495 392 3575 farlo‚
424 3507 459 3560 et
483 3498 510 3561 s'
524 3496 688 3579 acquieta
712 3496 804 3561 assai
828 3499 932 3577 bene,
954 3506 993 3561 ‚et
1018 3498 1235 3580 comprendo
1253 3497 1318 3558 che
1334 3498 1578 3576 perseverare

287 3625 387 3667 come
403 3606 629 3668 commeneio.
669 3606 727 3667 Ma
751 3625 788 3667 se
813 3604 834 3666 1’
849 3605 939 3666 altro
967 3602 1003 3666 di
1027 3625 1047 3665 a
1069 3604 1258 3685 Moguntia
1281 3614 1379 3666 torse
1401 3622 1448 3664 un
1474 3623 1576 3684 poco

287 3714 320 3773 la
345 3712 434 3773 coda
459 3712 496 3774 fu
521 3712 606 3775 forsi
631 3733 702 3775 una
726 3722 883 3776 monstra
907 3732 971 3793 per
996 3711 1097 3774 venir
1121 3713 1153 3773 a]
1169 3711 1259 3773 fatto
1278 3731 1353 3790 su0,
1378 3719 1576 3790 utcumque

287 3828 340 3880 est
366 3819 462 3881 multi
486 3818 680 3901 faciendus,
706 3819 788 3901 quia
812 3818 868 3882 hic
893 3818 1044 3901 plurima
1066 3829 1194 3901 potest,
1220 3818 1372 3881 maxime
1390 3817 1577 3897 inquesta

289 3945 371 3987 cosa
388 3945 470 4014 ‚per
501 3946 598 3989 esser
629 3927 729 3991 dotto
762 3935 797 3989 et
824 3935 929 4008 grato
953 3927 986 3988 al
1012 3926 1198 4008 Principe,
1231 3925 1315 3988 nihil
1340 3935 1458 3986 tamen
1483 3937 1576 4005 peto

289 4046 432 4113 praeter
453 4034 508 4114 jus
534 4042 568 4095 et
593 4034 657 4097 fas.

377 4140 418 4203 El
435 4138 653 4203 Cancelliere
679 4141 698 4202 ὲ
723 4141 835 4222 gentil
859 4160 1024 4222 persona,
1049 4153 1084 4203 et
1108 4139 1135 4201 si
1161 4149 1266 4221 porta
1289 4142 1392 4218 bene,
1418 4159 1474 4200 ma
1492 4138 1580 4204 fara

189 4326 192 4333 Ι
287 4256 420 4327 quanto
445 4247 550 4309 vorra
575 4247 747 4311 Chievres
771 4247 829 4330 qui
854 4248 1041 4330 plurimum
1066 4259 1228 4309 movetur
1253 4268 1273 4307 a
1296 4246 1463 4309 Tudensi.

376 4352 577 4416 Pallentino
602 4356 748 4417 multum
773 4376 810 4418 se
836 4355 951 4432 offert,
980 4374 1036 4417 ma
1060 4362 1186 4435 questo
1211 4353 1373 4415 si'tratta
1396 4354 1454 4414 nel
1480 4352 1575 4418 Con-

287 4461 400 4541 seglio
425 4460 698 4543 D'Alemagna,
734 4463 826 4524 dove
860 4462 909 4523 lui
941 4482 1012 4524 non
1046 4469 1164 4532 entra;
1201 4469 1292 4523 tutta
1322 4458 1407 4521 fiata
1438 4458 1472 4521 io
1497 4480 1578 4526 non

287 4588 389 4630 cesso
413 4570 728 4632 raccommandarli
752 4572 786 4631 la
810 4590 905 4632 cosa.

376 4676 417 4737 El
443 4678 544 4739 Duce
575 4677 610 4738 di
640 4678 735 4740 Alva
762 4675 797 4738 in
829 4676 953 4738 favore
987 4675 1023 4736 di
1056 4674 1186 4737 Nostro
1219 4671 1373 4755 Signore
1404 4682 1441 4736 et
1474 4673 1582 4740 della

287 4781 414 4845 Chiesa
439 4784 467 4846 si
488 4784 638 4847 straccia
662 4783 684 4846 li
709 4784 830 4866 panni,
855 4802 923 4845 con
941 4791 1040 4845 tanto
1065 4782 1207 4844 fervore
1232 4800 1276 4842 ne
1300 4781 1416 4861 parla:
1464 4779 1509 4842 Et
1537 4782 1581 4847 in

285 4910 371 4953 vero
396 4890 470 4953 cosi
494 4890 601 4954 fanno
627 4891 707 4954 tutti
732 4891 756 4952 li
780 4888 955 4973 spagnoli,
981 4898 1124 4951 exeetto
1149 4888 1173 4949 li
1193 4887 1403 4950 mercatanti
1418 4892 1583 4968 sospetti
