3425 5700
628 591 874 650 ebetat&

136 749 183 801 aut
212 738 326 802 verbis
358 737 493 802 referre
522 759 727 822 possumuS,
760 739 934 802 maximas
962 739 1123 820 quidem,
1158 749 1193 802 et
1216 751 1390 821 perpetuo

135 845 226 907 acturi
255 865 388 920 sumus;
420 847 456 908 id
490 866 597 928 supra
634 847 752 910 omnia
787 846 1033 910 desiderantes
1065 855 1104 907 ut
1133 845 1252 927 aliqua
1283 867 1321 910 se
1353 867 1392 909 se

136 951 217 1014 nobis
238 951 366 1015 offerat
389 953 539 1036 occasio,
566 965 603 1016 ut
618 954 702 1036 quid
720 955 765 1018 de
781 965 842 1017 tua
862 954 1032 1036 singulari
1047 962 1176 1016 natura
1199 954 1392 1016 sentiamus

137 1071 329 1140 quantumve
346 1069 406 1122 tua
423 1081 530 1124 causa
554 1061 747 1143 cupiamus,
764 1061 940 1144 possimus
955 1061 1019 1123 tibi
1036 1061 1256 1123 memorabili
1273 1061 1391 1142 aliquo

136 1165 212 1228 sacto
234 1167 433 1240 declarare;
459 1170 554 1249 quod
579 1178 696 1232 tamen
721 1169 800 1231 Deo
825 1169 969 1251 auspice
993 1169 1148 1231 futurum
1173 1167 1390 1231 confidimus.

136 1273 193 1334 Sed
223 1284 256 1336 et
287 1274 332 1335 de
364 1273 418 1335 his
452 1275 614 1337 omnibus
649 1286 684 1337 et
715 1295 821 1356 quum
855 1285 1018 1356 optemus
1042 1275 1265 1338 Maiestatem
1296 1284 1392 1336 tuam

135 1399 209 1460 quae
231 1384 321 1444 bene
346 1391 451 1462 cepta
476 1392 557 1444 sunt
581 1385 627 1445 ad
651 1385 841 1445 salutarem
865 1382 970 1445 finem
996 1384 1182 1460 deducere,
1207 1381 1392 1445 scribimus

134 1488 244 1549 nuntiis
268 1488 398 1550 nostris
422 1499 460 1550 ut
484 1509 562 1552 cum
586 1490 774 1554 Maiestate
799 1499 861 1552 tua
884 1501 1007 1552 nostro
1026 1489 1171 1556 nomine
1203 1489 1391 1550 communi-

133 1603 208 1672 cent,
243 1595 372 1675 quibus
403 1595 465 1658 illa
505 1595 611 1659 fidem
648 1600 782 1660 habere
821 1597 1036 1679 dignabitur.
1084 1597 1165 1658 Dat.
1212 1596 1391 1659 Malianae

134 1699 179 1759 die
201 1701 245 1762 lV
271 1701 355 1764 Maii
387 1723 464 1780 1521
493 1724 586 1766 anno
612 1725 718 1767 nono,

204 1809 238 1886 (Ι)
263 1807 406 1871 Gratias
441 1809 505 1872 tibi
542 1831 631 1892 quas
664 1833 850 1894 possumus
885 1813 1074 1890 habemus,
1110 1811 1392 1892 Redemptorem

133 1925 267 1978 nostrum
290 1915 471 1978 humiliter
495 1918 729 1997 deprecantes
761 1919 823 1981 tibi
850 1921 1024 1981 concedat
1049 1938 1220 1999 prospera
1254 1929 1391 1999 cuncta,

133 2017 258 2100 impleat
290 2035 415 2086 sancta
454 2025 649 2105 desideria,
684 2026 887 2107 tribuatque
915 2025 1095 2088 Maiestati
1129 2034 1211 2086 tuae
1243 2025 1391 2087 similem

133 2146 253 2208 semper
278 2131 429 2192 animum
456 2143 490 2192 ot
515 2151 637 2212 parem
663 2130 838 2196 virtutem.

725 2597 778 2658 es.

218 2709 410 2811 Exemplar
438 2711 563 2792 Brevis
591 2714 668 2791 iam
696 2712 800 2791 nissi
829 2712 874 2791 ad
902 2711 992 2793 offla.
1022 2712 1283 2794 Treverensen.

564 2850 705 2919 (limtlet.
725 2852 815 2911 Germ.
834 2852 865 2910 1..
885 2852 937 2923 ts.)

522 2968 600 3037 (Cum
620 2970 714 3019 litteris
744 2984 781 3034 ¹4·
805 2972 870 3019 Maii
893 2972 979 3035 1521.)

203 3092 267 3159 Dil.
283 3094 361 3159 Fili.
409 3094 464 3157 Ex
488 3094 617 3158 litteris
641 3107 839 3159 nostrorum
866 3106 902 3158 et
926 3107 1115 3177 praeterea
1130 3099 1317 3159 multorum
1333 3097 1390 3159 ist-

128 3192 196 3257 hinc
219 3203 353 3265 nunciis
378 3203 611 3284 cognovimus
635 3224 705 3284 qua
732 3214 790 3265 tua
817 3202 960 3265 devotio
977 3202 1119 3283 virtute,
1144 3224 1214 3284 qua
1230 3214 1390 3265 constan·

129 3300 175 3383 tia,
198 3303 347 3388 Spiritus
372 3318 469 3373 certe
489 3310 601 3372 sancti
626 3310 751 3373 afflata
767 3312 905 3389 ardore,
926 3309 1069 3391 impiam
1085 3310 1227 3372 Martini
1245 3310 1391 3373 lutheri

129 3420 157 3469 et
183 3425 329 3477 mentem
366 3425 403 3477 et
437 3417 647 3479 sententiam
687 3416 926 3479 confutaverit
961 3416 1146 3498 ipsumque
1182 3426 1217 3479 et
1251 3429 1391 3498 patrum
1448 3440 1453 3452 ·

129 3518 351 3603 maiorumque
376 3533 575 3585 nostrorum
608 3534 643 3585 et
667 3522 947 3585 sanctisimorum
979 3524 1285 3586 oecumenicorum
1311 3544 1389 3586 con-

130 3622 271 3692 ciliorum
295 3630 460 3711 decretiS,
481 3630 733 3709 sanctionibus,
758 3630 928 3693 institutis
942 3630 1166 3711 impudenter
1189 3651 1231 3692 ac
1255 3640 1390 3693 temere

128 3729 345 3816 derogantem
369 3736 462 3820 aptis
495 3746 530 3801 et
561 3736 738 3817 expeditis
771 3737 1111 3817 interrogationibus
1143 3738 1192 3799 ita
1223 3737 1390 3799 irretierit

129 3848 158 3897 ut
172 3839 233 3905 iam
251 3846 412 3908 omnibus
430 3866 605 3928 apparere
621 3844 767 3926 incipiat
783 3844 981 3926 manifesto,
997 3866 1074 3906 cum
1090 3844 1261 3907 innovare
1275 3845 1392 3907 omnia

129 3949 282 4013 voluisset
306 3972 376 4015 non
401 3962 438 4013 ut
464 3952 659 4031 corrigeret
684 3952 746 4013 sed
771 3961 808 4013 ut
838 3955 1065 4032 perturbaret
1088 3954 1257 4033 populum
1282 3950 1388 4014 Sanc-

128 4061 188 4117 tum
210 4058 276 4121 Dei
300 4069 336 4122 et
360 4070 527 4140 tanquam
552 4056 915 4120 minister'Sathanae
949 4070 1083 4120 rectum
1117 4061 1248 4138 dogma
1272 4060 1389 4121 catho-

128 4158 204 4223 licae
242 4166 489 4229 observantiae
529 4166 592 4243 ad·
614 4164 801 4245 pernitiem
840 4163 1033 4227 animarum
1072 4175 1108 4227 et
1148 4187 1246 4228 suam
1289 4166 1390 4228 nimis

127 4268 249 4345 gloriae
272 4273 501 4355 cupiditatem
525 4280 766 4354 perverteret;
791 4291 884 4353 quae
908 4293 965 4333 res
988 4281 1113 4353 utpote
1138 4282 1237 4334 tanta
1260 4272 1390 4335 virtute

129 4384 156 4433 et
177 4377 302 4455 pietate
326 4390 430 4461 gesta
454 4388 622 4461 quantum
647 4380 773 4440 horum
789 4388 987 4460 temporum
1012 4378 1172 4457 gravitas
1189 4390 1223 4441 et
1241 4400 1390 4441 comune

128 4482 328 4563 reipublicae
364 4488 559 4570 periculum
597 4489 815 4568 postulabat,
852 4485 918 4549 etsi
960 4488 1073 4549 Deum
1111 4486 1389 4567 omnipotentem

128 4598 156 4649 et
192 4594 405 4657 laudatorem
443 4595 543 4657 simul
581 4604 615 4655 et
648 4604 948 4655 remuneratorem
982 4592 1147 4654 habitura
1177 4605 1248 4673 est,
1286 4593 1389 4655 nobis

127 4706 230 4763 tamen
255 4702 303 4765 ita
326 4714 429 4785 grata
453 4701 594 4783 accidit,
619 4710 718 4763 tanta
743 4720 819 4762 eam
845 4720 923 4762 cum
948 4699 1084 4762 laetitia
1108 4700 1327 4767 audivimus,
1351 4712 1389 4761 ut

142 4847 321 4863 '‘Q—-

153 4928 172 4993 ¹)
189 4934 261 4994 Quae
279 4943 421 4999 sequuntur
440 4941 498 4981 sunt
518 4934 598 4981 verba
617 4934 714 4997 scripto
733 4948 811 4980 manu
831 4932 940 4996 propria
959 4931 1056 4979 Leonis
1075 4934 1111 4980 X.
