3425 5700
694 566 941 625 *dulles

391 712 658 795 Gleichenberg
1033 714 1292 794 Reussenberg

392 819 568 882 Pondorff
1032 820 1235 902 Leurnpach

393 926 573 1009 Walpach
1031 925 1263 990 Rottenheim

392 1032 577 1099 Suntheim
1032 1032 1249 1114 Sugenheim

392 1141 598 1205 Rottenfels
1033 1141 1244 1203 Neunhausz

392 1248 572 1329 Turwang
1032 1246 1130 1310 Sultz

392 1351 551 1417 Stubach
1031 1352 1238 1435 Kirchberg

393 1460 497 1525 Giich
1032 1460 1274 1525 Westerdorff

394 1567 627 1631 Arnolffstein
1033 1566 1212 1632 Gibelstat

394 1674 500 1738 Prum
1031 1676 1313 1738 Hindenhausen

394 1782 647 1845 Tasthentlorff
1034 1782 1243 1845 Burchstein

392 1888 547 1951 Rednitz
1032 1888 1211 1952 Gnimden

392 1995 630 2079 Willemberg
1033 1994 1181 2059 Satzsen

391 2102 551 2166 Turnaro
1034 2102 1190 2166 Neusesz

391 2207 590 2287 Freienfels
1031 2210 1167 2273 Tlisten

393 2314 518 2378 Weier
1031 2317 1151 2380 Ellern

395 2422 649 2486 Planckenfels
1035 2422 1248 2505 Leiterpach

394 2528 638 2593 Weicsenfeld
1034 2528 1280 2593 Storsendorff

396 2636 595 2718 Rapeneck
1033 2636 1273 2700 Weisenbrun

392 2743 575 2806 Lunrennt
1032 2744 1270 2807 Wartenfelsz

392 2852 534 2914 Kutzhe
1031 2849 1248 2928 Weisenfels

396 2957 592 3021 Bittenfeld
1035 2958 1198 3022 Auffsasz

399 3064 593 3148 Waltburg
1036 3065 1200 3128 Keinach

395 3172 597 3236 Altenstein
1031 3171 1288 3236 Sachsendorff

394 3275 641 3363 Schwanberg
1032 3279 1250 3342 Rusenbach

391 3385 510 3449 Castel
1032 3385 1272 3449 Wadendorff

391 3491 555 3575 Ninburg
1034 3492 1254 3556 Hallerdorff

392 3597 590 3680 Speckfeld
1032 3599 1133 3662 Grub

394 3705 642 3788 Steffansberg
1032 3707 1217 3789 lngolstat.

266 3813 312 3876 Et
354 3813 471 3876 adhuc
506 3813 652 3876 totidem
690 3813 855 3876 dicuntur
889 3813 1060 3893 diruisse,
1093 3815 1150 3876 vel
1187 3814 1270 3895 quia
1303 3823 1387 3876 tunc
1420 3813 1456 3876 in

176 3919 373 4001 scriptione
397 3921 551 3984 schedae
582 3920 685 3983 huius
716 3922 872 3984 nondum
901 3924 946 3983 de
974 3921 1136 3984 omnibus
1163 3921 1229 3983 fuit
1265 3919 1456 4002 cognitum,

177 4037 214 4089 et
238 4026 321 4108 quia
345 4028 466 4108 plures
482 4047 583 4090 arces
600 4037 811 4090 exusserunt
827 4040 909 4108 post
925 4029 1017 4090 hanc
1033 4027 1299 4091 annotationem
1313 4026 1454 4094 factam.

267 4133 579 4216 vigesimaquarta
613 4133 698 4197 Maii
735 4136 953 4198 rebellarunt
990 4134 1097 4216 aliqui
1137 4135 1268 4197 subditi
1310 4133 1457 4198 Casmiri

177 4239 395 4304 Marchionis
408 4241 776 4324 BrandenburgensiS,
801 4254 836 4304 et
848 4241 916 4304 tria
936 4242 1043 4305 millia
1057 4243 1210 4304 virorum
1234 4243 1453 4305 obsederunt

178 4348 349 4431 oppidum
382 4347 597 4429 Nevenstat‚
632 4349 678 4411 ad
709 4347 851 4411 fluvium
877 4350 978 4411 Asth.
1024 4350 1146 4430 ltaque
1178 4348 1339 4411 Marchio
1377 4369 1454 4410 curn

178 4454 358 4518 sexcentis
392 4454 585 4536 equitibuS‚
622 4465 657 4518 et
690 4455 918 4538 noningentis
947 4455 1128 4537 peditibus
1161 4473 1199 4533 27
1232 4455 1317 4517 Maii
1346 4455 1458 4518 exivit

178 4562 466 4643 Marchtelspach
491 4563 536 4625 ad
560 4563 668 4643 lpsan
708 4573 743 4624 et
773 4562 809 4624 in
838 4561 964 4625 itinere
996 4561 1154 4625 incendit
1184 4561 1320 4644 aliquas
1354 4562 1457 4624 villas

179 4668 445 4749 seditiosorum,
471 4679 506 4731 et
529 4669 637 4751 aliqui
662 4671 707 4730 ab
733 4669 912 4749 equitibus
935 4669 1103 4751 deprensi
1125 4669 1396 4751 iugulabantur:
1420 4668 1455 4730 in

178 4776 239 4858 Ips
263 4775 388 4838 decern
410 4777 565 4839 rebelles
588 4775 689 4838 iussit
713 4775 899 4849 decollari;
931 4788 967 4839 et
989 4776 1025 4838 in
1049 4775 1175 4838 itinere
1198 4795 1324 4838 versus
1347 4775 1455 4838 Bern-

178 4882 271 4946 heim
297 4881 447 4946 trecenti
471 4881 592 4944 rustici
615 4881 816 4945 inciderunt
838 4881 874 4945 in
900 4883 1037 4965 equites
1059 4883 1243 4965 praevios,
1268 4887 1456 4966 sexaginta
