3425 5700
796 556 1044 616 mansne

279 704 466 789 bergensis
482 702 596 769 minus
611 698 782 787 providus
807 706 925 770 omnia
949 706 1075 785 amisit,
1102 716 1138 769 et
1160 704 1196 769 in
1221 713 1438 788 potestatem
1463 703 1564 769 rusti-

279 832 400 875 corum
413 813 528 875 venit:
554 812 825 894 Herbipolensis
835 814 948 877 maior
962 814 1129 895 consiliis,
1147 834 1265 877 arcem
1288 834 1387 877 suam
1411 824 1564 877 tormen·

279 918 335 999 tis,
361 928 396 980 et
420 919 633 981 victualibus
663 920 823 995 instruit;
853 921 1070 1004 praesidium
1101 931 1352 984 sexcentorum
1381 920 1565 983 hominum

278 1025 435 1106 imponit,
463 1035 498 1088 et
522 1027 567 1087 ad
594 1026 794 1089 Palatinum
818 1026 1019 1091 Electorem
1043 1048 1108 1109 pro
1134 1027 1268 1090 auxilio
1292 1027 1420 1107 currit,
1453 1027 1563 1109 ligam

278 1132 384 1194 etiam
409 1131 619 1207 sollicitans;
645 1133 806 1196 omnibus
831 1144 949 1197 autem
982 1134 1126 1217 oppidis
1166 1142 1201 1197 et
1231 1134 1375 1214 castris,
1406 1154 1471 1215 per
1502 1134 1563 1196 de·

279 1240 449 1302 ditionem
472 1239 507 1301 in
532 1240 741 1303 rusticorum
766 1251 981 1322 potestatem
1005 1241 1232 1305 venientibus
1239 1289 1248 1321 ,
1280 1240 1424 1303 civitate
1455 1240 1564 1303 etiam

278 1344 533 1427 Herbipolensi
559 1349 717 1429 obtenta,
742 1366 861 1410 arcem
885 1357 983 1410 arcta
1019 1347 1206 1411 obsidione
1242 1349 1391 1429 cingunt
1427 1347 1565 1409 XXVI

279 1453 424 1515 millium
448 1452 678 1527 rusticorum;
704 1453 868 1517 iuverunt
891 1455 1101 1519 rusticorum
1125 1454 1267 1535 suriam,
1293 1456 1363 1517 duo
1395 1475 1440 1517 ex
1464 1454 1564 1517 nobi-

278 1560 370 1623 libus
394 1560 429 1622 in
453 1560 559 1622 armis
581 1560 768 1623 exercitati
794 1559 908 1623 Getzo
933 1564 977 1623 de
1001 1562 1202 1625 Berlachim
1235 1573 1270 1624 et
1305 1562 1491 1624 Florianus
1514 1562 1565 1622 de

279 1665 378 1739 Geir;
394 1674 583 1747 tormenta,
598 1676 633 1729 et
645 1668 793 1729 consilia
807 1667 1019 1731 ministravit
1031 1668 1210 1750 Georgius
1224 1671 1274 1752 (ut
1282 1669 1421 1749 dicitur)
1434 1668 1565 1732 Comes

282 1774 325 1835 de
350 1772 550 1837 Wertheim
580 1775 796 1853 lutheranus,
820 1784 855 1837 et
877 1777 1050 1838 vassallus
1071 1776 1254 1839 Ecclesiae
1279 1775 1564 1857 Herbipolensis.

371 1879 543 1943 Confecto
567 1880 687 1962 itaque
712 1881 863 1963 negocio
887 1902 952 1962 per
972 1882 1081 1963 ligam
1096 1882 1132 1944 in
1148 1882 1437 1965 Wirtenbergiis,
1461 1903 1564 1945 exer·

282 1987 389 2051 citum
424 1998 563 2050 motura
598 1997 675 2051 erat
709 1987 744 2050 in
778 1988 1021 2069 Herbipolim,
1063 2009 1173 2070 quare
1199 1989 1382 2052 Palatinus
1419 1990 1566 2052 Elector

281 2115 320 2173 ²3
347 2094 435 2156 Maii
470 2094 582 2158 exivit
613 2094 893 2175 Heidelbergam
918 2115 996 2157 curn
1029 2096 1313 2178 Archiepiscopo
1349 2097 1566 2160 Treverensi

281 2201 460 2283 Episcopo
485 2200 759 2282 Herbipolensi,
795 2213 830 2264 et
861 2211 993 2283 nepote
1030 2204 1131 2265 Duce
1162 2201 1296 2265 Ottone
1321 2203 1493 2283 Henric0,
1527 2214 1567 2266 et

281 2313 321 2371 28
365 2308 439 2371 Mai
478 2328 679 2371 convenere
714 2310 819 2372 ambo
855 2308 1035 2371 exercitus
1071 2309 1166 2387 ligae
1220 2322 1256 2372 et
1290 2310 1443 2373 Palatini
1478 2319 1566 2373 ante

282 2416 440 2479 Nechers
463 2416 535 2478 ulm
551 2452 595 2461 -
626 2436 666 2494 29
698 2414 770 2477 Mai
794 2436 851 2477 res
886 2436 1008 2478 omnes
1033 2426 1309 2498 composuerunt
1336 2416 1373 2479 in
1389 2417 1564 2480 Neckers·

281 2524 362 2605 ulm,
389 2532 424 2585 et
449 2522 621 2605 oppidani
647 2523 887 2586 obedientiam
910 2524 1165 2605 praestiterunt
1182 2524 1469 2587 Commendatori
1491 2524 1566 2588 fra-

281 2642 373 2693 trum
405 2629 680 2693 Teutonicorum
705 2650 826 2693 eorum
850 2630 983 2693 domini
1006 2668 1049 2675 —
1079 2651 1122 2709 30
1147 2630 1235 2693 Maii
1267 2632 1444 2694 exercitus
1480 2632 1567 2693 duc·

278 2748 335 2799 tus
359 2737 404 2799 ad
428 2734 642 2817 Nevenstat,
676 2747 712 2799 et
743 2738 877 2821 oppido
902 2739 948 2799 ad
973 2737 1125 2820 gratiam
1150 2748 1186 2801 et
1209 2738 1377 2801 iustitiam
1400 2749 1566 2819 accept0,

279 2845 402 2927 paucis
426 2832 623 2926 decollatis,
647 2843 853 2908 festinatum
886 2858 940 2909 est
972 2866 1015 2909 eo
1049 2846 1107 2909 die
1137 2846 1183 2909 ad
1208 2842 1369 2928 Oringen
1393 2845 1569 2928 oppidum

281 2952 446 3015 comitum
466 2953 510 3014 de
524 2952 610 3014 Alta
631 2949 781 3031 flamma,
807 2972 877 3033 quo
902 2954 994 3016 dum‘
1008 2953 1256 3035 pervenissent
1279 2953 1448 3035 oppidum
1472 2953 1567 3016 illud

277 3069 460 3141 receptum
493 3069 567 3136 est,
601 3067 639 3120 ut
669 3057 756 3140 alia;
790 3079 832 3120 eo
874 3069 991 3122 autem
1029 3061 1086 3122 die
1117 3081 1220 3122 mane
1252 3060 1414 3122 abierant
1436 3059 1566 3123 rustici

279 3164 386 3228 Otten
410 3163 561 3227 Welder
585 3167 681 3246 8000,
706 3175 741 3226 et
767 3185 806 3243 29
833 3165 918 3228 Maii
933 3166 1096 3229 abierant
1113 3165 1142 3228 F
1144 3185 1318 3229 rancones
1337 3186 1415 3230 cum
1438 3186 1568 3230 eorum

282 3272 477 3354 Capitaneo
501 3269 678 3352 Getzone,
710 3291 821 3353 quare
855 3271 974 3335 emissi
1006 3284 1087 3334 sunt
1117 3272 1303 3355 quingenti
1330 3273 1481 3353 equites,
1516 3274 1569 3335 ad

279 3379 525 3442 remorandum
536 3378 602 3441 iter
616 3379 837 3458 rusticorum,
851 3391 887 3442 et
900 3379 1017 3442 media
1028 3389 1133 3442 nocte
1147 3390 1241 3442 totus
1252 3379 1428 3443 exercitus
1440 3382 1568 3443 subse-

280 3497 381 3549 cutus
396 3497 449 3548 est
462 3485 600 3549 XXXI
611 3485 696 3548 Maii
709 3505 833 3549 versus
846 3487 1049 3550 Tanberum
1057 3484 1215 3550 fluvium:
1230 3485 1390 3551 Getzone
1400 3507 1483 3549 vero
1496 3507 1572 3570 per

279 3595 526 3675 exploratores
551 3593 772 3674 intelligente
798 3593 892 3674 ligae
916 3592 1201 3673 festinationem,
1230 3604 1336 3656 nocte
1360 3615 1382 3656 a
1404 3593 1475 3656 suis
1500 3615 1568 3656 au·

279 3699 381 3781 fugit,
406 3698 464 3780 qui
494 3701 641 3762 ductore
673 3708 836 3762 carentes
869 3699 958 3782 iuga
991 3699 1143 3782 dispersi
1179 3709 1274 3762 sunt:
1310 3697 1570 3763 Ottenwalden

281 3827 366 3870 vero
400 3806 467 3869 iter
497 3827 597 3870 suum
634 3827 756 3870 versus
790 3807 1016 3870 Herbibolim
1057 3808 1307 3898 continuarunt
1338 3806 1570 3873 festinanter.

278 3914 397 3978 Prima
430 3913 486 3975 die
510 3913 605 3992 Junii
630 3913 808 3976 exercitus
834 3914 929 3998 ligae
952 3915 1092 3977 traiecit
1115 3913 1243 3978 fiumen
1269 3916 1487 3994 'lanberum,
1531 3928 1572 3978 et

277 4021 397 4084 rustici
423 4024 467 4083 ab
493 4021 674 4102 equitibus
698 4021 861 4103 impediti
884 4023 1121 4103 desperarunt
1144 4023 1322 4104 attingere
1337 4022 1572 4104 Herbipolim

277 4137 360 4192 ante
385 4148 639 4210 congressum:
668 4129 740 4189 lam
765 4129 857 4191 enim
883 4130 1049 4210 viderunt
1074 4129 1270 4192 exercitum
1305 4114 1415 4211 ligae:
1447 4147 1571 4210 quare

278 4253 392 4318 prope
427 4235 546 4296 villam
579 4233 831 4316 Kungshoffen
866 4246 1014 4299 mortem
1045 4239 1215 4308 subeunt;
1252 4238 1296 4297 ad
1330 4255 1572 4318 congressum

278 4363 317 4406 se
340 4353 478 4424 parant,
503 4343 659 4404 secunda
678 4341 772 4420 Junii
797 4342 975 4405 exercitus
992 4343 1086 4424 ligae
1102 4351 1256 4404 montem
1273 4341 1407 4405 invadit
1430 4363 1451 4403 a
1474 4362 1571 4424 qua·

278 4460 359 4513 tuor
382 4448 561 4530 partibuS,
595 4448 715 4511 rustici
746 4469 816 4512 non
849 4449 1005 4512 ferentes
1028 4450 1196 4512 insultum
1219 4448 1341 4532 fugam
1364 4449 1571 4533 arripuere,

278 4557 439 4638 pluribus
462 4557 508 4620 ad
533 4556 733 4638 proximum
769 4578 892 4621 nemus
923 4578 962 4621 se
995 4556 1270 4640 recipientibus,
1303 4555 1362 4638 qui
1396 4554 1572 4620 immissis

277 4664 553 4744 bombardariis,
590 4672 626 4726 et
649 4665 838 4727 lanceariis
865 4665 971 4728 occisi
1003 4673 1101 4745 sunt,
1126 4674 1163 4728 et
1185 4664 1351 4746 fugentes
1375 4663 1410 4725 in
1434 4683 1572 4728 manus

280 4771 434 4853 equitum
472 4791 538 4852 per
577 4769 760 4834 circuitum
799 4791 922 4834 nemus
963 4771 1201 4834 obsidentium
1233 4778 1427 4840 venerunt:
1462 4773 1571 4834 caesi

279 4889 360 4944 sunt
374 4883 478 4961 6300;
501 4880 710 4942 rusticorum
727 4887 903 4942 tormenta
917 4879 952 4940 in
977 4862 1117 4941 Rhedis
1137 4886 1242 4966 capta
1260 4899 1310 4957 42.
1325 4876 1419 4962 capti
1435 4879 1571 4944 rustici
