3425 5700
691 575 901 633 ΜΒΝ-ο

158 723 379 804 hortatoriaS,
404 732 443 786 ut
467 724 576 786 velint
600 725 769 805 adjuvare
794 724 837 785 ad
864 722 1111 784 executionem
1127 721 1246 782 bullae
1264 728 1299 780 et
1319 715 1436 780 omnia

158 829 191 891 in
216 850 258 892 ea
281 839 528 892 contentorum
552 839 587 892 et
611 840 717 911 prout
740 830 918 893 videbitur
940 829 1063 892 melius
1080 827 1262 908 expedire,
1288 844 1434 906 quarum

158 935 267 998 forma
282 935 496 1018 prudentiae
514 946 654 999 vestrae
671 938 891 1019 relinquitur.
928 936 1045 998 Aliam
1065 955 1152 998 vero
1172 936 1306 996 bullam
1325 933 1434 1014 plum·

159 1045 271 1106 batam
296 1043 460 1124 poteritis
485 1043 518 1106 ei
543 1043 701 1126 Principi
725 1047 783 1106 vel
804 1043 946 1106 domino
962 1052 1170 1124 presentare
1186 1042 1241 1104 cui
1259 1039 1372 1119 magis
1386 1038 1433 1099 vi-

160 1149 295 1212 debitur
315 1150 419 1212 vobis
439 1150 621 1232 expedire,
644 1152 762 1214 dando
781 1151 903 1233 copias
919 1153 1047 1213 multas
1060 1150 1222 1212 omnibus
1234 1145 1434 1209 volentibus

159 1253 1435 1340 illashabere,praesertimMetropolitanis,hortandoillosuteasmittant

162 1365 202 1424 ad
225 1384 307 1425 suos
332 1362 590 1446 suffraganeos
617 1375 652 1428 et
677 1367 719 1427 ad
738 1366 959 1428 Monasteria
976 1376 1012 1426 et
1028 1363 1237 1444 collegiatas
1254 1358 1434 1435 ecelesias,

159 1471 385 1550 publicandas
419 1482 454 1533 et
489 1473 661 1554 legendas
698 1473 799 1552 juxta
832 1471 982 1534 formam
1012 1471 1148 1548 bullae,
1182 1488 1320 1530 necnon
1346 1467 1434 1528 alias

160 1579 280 1640 multas
304 1577 445 1641 mittant
470 1581 514 1641 ad
540 1579 629 1641 alios
654 1579 947 1659 metropolitanos
970 1578 1148 1640 hortando
1172 1576 1251 1639 illos
1275 1584 1313 1637 ut
1344 1572 1433 1635 simi-

159 1683 234 1746 liter
262 1685 403 1747 mittant
433 1687 477 1748 ad
512 1706 595 1749 suos
620 1685 868 1768 suffraganeos
892 1695 927 1749 et
951 1685 1030 1748 aliis
1054 1681 1335 1764 metropolitanis
1359 1698 1433 1741 suc·

160 1791 288 1854 cessive
319 1793 554 1873 publicandas
587 1805 623 1856 et
647 1795 837 1874 legendaS‚
872 1794 920 1854 ita
944 1802 983 1855 ut
1006 1791 1218 1874 perveniant
1242 1789 1287 1850 ad
1311 1807 1433 1850 omues

159 1898 333 1963 diocaeses
358 1910 393 1962 et
418 1900 587 1963 ecclesias
612 1899 836 1986 Germaniae.

242 2005 375 2086 Quarto
400 2007 566 2070 adhibitis
591 2017 662 2069 tam
688 2008 923 2070 Leodiensem
947 2027 1051 2089 quam
1076 2005 1165 2067 alios
1189 2004 1374 2065 Praelatos
1398 2013 1434 2062 et

161 2113 315 2175 dominos
332 2114 367 2176 in
383 2114 488 2176 Curia
507 2125 727 2196 exercentes,
753 2123 789 2176 et
812 2105 951 2177 iacietis
975 2114 1053 2175 illos
1078 2122 1247 2193 quantum
1271 2110 1338 2172 erit
1354 2129 1432 2190 pos·

159 2219 255 2283 sibile
277 2221 497 2284 favorabiles
520 2223 601 2284 huic
627 2231 749 2284 sancto
775 2221 886 2303 operi.

241 2325 407 2408 Quintus,
442 2329 470 2390 si
494 2328 669 2390 Martinus
699 2349 765 2409 per
795 2348 833 2391 se
866 2330 922 2390 vel
958 2327 1063 2390 alium
1095 2348 1141 2389 ex
1171 2325 1370 2388 fautoribus
1395 2334 1433 2384 ut

158 2435 425 2497 adhaerentibus
457 2435 529 2497 suis
557 2437 668 2498 vellet
698 2455 736 2497 se
764 2434 957 2517 justificare
990 2449 1025 2496 et
1049 2445 1172 2516 petere
1196 2455 1236 2496 se
1260 2432 1373 2495 audiri
1397 2431 1431 2492 in

152 2539 257 2604 -Curia
273 2541 448 2605 Caesarea
467 2542 664 2624 Majestatis
687 2542 952 2624 respondebitis
972 2543 1044 2623 jam
1070 2541 1137 2603 sibi
1160 2540 1270 2602 fuisse
1296 2559 1362 2620 per
1378 2537 1431 2598 8¹¹¹

159 2648 197 2710 D.
228 2648 267 2710 N.
303 2651 461 2713 oblatum
494 2652 630 2712 salvum
667 2651 881 2712 conductum
914 2660 952 2712 ut
984 2649 1121 2711 veniret
1152 2649 1197 2710 ad
1230 2648 1431 2710 Romanam

159 2751 289 2816 Curiam
323 2765 358 2817 et
384 2753 515 2818 Sedem
553 2757 786 2839 apostolicam
821 2735 881 2819 ubi
915 2777 1043 2820 causae
1067 2758 1254 2818 haeresum
1280 2755 1323 2815 de
1354 2755 1431 2834 jure

157 2862 290 2924 tractari
322 2873 359 2925 et
384 2862 528 2926 diffiniri
560 2865 712 2946 debent,
743 2864 1025 2947 praesertimque
1058 2874 1246 2945 postquam
1277 2860 1430 2923 Sanctis-

157 2965 255 3030 simus
273 2970 349 3031 D¹²¹¹⁶
368 2970 410 3034 N.
428 2971 595 3052 apposuit
620 2982 814 3035 manumet
839 2972 1091 3035 condemnavit
1114 2969 1311 3051 hujusmodi
1336 2988 1429 3030 erro·

157 3094 217 3153 res,
232 3097 320 3157 quae
334 3086 437 3159 gesta
449 3098 515 3159 per
528 3098 627 3141 suam
641 3079 866 3142 sanctitatem
880 3080 909 3141 si
927 3080 1012 3141 alibi
1031 3078 1318 3142 examinarentur
1334 3086 1429 3137 esset

157 3194 272 3245 contra
295 3204 436 3246 omnem
456 3184 628 3266 justitiam
653 3197 688 3249 et
713 3187 869 3249 divinam
885 3196 920 3248 et
935 3189 1134 3264 humanam,
1160 3195 1196 3247 et
1212 3184 1241 3245 si
1257 3183 1430 3245 Martinus

157 3290 256 3351 vellet
278 3290 385 3353 hodie
409 3292 454 3353 ad
478 3312 662 3355 romanam
687 3292 827 3355 Curiam
852 3293 974 3356 venire
1000 3305 1035 3354 et
1058 3293 1107 3355 ibi
1132 3290 1257 3371 audiri,
1282 3298 1429 3370 paratus

158 3406 206 3455 est
229 3394 302 3459 ὃῐῑιιω
326 3398 370 3461 Ι).
389 3398 429 3461 N.
451 3400 554 3480 juxta
577 3399 727 3461 formam
750 3402 871 3463 bullae
896 3401 982 3463 dare
1007 3399 1075 3461 sibi
1098 3397 1338 3480 plenissimum
1363 3397 1429 3459 sal-

158 3520 230 3564 vum
254 3506 475 3586 conductum,
502 3519 537 3569 et
560 3505 791 3569 libentissime
817 3528 896 3569 eum
921 3508 1053 3570 audire.

238 3609 346 3673 Sexto
379 3614 556 3675 scribatur
582 3610 647 3675 8¹²⁰
673 3614 715 3676 D.
746 3614 788 3677 N.
825 3614 894 3676 cito
926 3626 962 3676 et
993 3614 1172 3695 sigillatim
1208 3632 1428 3693 quecumque

157 3711 284 3779 facietis
317 3732 355 3780 ut
386 3739 451 3800 pro
485 3731 646 3801 tempore
680 3722 794 3801 possit
826 3724 1021 3784 remedium
1045 3720 1188 3783 afferre:
1226 3730 1261 3782 et
1285 3718 1427 3780 domino

157 3818 274 3897 Joanni
298 3824 409 3888 Echio
444 3828 487 3889 de
521 3827 576 3889 his
609 3848 677 3908 que
711 3818 913 3891 necessaria
940 3829 1154 3891 videbuntur
1180 3848 1246 3909 pro
1271 3826 1426 3908 publica·

157 3925 246 3991 tione
270 3932 538 4027 etexecutione
564 3934 739 3997 bullarum
765 3934 796 3996 ei
822 3935 1100 4016 commissarum,
1129 3945 1168 3997 ut
1192 3935 1237 3998 sit
1260 3937 1356 3998 bono
1381 3936 1427 3996 ad

158 4036 406 4115 expediendum
439 4040 573 4118 omnia,
609 4050 644 4102 et
675 4041 704 4103 si
738 4042 964 4123 contingeret
994 4063 1059 4106 vos
1093 4042 1246 4105 conferri
1277 4043 1323 4103 ad
1346 4042 1427 4104 loca

157 4156 228 4202 cum
249 4141 323 4225 ipso
338 4145 491 4208 Domino
511 4144 659 4226 Joanne,
685 4168 750 4229 pro
774 4148 973 4230 hujusmodi
997 4150 1240 4230 publicatione
1265 4149 1351 4212 nihil
1375 4148 1422 4210 fa-

158 4245 248 4309 cietis
270 4262 389 4331 preter
412 4252 622 4317 sententiam
648 4266 682 4317 et
708 4276 919 4317 consensum
944 4258 1027 4336 ejus,
1053 4269 1089 4319 et
1112 4256 1272 4318 similiter
1295 4256 1324 4318 si
1345 4276 1423 4319 con-

157 4351 297 4433 tingeret
313 4358 391 4438 ipso
409 4359 559 4439 Domino
577 4361 715 4440 Joanne
732 4364 907 4424 accedere
923 4364 968 4425 ad
990 4364 1130 4425 Curiam
1151 4364 1314 4425 Caesaris
1338 4364 1424 4426 nihil

157 4456 226 4538 ipse
249 4461 352 4526 faciet
376 4486 441 4528 nec
466 4468 694 4549 attemptabit
719 4469 795 4531 sine
819 4470 967 4533 consilio
992 4482 1121 4536 vestre.

238 4566 365 4633 Ultimo
379 4574 606 4637 hortabimini
623 4586 695 4637 tam
710 4574 921 4640 Caesaream
936 4578 1159 4659 Majestatem
1180 4600 1285 4661 quam
1302 4598 1425 4642 omnes

160 4668 329 4756 Principes
353 4688 390 4739 ut
414 4689 496 4760 post
521 4682 799 4764 publicationem
823 4685 943 4747 bullae
961 4696 995 4747 et
1013 4686 1148 4768 lapsum
1165 4687 1303 4749 termini
1326 4687 1362 4748 in
1382 4708 1425 4749 ea

159 4782 301 4845 contenti
324 4784 498 4849 Martinus
530 4789 704 4869 capiatur,
737 4800 772 4852 et
802 4802 840 4851 ut
870 4790 1009 4855 vinetus
1041 4796 1189 4856 ducatur
1213 4796 1259 4856 ad
1284 4794 1424 4856 Curiam

159 4882 341 4953 Romanam
358 4902 396 4953 ut
422 4894 602 4978 condigna
625 4918 742 4979 poena
765 4898 943 4979 puniatur,
968 4910 1028 4962 aut
1051 4902 1176 4963 saltem
1199 4902 1276 4984 ipse
1300 4922 1422 4983 sequa-
