3425 5700
678 547 924 634 caraea

158 732 297 806 menta,
330 741 468 806 perque
500 724 657 787 rationes
687 746 766 787 cum
796 724 963 787 hereticis
988 724 1229 806 disceptantes
1254 723 1441 803 diffusique

160 830 369 912 elicuerunt,
393 852 498 912 quam
523 851 703 895 sacrorum
721 831 959 895 conciliorum
977 830 1224 893 determinatio
1248 829 1442 909 roboravit,

159 947 197 1001 et
231 939 328 1019 quod
363 958 428 1020 per
461 940 628 1003 doctores
663 948 740 1002 erat
763 937 1007 1001 doctrinaliter
1032 938 1245 1019 discussum,
1282 936 1442 999 Ecclesia

158 1045 420 1109 sententialiter
444 1046 622 1112 diffinivit.
668 1046 709 1108 In
734 1066 804 1127 qua
827 1053 950 1126 patres
974 1054 1010 1107 et
1033 1044 1185 1107 maiores
1202 1044 1312 1108 nostri
1338 1041 1441 1106 confi-

159 1153 289 1217 denter
312 1153 440 1215 mortui
464 1162 556 1233 sunt,
581 1163 617 1215 et
640 1164 808 1235 tanquam
832 1151 1068 1215 hereditatem
1092 1152 1127 1213 in
1152 1170 1217 1214 nos
1241 1150 1441 1213 transmise-

160 1268 252 1341 runt,
277 1262 323 1323 de
346 1281 416 1342 qua
439 1272 511 1324 tam
534 1260 722 1343 pontilitio,
748 1280 853 1341 quarn
878 1259 1043 1322 Caesaris
1063 1259 1140 1340 jure
1165 1258 1346 1339 disputare
1362 1279 1440 1340 pro·

160 1366 333 1448 bibemus,
358 1376 497 1429 etcum
521 1368 618 1449 apud
641 1369 770 1430 multos
794 1365 996 1429 rationandi
1021 1374 1057 1427 et
1080 1365 1277 1428 altercandi
1301 1384 1373 1427 non
1398 1364 1443 1426 sit

160 1470 250 1554 finis,
275 1483 424 1555 utraque
449 1494 609 1555 censura,
634 1474 668 1537 in
694 1494 756 1536 eos
781 1473 840 1555 qui
855 1484 1025 1555 proterva
1041 1472 1241 1535 temeritate
1260 1471 1442 1534 Ecclesiae

161 1579 297 1642 nollent
321 1581 615 1644 determinatione
647 1580 831 1644 subiacere
863 1600 1001 1661 poenae
1035 1578 1176 1661 prodite
1201 1588 1282 1642 sunt
1306 1586 1341 1641 et
1364 1600 1441 1661 pro·

159 1687 328 1767 mulgate.
375 1689 533 1770 Reliqua
551 1709 616 1770 per
639 1696 675 1750 te
696 1687 792 1750 dicta
806 1687 971 1768 Martine,
996 1687 1172 1750 brevitate
1189 1688 1344 1767 studens,
1368 1697 1442 1748 tan·

161 1814 269 1874 quarn
290 1796 372 1857 huic
397 1796 543 1876 negotio
567 1816 638 1857 non
663 1795 907 1877 congruentia,
933 1796 977 1857 de
1001 1794 1174 1857 industria
1197 1806 1373 1876 pretereo

251 1900 347 1963 Nihil
371 1912 425 1965 est
449 1922 537 1983 ergo
561 1902 726 1982 Martine,
751 1904 846 1984 quod
869 1900 1145 1983 disputationem
1169 1921 1289 1963 eorum
1315 1921 1441 1982 expec-

160 2016 217 2070 tes
252 2028 320 2089 que
355 2018 452 2072 certa
488 2019 524 2072 et
555 2010 725 2091 explicita
748 2008 818 2071 fide
843 2011 991 2072 credere
1016 2009 1157 2072 teneris.
1205 2008 1442 2089 Quamobrem

160 2117 287 2177 eadem
311 2116 430 2198 sepius
450 2116 662 2179 inculcanda
686 2126 721 2179 et
746 2118 944 2198 repetenda
967 2126 1064 2197 pute,
1089 2125 1127 2179 ut
1142 2114 1280 2177 sincere
1304 2124 1340 2177 et
1363 2135 1440 2176 can-

160 2221 266 2300 dide,
299 2243 368 2285 non
399 2225 566 2305 ambigue
604 2245 675 2287 non
710 2235 858 2286 cornute
883 2223 1104 2304 respondeas
1114 2270 1123 2303 ,
1148 2242 1192 2283 an
1219 2222 1329 2284 libros
1353 2230 1443 2303 tuos,

159 2336 197 2389 et
221 2349 359 2392 errores
383 2330 470 2392 inibi
494 2340 681 2394 contentos
706 2334 770 2393 abs
796 2341 832 2394 te
857 2331 1115 2411 disseminatos
1141 2349 1310 2392 revocare
1336 2338 1370 2391 et
1391 2349 1443 2390 re-

161 2443 315 2498 tractare
339 2436 438 2518 velis,
463 2457 528 2500 nec
554 2458 608 2501 ne.

606 2581 668 2643 Ad
693 2583 769 2643 hec
793 2580 1008 2643 Martinus

253 2705 404 2786 Quando
420 2724 508 2786 ergo
522 2706 760 2768 sacratissima
773 2705 943 2786 Majestas
958 2716 1088 2783 vestra,
1114 2704 1444 2787 dominationesque

159 2822 282 2877 vestre
317 2811 468 2894 simplex
494 2832 701 2894 responsum
730 2822 856 2894 petunt
892 2814 985 2877 dabo
1009 2813 1096 2875 illud
1121 2833 1236 2896 neque
1260 2824 1444 2876 cornutum

160 2939 278 3000 neque
303 2920 505 2999 dentatum,
540 2920 574 2982 in
599 2922 692 2983 hunc
717 2921 878 2983 modum:
914 2921 988 2982 Nisi
1012 2921 1196 2983 convictus
1220 2921 1321 2984 fuero
1346 2923 1442 2983 testi-

160 3025 288 3089 moniis
323 3027 594 3107 scripturarum,
632 3037 693 3090 aut
727 3029 865 3090 ratione
891 3027 1047 3090 evidenti
1083 3025 1177 3114 (nam
1202 3048 1317 3109 neque
1343 3029 1442 3109 Pape

161 3155 277 3215 neque
303 3133 469 3196 Conciliis
504 3135 589 3197 solis
626 3136 754 3211 credo,
791 3154 868 3196 cum
895 3144 1033 3197 constet
1058 3145 1092 3196 et
1117 3155 1236 3196 erasse
1261 3135 1381 3216 sepius
1405 3144 1441 3197 et

160 3241 229 3303 sibi
253 3240 339 3321 ipsis
371 3240 644 3320 contradixisse)
680 3251 715 3302 et
744 3241 858 3303 victus
883 3241 946 3304 sim
971 3241 1155 3322 scripturis
1179 3263 1200 3302 a
1224 3262 1279 3302 me
1305 3243 1440 3304 edoctis

161 3359 199 3410 et
224 3358 328 3429 capta
359 3347 575 3410 conscientia
603 3347 636 3408 in
669 3348 790 3409 verbis
822 3347 907 3427 Dei,
939 3367 1110 3410 revocare
1141 3368 1255 3429 neque
1288 3369 1442 3430 possum,

161 3475 278 3536 neque
313 3457 395 3517 volo
426 3453 611 3535 quicquid,
647 3473 726 3516 cum
756 3464 880 3517 contra
905 3455 1157 3518 conscientiam
1192 3475 1301 3536 agere
1327 3476 1442 3536 neque

161 3572 286 3640 tutum,
311 3582 427 3642 neque
451 3562 627 3642 integrum
652 3561 707 3623 sit.
754 3559 841 3624 Gott
866 3561 966 3623 Helii
987 3561 1061 3635 mir;
1087 3562 1212 3624 Arnen.

254 3669 332 3750 Quo
357 3689 531 3750 responso
556 3689 621 3750 per
645 3668 813 3730 Luterum
838 3669 934 3748 dat0,
951 3677 1172 3731 memoratus
1188 3667 1346 3730 notarius
1371 3690 1441 3731 om-

161 3778 268 3840 nibus
298 3776 366 3838 iam
400 3796 464 3856 pre
495 3780 601 3838 turba
633 3787 668 3837 et
693 3779 812 3838 calore
837 3775 987 3854 lassatis,
1012 3776 1198 3838 discedere
1222 3775 1441 3856 parantibus,

162 3883 285 3965 paucis
310 3902 375 3965 pro
400 3882 570 3964 temporis
593 3883 759 3964 angustia
775 3883 993 3945 inclamavit:
1021 3883 1171 3964 Depone
1189 3884 1442 3946 conscientiam

161 3992 334 4072 Martine,
369 4011 473 4072 quarn
498 3992 680 4072 deponere
705 3991 855 4066 teneris,
880 3990 962 4071 quia
987 4010 1137 4053 erronea
1169 4000 1239 4063 est;
1270 3999 1305 4052 et
1329 4001 1441 4052 tutum

162 4099 227 4160 tibi
251 4097 317 4160 erit
341 4115 511 4160 revocare
541 4108 575 4158 et
600 4098 787 4177 integrum.
835 4097 939 4177 Quod
971 4108 1088 4159 autern
1114 4097 1274 4160 Concilia
1302 4118 1441 4160 errasse

162 4205 267 4284 dicis,
297 4206 393 4266 nullo
423 4225 576 4284 unquam
601 4213 761 4285 tempore
786 4206 941 4287 probare
966 4204 1098 4284 poteris
1128 4204 1162 4266 in
1186 4205 1334 4267 materia
1357 4202 1441 4266 fidei

161 4314 305 4393 saltem,
336 4313 418 4374 licet
441 4311 476 4372 in
501 4311 648 4372 materia
672 4332 823 4390 morum,
848 4312 916 4372 ista
939 4313 1034 4373 haud
1061 4321 1210 4392 gravate
1236 4311 1440 4392 permisero.
1510 4309 1512 4312 ’

252 4419 311 4480 Ad
334 4420 399 4480 hec
425 4417 599 4480 Martinus
623 4437 661 4479 se
686 4438 729 4478 ea
752 4421 907 4498 probare
933 4437 1040 4499 posse
1063 4419 1280 4481 reclamavit.

252 4526 306 4587 Ita
330 4525 396 4588 fuit
419 4545 607 4587 recessum.

527 4667 649 4730 Libri
674 4665 860 4729 Martini
885 4665 1080 4729 Lutheri.

161 4793 219 4855 De
242 4792 346 4854 bonis
369 4793 549 4873 operibus

161 4900 218 4961 De
242 4900 408 4961 libertate
433 4899 635 4962 christiana.
