3425 5700
739 567 950 624 matu-0

826 732 846 796 2

489 839 623 922 Salvus
652 843 847 922 conductus
876 841 983 920 datus
1010 840 1200 920 Aleandro.

626 971 710 1042 (Acta
727 969 943 1029 wimannus
960 969 1008 1029 let
1027 970 1064 1041 Θ.)

718 1072 773 1140 (20.
793 1073 860 1138 Julii
882 1070 970 1140 1520.)

292 1179 366 1242 Leo
390 1179 590 1262 Episcopus
614 1177 747 1242 Servus
764 1177 957 1242 Servorum
977 1179 1056 1259 Dei,
1074 1178 1260 1241 Universis
1278 1189 1313 1240 et
1335 1178 1484 1258 singulis

204 1288 250 1348 ad
274 1307 362 1368 quos
385 1297 595 1367 praesentes
619 1288 860 1368 pervenerint,
885 1288 1034 1348 salutem
1059 1297 1094 1348 et
1122 1286 1354 1368 apostolicam
1380 1287 1485 1348 bene-

204 1393 404 1456 dictionem.
452 1394 538 1456 Cum
565 1393 731 1456 dilectum
755 1393 865 1456 filium
889 1393 1145 1476 Hieronymum
1170 1395 1390 1456 Aleandrum
1415 1391 1484 1453 No·

203 1499 328 1563 tarium
363 1511 398 1564 et
422 1501 738 1564 Bibliothecarium
770 1511 929 1563 nostrum
961 1504 1007 1562 ob
1033 1502 1144 1563 ardua
1168 1511 1204 1563 et
1226 1500 1333 1562 fidem
1358 1499 1484 1561 Catho-

202 1606 305 1670 licam
341 1618 540 1690 statumque
572 1607 794 1670 Christianae
818 1607 1001 1669 Ecclesiae
1036 1605 1288 1670 concernentia
1322 1605 1484 1686 negocia,

202 1715 249 1776 ad
269 1715 510 1777 charissimum
526 1714 562 1776 in
584 1713 724 1777 Christo
748 1712 857 1776 filium
883 1723 1040 1776 nostrum
1057 1713 1222 1776 Carolum
1239 1714 1485 1775 Romanorum

203 1830 239 1883 et
262 1821 514 1904 Hispaniarum
538 1840 660 1901 regern
686 1819 907 1883 Catholicum
930 1820 965 1882 in
980 1821 1236 1902 imperatorem
1262 1822 1423 1900 electum,
1449 1829 1485 1880 et
1578 1902 1583 1910 ¹

202 1927 341 2009 aliquos
354 1929 442 1990 alios
456 1927 667 1990 christianos
684 1927 865 2009 principes
880 1927 1055 1990 Nuncium
1072 1938 1107 1990 et
1124 1936 1300 1990 oratorem
1317 1927 1485 1989 Nostrum

202 2033 390 2115 mittamus,
423 2034 650 2097 devotionem
675 2044 831 2098 vestram
857 2044 893 2098 et
915 2044 1074 2097 vestrum
1102 2034 1261 2116 singulos
1292 2037 1484 2114 hortamur,

202 2141 353 2204 subditis
385 2162 471 2204 vero
503 2141 633 2204 nostris
666 2151 702 2204 et
735 2143 894 2222 gentium
927 2142 1183 2222 armigerorum
1216 2141 1413 2221 capitaneis
1448 2149 1484 2202 et

203 2247 409 2310 ductoribus
422 2268 488 2310 nec
508 2269 577 2311 non
599 2248 767 2311 militibus
787 2251 832 2311 ad
844 2249 975 2310 Nostra
995 2260 1030 2311 et
1039 2249 1093 2311 SM
1104 2248 1291 2310 Romanae
1302 2247 1483 2310 Ecclesiae

203 2355 380 2435 stipendia
390 2354 631 2435 militantibus,
644 2357 708 2418 sub
722 2355 977 2436 indignationis
990 2366 1133 2419 nostrae
1146 2377 1265 2437 poena
1276 2355 1484 2418 mandamus

202 2470 241 2523 ut
264 2461 485 2543 praedictum
501 2461 757 2544 Hieronymum
783 2483 861 2525 cum
886 2463 957 2526 suis
982 2462 1169 2526 comitibus
1192 2463 1424 2525 familiaribus
1449 2472 1484 2523 et

203 2568 449 2648 servitoribus,
483 2589 549 2631 nec
582 2590 650 2630 non
677 2570 749 2632 suis
774 2567 903 2632 Salmis
927 2580 962 2633 et
988 2569 1121 2650 bulgiis
1147 2569 1279 2632 valisiis
1311 2580 1346 2633 et
1376 2572 1483 2631 rebus

202 2673 281 2736 aliis
312 2695 377 2756 per
409 2695 531 2738 omnes
563 2676 725 2738 civitates
755 2687 870 2740 terras
894 2686 1022 2759 pontes
1047 2697 1174 2758 passus
1198 2687 1321 2758 portus
1345 2685 1381 2738 et
1405 2678 1483 2738 loca

203 2781 385 2862 quaelibet
403 2792 474 2844 tam
492 2793 614 2845 nostra
642 2803 747 2865 quam
771 2793 903 2863 vestra,
928 2786 1062 2866 absque
1088 2784 1236 2846 alicuius
1260 2783 1352 2845 dacii
1376 2785 1483 2865 peda-

203 2887 251 2969 gii
284 2891 448 2969 gabellae
477 2892 690 2953 bulletarum
714 2892 864 2973 portorii
887 2891 1093 2954 fundinavis
1117 2902 1177 2953 aut
1201 2892 1345 2955 alterius
1374 2892 1482 2953 cuius·

203 2996 256 3057 vis
281 2995 404 3057 indicti
428 2999 486 3058 vel
510 2996 690 3061 indicendi
715 2997 833 3060 oneris
864 2999 1054 3070 solutione;
1089 3000 1140 3061 ire
1173 2999 1303 3061 morari
1333 2998 1484 3061 transire

201 3102 389 3183 redireque
422 3124 547 3166 secure
570 3104 754 3187 libereque
778 3105 1005 3187 permittatis,
1030 3108 1235 3188 nullumque
1260 3106 1375 3168 eidem
1399 3106 1482 3167 Hie·

202 3229 352 3291 ronymo
377 3219 413 3273 et
437 3211 508 3273 suis
532 3212 724 3293 praedictis
749 3211 784 3274 in
809 3233 964 3294 persona
988 3212 1063 3275 sive
1087 3214 1190 3276 bonis
1209 3215 1407 3276 molestiam
1423 3214 1483 3275 im-

92 3376 96 3387 ,
203 3316 444 3397 pedimentum
477 3316 552 3381 sive
584 3320 750 3381 damnum
783 3319 910 3401 quovis
942 3322 1048 3383 modo
1081 3321 1243 3384 inferatis
1273 3341 1336 3383 seu
1360 3320 1483 3383 inferri

203 3422 430 3505 permittatis;
464 3424 548 3506 quin
580 3426 650 3489 imo
681 3428 726 3489 de
754 3426 891 3489 itineris
915 3428 1107 3490 securitate
1130 3428 1338 3508 viarumque
1354 3430 1483 3489 'ducto-

203 3530 311 3611 ribus,
336 3530 364 3592 si
382 3550 471 3612 opus
487 3532 594 3595 fuerit
609 3544 644 3593 et
660 3534 912 3615 requirendum
936 3535 1090 3615 duxerit,
1114 3535 1165 3597 ita
1187 3534 1344 3616 benigne
1369 3555 1482 3616 prorn-

204 3647 335 3720 pteque
359 3628 589 3720 provideatis,
615 3649 653 3700 ut
671 3660 692 3701 a
715 3640 817 3703 nobis
833 3637 1038 3723 Sanctaque
1061 3642 1129 3702 hac
1153 3638 1249 3703 Sede
1274 3641 1484 3724 Apostolica

202 3744 345 3826 possitis
373 3746 499 3809 merito
527 3747 776 3811 commendari.
824 3750 956 3811 Datum
978 3748 1120 3812 Romae
1145 3751 1240 3829 apud
1264 3748 1301 3813 S.
1326 3751 1482 3828 Petrum,

203 3871 295 3913 anno
310 3852 567 3915 incarnationis
579 3853 786 3917 Dominicae
799 3855 986 3918 Millesimo
1000 3856 1285 3937 quingentesimo
1299 3857 1482 3927 vicesimo:

203 3958 448 4021 tertiodecimo
473 3960 544 4022 kal.
571 3961 734 4041 Augusti.
765 3961 999 4025 Pontificatus
1022 3963 1134 4025 nostri
1158 3984 1251 4026 anno
1276 3974 1414 4027 octavu.

1110 4078 1198 4138 ait-r.
1218 4078 1253 4140 ic
1271 4079 1376 4140 lucta.

823 4345 843 4409 3

542 4450 608 4530 Leo
638 4452 680 4533 X.
708 4396 924 4552 Hieronymo
951 4454 1139 4536 Aleandro.

618 4581 702 4651 (tota
720 4579 855 4639 Wormaa
874 4581 919 4641 iel.
938 4583 954 4642 ³
972 4585 1074 4657 nra.)

717 4682 860 4750 (16.Ju1ii
882 4684 968 4747 15²⁰·)

293 4786 366 4851 Leo
399 4789 516 4871 Episc.
551 4788 685 4852 Servus
716 4788 860 4853 Servor.
885 4792 968 4871 Dei,
1000 4793 1130 4856 dilecto
1163 4794 1237 4857 filio
1261 4794 1481 4878 Hieronymo

203 4893 387 4957 Aleandro
422 4896 632 4978 Praeposito
669 4896 850 4961 Ecclesiae
886 4897 1009 4962 Sancti
1044 4901 1192 4979 Joannis
1230 4902 1482 4983 Evangelistae
