3425 5700
639 585 868 641 0-5'329&

123 731 263 812 marani,
296 731 320 794 li
354 732 449 814 quali
478 732 514 793 in
538 733 705 794 Antwers
730 742 766 794 et
790 733 874 794 alibi
898 731 1158 814 favoreggiano
1184 756 1205 796 a
1228 733 1393 816 Martiae,

123 836 244 917 perche
277 839 324 900 ha
358 837 473 918 detto,
508 841 574 901 che
598 838 642 901 ne
668 837 814 901 heretici
839 839 884 900 ne
909 839 989 901 altri
1013 860 1051 901 se
1077 841 1241 903 debbeno
1266 845 1391 904 abbru-

123 944 214 1022 sciar,
239 955 274 1006 et
299 955 425 1026 questo
450 948 516 1008 che
539 946 574 1008 io
595 946 721 1024 seriv0,
746 966 855 1008 ancor
871 949 936 1008 che
954 946 973 1007 e
990 948 1036 1008 da
1051 947 1179 1026 ridere,
1203 951 1393 1011 tuttavolta

17 1039 19 1056 ¹
123 1049 139 1110 ὲ
167 1071 250 1113 vero
283 1052 350 1113 che
383 1052 407 1114 li
440 1053 575 1115 marani
608 1053 631 1114 il
665 1051 868 1116 defendano
901 1063 1069 1134 quantum
1101 1065 1250 1134 possunt
1275 1058 1394 1118 verbis

123 1167 257 1221 tantum.

202 1265 256 1327 De
290 1266 545 1346 l'Alemagna,
578 1269 611 1329 el
635 1267 846 1348 Moguntino
871 1267 930 1348 qui
955 1266 1105 1350 plurima
1129 1279 1264 1350 potest,
1299 1291 1392 1333 mon-

125 1381 188 1434 stra
219 1393 285 1435 con
317 1377 441 1454 parole
473 1394 592 1436 essere
624 1383 715 1435 tutto
750 1374 785 1435 di
811 1373 940 1437 Nostro
966 1373 1119 1455 Signore'
1146 1377 1240 1439 della
1265 1377 1393 1441 Chiesa

17 1551 18 1560 ἒ
125 1490 156 1539 et
176 1480 209 1540 di
233 1481 365 1543 Vostra
390 1479 558 1565 Signoria
582 1480 916 1559 Reverendissima,
950 1501 1050 1543 come
1075 1481 1094 1543 ὲ
1118 1493 1241 1545 tenuto
1267 1496 1303 1545 et
1330 1505 1393 1546 sua

17 1627 19 1636 »
124 1606 174 1646 res
201 1588 326 1667 agitur.
375 1588 434 1650 Ma
466 1589 588 1651 invero
613 1587 633 1648 ὲ
657 1598 755 1650 tanto
789 1600 823 1648 et
848 1590 968 1650 buono
994 1600 1029 1650 et
1053 1586 1175 1650 timido
1200 1599 1235 1661 et
1259 1604 1390 1672 respet·

17 1717 19 1770 j
124 1691 189 1754 tivo
221 1695 254 1755 di
288 1697 404 1776 questi
437 1695 518 1758 altri
544 1695 700 1778 Principi
730 1706 764 1757 et
789 1694 1069 1759 Gentilhuomini
1094 1695 1128 1756 di
1153 1696 1268 1776 questi
1293 1699 1392 1780 paesi

120 1799 211 1878 juxta
234 1802 367 1881 patrias
393 1803 612 1866 Cerimonias
636 1805 702 1864 che
728 1802 851 1864 invero
876 1801 923 1863 fin
949 1802 1007 1882 qui
1032 1803 1053 1863 l'
1067 1803 1166 1865 harei
1190 1806 1311 1866 voluto
1332 1804 1392 1886 pin

124 1908 234 1988 caldo,
258 1929 358 1971 come
382 1930 489 1990 spero
513 1909 601 1972 forsi
625 1910 692 1972 che
716 1910 866 1990 posthac
891 1910 922 1970 el
947 1907 1039 1987 fara,
1064 1929 1130 1970 nec
1155 1919 1208 1972 est
1233 1911 1391 1974 dubitan-

124 2015 198 2076 dum
221 2017 264 2078 de
282 2015 411 2079 Animo
437 2028 471 2078 et
500 2018 544 2078 de
568 2017 761 2094 voluntate,
788 2036 844 2077 ma
869 2017 913 2075 de
938 2014 998 2097 piu
1022 2015 1151 2077 ardore
1176 2019 1207 2078 el
1233 2020 1337 2097 quale
1355 2039 1392 2079 se

124 2120 142 2180 li
173 2133 313 2184 remette
347 2123 450 2186 etiam
476 2143 541 2206 per
564 2124 697 2185 havere
730 2141 812 2184 seco
845 2142 917 2183 una
944 2132 1088 2183 caterva
1112 2122 1147 2183 di
1172 2122 1392 2205 Conseglieri

124 2232 363 2310 supramodum
382 2231 585 2308 lutherani,
611 2230 695 2292 dalli
717 2229 812 2310 quali
837 2249 907 2291 non
933 2249 970 2291 se
995 2249 1040 2291 ne
1064 2229 1136 2312 pud
1161 2229 1303 2310 disfare,
1329 2251 1394 2312 per

124 2357 212 2397 esser
235 2337 268 2398 di
292 2337 427 2418 antiqui
451 2337 625 2416 servitori,
651 2347 687 2400 et
711 2336 747 2398 di
771 2335 885 2419 primi,
918 2345 952 2398 et
977 2339 1072 2416 quod
1096 2337 1197 2418 peius
1222 2347 1285 2417 est,
1311 2338 1393 2418 quia

123 2441 322 2520 profitentur
346 2465 384 2506 se
409 2465 488 2506 esse
512 2445 633 2508 hostes
659 2443 818 2524 Lutheri,
857 2464 964 2524 quum
987 2453 1104 2505 tamen
1130 2444 1225 2506 aliud
1249 2443 1393 2508 faciant.

204 2550 243 2613 El
272 2551 415 2614 fratello
448 2552 484 2613 di
508 2551 739 2632 Moguntin0,
773 2554 807 2613 lo
835 2551 989 2627 Elettor,
1022 2560 1113 2612 tutto
1148 2551 1228 2612 sara
1260 2564 1392 2632 nostro,

124 2675 214 2718 come
236 2666 411 2739 promette
436 2660 469 2720 el
495 2658 700 2728 Cardinale;
726 2659 774 2720 lui
798 2676 870 2720 non
895 2657 915 2719 e
939 2676 1070 2720 ancora
1094 2666 1225 2720 venuto
1244 2660 1289 2719 ad
1308 2659 1391 2721 Cae-

123 2782 242 2845 sarem,
276 2767 466 2828 vederemo
500 2767 617 2849 quello
651 2768 716 2828 che
750 2765 831 2828 sara
862 2764 896 2827 in
929 2765 1044 2826 Dieta.
1101 2765 1142 2826 El
1176 2765 1339 2827 Palatino
1373 2765 1393 2826 ὸ

123 2875 250 2949 grande
274 2874 400 2937 Amico
425 2877 483 2937 del
508 2872 671 2954 Saxone,
695 2876 886 2936 tuttavolta
910 2893 1020 2935 ancor
1043 2873 1062 2933 ὲ
1088 2875 1145 2934 del
1170 2873 1392 2955 Moguntin0‚

123 2989 154 3039 et
177 3000 275 3061 spero
299 2985 393 3044 bene
417 2982 452 3043 di
478 2982 541 3061 lui,
576 2983 604 3045 si
635 3002 699 3064 per
730 2981 875 3063 meggio
907 2981 964 3041 del
990 2981 1092 3041 Duca
1115 2980 1297 3042 Friderico
1329 3002 1392 3042 suo

122 3082 264 3169 fratellO,
289 3092 320 3151 el
346 3092 428 3169 qual
453 3089 472 3150 ὸ
497 3099 589 3151 stato
614 3109 681 3151 con
696 3088 826 3150 Cesare
850 3088 886 3148 in
905 3088 1086 3169 Hispania,
1112 3098 1146 3148 et
1167 3088 1299 3168 judicio
1324 3108 1392 3149 om-

122 3192 210 3256 nium
233 3196 251 3257 e
276 3198 299 3259 il
324 3197 385 3279 piu
410 3198 523 3276 gentil
548 3216 701 3277 segnore
727 3205 762 3257 et
786 3196 962 3276 prudente
988 3203 1022 3255 et
1046 3197 1165 3255 buono
1182 3196 1247 3255 che
1265 3195 1305 3255 sii
1322 3215 1390 3256 non

122 3303 226 3363 solum
248 3304 282 3367 in
307 3305 521 3385 Alemagna,
545 3324 603 3365 ma
626 3323 735 3365 ancor
760 3304 909 3381 altrove,
934 3312 969 3362 et
993 3322 1014 3363 a
1038 3322 1093 3363 me
1117 3300 1154 3363 fa
1176 3303 1313 3382 grande
1338 3322 1390 3363 ca·

121 3425 224 3471 rezze.

204 3515 391 3582 Giovaraci
422 3538 553 3581 ancora
584 3520 615 3579 el
650 3519 752 3579 Duca
776 3516 999 3597 Wolfgango
1033 3515 1174 3578 fratello
1206 3516 1240 3577 di
1272 3537 1390 3598 sopra·

120 3621 219 3701 detti,
252 3629 281 3688 el
314 3627 397 3706 qual
422 3625 441 3687 ὲ
466 3636 558 3688 stato
584 3626 651 3687 due
677 3624 759 3686 anni
784 3622 941 3685 continui
966 3622 1034 3684 mio
1059 3623 1220 3685 auditore
1245 3645 1266 3685 a
1291 3624 1392 3685 Paris

120 3737 151 3788 et
174 3750 244 3792 non
265 3753 504 3795 mancaranno
530 3732 554 3795 li
578 3732 654 3794 suoi
679 3730 759 3793 altri
783 3730 925 3810 fratelli,
950 3750 1098 3811 quorum
1122 3730 1193 3791 duo
1218 3741 1297 3791 sunt
1312 3730 1391 3811 Epi·

119 3837 223 3919 scopi,
248 3860 334 3903 unus
359 3839 585 3923 praepositus
610 3838 799 3925 Aquensis.

201 3944 245 4007 El
265 3945 409 4011 Saxone
435 3948 542 4010 credo
567 3956 666 4009 certo
691 3966 788 4008 esser
812 3948 932 4007 buono
949 3943 1115 4025 Principe
1140 3965 1193 4005 ma
1221 3965 1317 4005 esser
1341 3965 1391 4006 se-

118 4050 213 4113 dotto
249 4056 291 4117 da
323 4054 400 4116 suoi
428 4053 633 4135 eonsiglieri
656 4052 736 4115 tutti
761 4052 889 4115 scolari
915 4052 949 4112 di
974 4051 1127 4120 Luther;
1162 4051 1308 4113 intendo
1333 4073 1391 4114 an·

118 4174 207 4239 cora,
233 4162 296 4224 che
320 4162 370 4224 lui
396 4161 416 4223 e
440 4163 615 4242 sdegnato
639 4180 705 4241 per
729 4180 836 4222 causa
861 4158 896 4221 di
920 4178 990 4219 una
1007 4168 1105 4221 certa
1121 4159 1392 4231 commendaria‚

118 4264 207 4328 della
232 4270 336 4349 quale
360 4270 450 4331 altre
475 4270 572 4330 volte
593 4267 632 4329 fu
655 4266 746 4330 fatto
771 4266 957 4328 coadiutor
980 4286 1049 4328 uno
1074 4268 1140 4327 che
1164 4266 1201 4327 fu
1226 4287 1246 4326 a
1263 4265 1392 4343 Roma,

118 4383 149 4431 et
179 4374 209 4436 si
242 4374 315 4439 tien
347 4396 468 4439 essere
502 4395 565 4437 suo
590 4376 730 4436 occulto
754 4372 890 4455 figliolo
915 4382 1018 4433 extra
1042 4372 1314 4443 matrimoniuni;
1348 4371 1391 4433 Et

119 4482 266 4544 essendo
299 4482 357 4564 gia
381 4504 402 4545 a
426 4483 592 4565 Bologna
625 4482 669 4543 de
701 4482 836 4542 ritorno
868 4499 933 4561 per
958 4480 1159 4559 Alemagna
1191 4490 1226 4541 et
1259 4500 1326 4540 con
1358 4480 1391 4540 la

118 4589 331 4652 coadiutaria
354 4590 540 4673 expedita,
580 4590 726 4652 intendo
751 4589 816 4649 che
840 4587 980 4649 interim
1011 4586 1136 4647 morite
1169 4587 1286 4666 quello
1315 4606 1379 4647 vec

119 4694 191 4757 chio
215 4700 522 4777 commendatore,
556 4706 591 4758 et
616 4698 681 4758 che
706 4714 775 4757 non
802 4697 967 4756 obstante
991 4694 1025 4753 la
1049 4693 1268 4754 coadiutaria
1291 4694 1391 4754 beso-

119 4800 184 4877 gnd
209 4822 326 4885 pagar
349 4806 486 4887 grande
511 4802 769 4885 compositione
800 4822 821 4863 a
853 4821 922 4863 non
955 4821 994 4862 so
1026 4800 1082 4861 chi
1108 4799 1312 4869 Cardinale;
1348 4799 1391 4860 mi

119 4908 158 4971 lia
184 4914 285 4974 detto
320 4932 389 4977 uno
420 4912 456 4973 di
490 4911 567 4973 suoi
599 4911 677 4973 chel
701 4911 803 4972 Duca
836 4930 902 4993 per
925 4919 1050 4990 questo
1075 4928 1144 4969 non
1170 4909 1230 4988 pol
1255 4907 1390 4988 acquie-
