3425 5700
833 527 1079 600 ammom

316 671 593 755 terrogationem
606 722 614 752 ,
653 683 771 736 tamen
811 675 864 736 sel
902 674 999 736 fusse
1022 684 1116 737 stato
1141 674 1300 756 maligno
1336 673 1368 736 ci
1398 685 1505 756 potea
1525 677 1578 738 dar

316 781 454 862 grande
478 779 730 862 impedimento
756 791 791 842 et
815 781 976 843 disturbo
1001 782 1071 844 alle
1095 801 1178 844 cose
1202 791 1333 844 nostre.

405 887 460 948 De
485 887 508 948 li
533 897 638 950 cento
661 886 776 951 fiorini
800 887 967 950 habiamo
992 888 1066 951 dati
1085 889 1161 950 solo
1178 888 1369 969 cinquanta
1384 909 1405 950 a
1422 885 1578 969 Spieghel

316 1002 352 1056 et
375 993 583 1068 bastaranli;
608 1015 632 1055 x
657 996 690 1057 al
715 996 851 1058 decano
877 996 922 1057 de
938 996 1136 1058 Francford
1160 997 1225 1057 che
1250 995 1268 1058 ὲ
1291 1014 1428 1077 povero
1445 1015 1509 1078 per
1527 1015 1580 1056 sue

317 1121 439 1181 spese,
473 1102 539 1164 che
572 1101 594 1163 'l
622 1121 739 1164 venne
763 1101 823 1183 qui
847 1101 953 1164 etiam
978 1123 1048 1164 non
1074 1111 1230 1184 rogatus,
1278 1102 1320 1164 El
1344 1101 1466 1184 signor
1491 1101 1580 1164 Cara·

316 1209 392 1270 zoio
418 1207 441 1270 li
464 1209 511 1270 ha
535 1209 619 1271 dato
644 1230 714 1272 una
738 1210 907 1291 dispensa
931 1211 977 1272 od
1002 1212 1072 1273 duo
1096 1209 1221 1290 gratis.
1266 1209 1373 1273 Certo
1391 1212 1456 1273 che
1481 1211 1502 1272 ’1
1523 1230 1582 1271 rne-

316 1316 384 1378 rita
407 1315 491 1398 ogni
516 1318 619 1380 bene.
666 1317 708 1379 El
732 1329 828 1380 resto
853 1318 920 1379 che
944 1337 1033 1380 sono
1057 1325 1230 1398 quaranta
1254 1315 1369 1380 fiorini
1392 1337 1432 1379 se
1455 1316 1581 1398 dispen-

316 1443 469 1485 seranno
494 1423 528 1484 al
550 1425 714 1505 besogno
739 1434 774 1486 et
798 1424 816 1486 ὲ
839 1423 901 1486 util
920 1444 1004 1486 cosa
1019 1423 1151 1506 pigliar
1165 1434 1333 1505 questoro
1350 1441 1429 1486 cum
1443 1424 1583 1505 qualche

317 1529 423 1592 dono,

405 1635 551 1718 Repeto
576 1646 756 1718 postremo
780 1638 847 1700 che
869 1658 907 1701 se
925 1637 1043 1700 mandi
1059 1637 1186 1718 q'uesta
1202 1637 1306 1700 Bolla
1320 1650 1445 1701 contra
1461 1638 1586 1700 Luther

317 1751 352 1805 et
376 1746 530 1805 sarebbe
554 1745 648 1806 bono
673 1742 764 1806 farla
788 1745 905 1808 subito
930 1744 1112 1826 imprimet
1135 1754 1172 1806 et
1186 1746 1373 1828 spargerla
1395 1764 1462 1825 per
1485 1752 1583 1814 tutto;

316 1870 355 1912 se
378 1848 468 1912 faeci
493 1850 537 1912 de
562 1850 646 1913 data
670 1851 715 1913 de
731 1850 753 1912 l'
770 1854 862 1914 altra
878 1852 985 1915 tertio
1002 1871 1114 1914 nonas
1128 1851 1298 1932 Januarii,
1323 1861 1358 1913 et
1381 1869 1447 1932 per
1460 1851 1483 1913 l?
1497 1869 1586 1912 amor

315 1956 360 2018 de
384 1955 453 2018 Dio
478 1959 543 2019 che
567 1958 602 2019 la
625 1978 665 2021 se
688 1959 808 2040 spacci
832 1981 898 2042 per
921 1961 954 2022 el
979 1959 1038 2042 pib
1063 1970 1206 2042 preste,
1239 1957 1454 2021 nominando
1479 1961 1585 2021 solum

316 2063 450 2126 Luther
474 2073 509 2126 et
532 2064 585 2126 soi
609 2055 795 2128 adherenti
818 2067 853 2128 in
878 2087 1032 2149 genere;
1067 2067 1179 2148 quest'
1217 2069 1308 2129 altra
1344 2065 1405 2148 poi
1436 2067 1493 2129 nel
1524 2063 1586 2127 mio

316 2170 428 2252 partir
452 2171 497 2234 de
522 2170 721 2236 Germania¹
736 2173 771 2238 la
795 2175 992 2256 publicato.

850 2372 1057 2387 wwtdmwxm‘w

929 2603 983 2669 95.

600 2719 838 2801 Aloander
873 2719 1305 2801 Vioeoanoellario.

741 2870 884 2943 (uariat.
907 2870 1032 2929 German.
1053 2867 1085 2927 Ιι.
1103 2868 1169 2940 lta)

835 2992 887 3054 (24.
907 2990 973 3039 Maii
996 2991 1081 3051 1521.)

406 3133 477 3195 Per
502 3134 534 3195 el
558 3133 722 3215 proximo
746 3132 866 3196 scrissi
891 3152 991 3195 come
1015 3152 1081 3216 per
1103 3132 1398 3194 comandamento
1423 3146 1593 3210 expresso

317 3237 353 3301 di
379 3237 489 3301 Cesar
513 3238 547 3301 io
571 3241 687 3302 havea
711 3249 895 3321 composto
920 3248 1046 3321 questo
1071 3239 1264 3301 benedetto
1289 3238 1457 3299 mandato
1479 3245 1514 3298 et
1530 3253 1595 3316 per

318 3343 465 3407 deffetto
490 3345 535 3408 de
560 3346 789 3409 abbreviator
814 3346 870 3409 chi
903 3366 1049 3430 sapesse
1078 3366 1099 3408 o
1128 3347 1269 3408 volasse
1299 3344 1333 3407 in
1368 3353 1493 3424 questo
1522 3345 1593 3404 ben

317 3452 447 3529 servir,
472 3451 518 3515 mi
543 3473 604 3515 era
628 3452 781 3516 sforzato
805 3453 861 3516 far
885 3456 917 3516 al
942 3474 1023 3516 men
1055 3454 1125 3514 mal
1149 3454 1215 3515 che
1238 3451 1272 3514 io
1297 3471 1417 3533 sapea‚
1440 3449 1477 3512 di
1500 3457 1596 3512 sorte

318 3559 383 3621 che
407 3558 442 3623 in
467 3560 590 3640 primis
614 3560 635 3623 l'
652 3563 767 3623 honor
797 3562 855 3623 del
885 3558 950 3623 S¹¹¹⁰
982 3559 1079 3623 fusse
1115 3567 1326 3622 conservato
1359 3568 1396 3619 et
1427 3564 1596 3637 questoro

317 3665 456 3728 iussero
481 3667 650 3729 contenti.
697 3667 816 3749 Dopoi
839 3667 879 3730 fu
895 3668 1042 3731 traslato
1068 3664 1184 3729 subito
1200 3665 1237 3727 in
1255 3665 1430 3727 Alemano
1454 3673 1491 3727 et
1513 3682 1594 3725 con·

317 3774 415 3835 cluso
440 3793 506 3835 con
532 3775 564 3836 el
595 3774 817 3855 cancellieri,
854 3775 920 3836 che
944 3794 983 3836 se
1007 3774 1223 3836 scrivessero
1252 3769 1419 3834 ambedoi
1441 3769 1477 3833 in
1500 3771 1598 3832 bona

317 3878 419 3943 litera
447 3880 528 3943 anci
562 3883 627 3944 che
661 3882 721 3965 gia
751 3891 894 3963 potemo
928 3881 1021 3944 farlo
1053 3878 1255 3962 imprimere
1288 3876 1422 3960 perche
1454 3895 1522 3939 non
1555 3894 1597 3937 se

316 3988 475 4051 harebbe
499 4010 520 4051 a
543 3999 659 4052 mutar
682 3992 810 4052 alcuna
825 4008 928 4061 cosa:
954 4009 1001 4051 ex
1024 3988 1153 4070 quibus
1175 3985 1295 4049 verbis
1317 3987 1595 4048 conducessemo

317 4097 353 4158 lo
386 4094 599 4176 impressore
628 4107 663 4160 et
691 4096 801 4159 datali
832 4116 983 4178 caparra
1011 4094 1128 4159 fiorini
1152 4094 1191 4157 X
1223 4092 1332 4156 d'oro.
1390 4091 1597 4155 Tuttavolta

318 4202 504 4265 domenica
540 4213 686 4286 passata
720 4206 766 4286 pb
803 4224 936 4285 pranso
976 4223 1042 4265 con
1081 4203 1114 4265 el
1144 4200 1335 4264 cancellier
1364 4199 1514 4262 andamo
1545 4196 1595 4258 ad

319 4307 429 4371 Cesar
451 4330 516 4391 per
539 4310 619 4373 farli
642 4321 770 4375 metter
793 4315 828 4374 la
843 4329 947 4373 mano
972 4330 1072 4373 come
1087 4310 1186 4372 detto
1204 4305 1402 4370 cancellieri
1427 4305 1472 4369 de
1494 4312 1596 4366 certo

318 4415 350 4478 ci
375 4417 491 4479 havea
513 4438 696 4499 promesso
721 4428 757 4481 et
780 4427 971 4501 apportato
996 4416 1056 4499 gia
1083 4417 1119 4479 la
1142 4435 1261 4498 penna
1276 4434 1341 4496 per
1354 4410 1594 4489 sottoscriver,

318 4542 389 4585 non
413 4543 453 4585 so
477 4523 595 4587 donde
619 4526 833 4607 procedesse
858 4527 924 4587 che
949 4524 1058 4588 Cesar
1077 4523 1172 4586 disse
1188 4522 1289 4584 voler
1304 4522 1383 4584 chel
1399 4520 1428 4583 si
1443 4519 1596 4582 vedesse

318 4629 431 4711 primo
463 4630 608 4695 insieme
636 4652 703 4695 con
734 4632 758 4695 li
789 4629 882 4695 Stati
914 4632 960 4695 de
990 4630 1012 4693 l’
1035 4628 1190 4711 Imperio
1223 4631 1288 4691 che
1320 4627 1340 4691 ὸ
1369 4648 1452 4691 cosa
1484 4625 1594 4689 molto

318 4736 537 4819 periculosa,
569 4740 635 4803 che
668 4740 744 4803 loro
776 4760 797 4802 o
827 4759 892 4803 ver
923 4760 994 4803 non
1024 4736 1156 4801 lassino
1191 4756 1317 4818 passer
1347 4736 1405 4798 del
1433 4742 1524 4797 tutto
1557 4732 1596 4793 el

318 4846 495 4925 mandato,
521 4866 542 4909 o
565 4848 600 4911 lo
624 4847 758 4913 mutino
781 4846 817 4913 in
845 4849 880 4912 le
904 4866 997 4934 pene
1031 4846 1092 4911 del
1123 4846 1242 4911 banno
1275 4830 1469 4929 imperiale.
1522 4836 1594 4905 Dio
