3425 5700
622 519 870 576 ο-ΜόΊιἫ

123 677 149 729 et
170 686 274 748 opere
299 665 398 728 accio
424 665 534 729 Cesar
558 685 712 729 conosca
736 675 772 728 et
796 675 888 728 tutto
914 665 935 728 'l
959 668 1090 729 mondo
1115 668 1181 730 che
1205 667 1247 733 N.
1273 665 1327 728 S⁰r
1350 685 1385 729 et

123 783 232 854 questa
254 773 367 836 Senta
391 771 487 834 Sede
511 782 686 854 reputano
712 782 838 853 questa
862 772 978 854 gratia
1002 774 1124 856 doppo
1149 775 1218 837 Dio
1243 775 1289 836 da
1313 773 1386 838 Sua

123 879 183 942 Mn
212 880 366 943 Cesarea
397 889 432 942 et
463 881 529 943 che
560 899 605 941 ne
636 899 767 942 serano
797 900 939 962 sempre
970 881 1186 944 ricordevoli
1226 891 1262 944 et
1292 882 1387 964 grati

123 1008 210 1050 verso
234 989 353 1069 quella
378 997 413 1050 et
436 996 529 1049 tutta
552 1007 593 1049 su
618 985 709 1050 Casa
741 987 976 1050 serenissima.
1023 987 1094 1051 Voi
1125 1009 1227 1051 mess.
1262 988 1386 1051 Hiero·

123 1115 212 1176 nymo
236 1094 488 1176 ringratierete
520 1114 630 1155 ancor
662 1095 694 1156 el
727 1114 801 1157 rev.
827 1094 945 1156 Padre
978 1093 1181 1174 confessor,
1212 1093 1386 1176 Palentia,

123 1201 304 1264 consellieri
329 1213 363 1263 et
388 1202 412 1263 li
435 1201 516 1263 altri
540 1200 674 1282 signori
697 1201 853 1264 secondo
878 1199 903 1264 li
927 1201 1051 1283 meriti,
1077 1211 1112 1264 et
1135 1201 1387 1282 persuadetevi

122 1311 174 1370 che
195 1317 293 1370 tante
317 1307 468 1388 fatiche,
501 1307 590 1369 tanti
621 1307 728 1370 stenti
761 1317 797 1370 et
821 1307 945 1388 vigilie
968 1317 1069 1371 usate
1092 1308 1127 1370 in
1153 1319 1279 1390 questa
1303 1328 1387 1371 cosa

123 1414 149 1474 vi
169 1434 317 1476 saranno
343 1416 639 1476 cumulatamente
662 1415 838 1477 ristorate.
886 1414 929 1477 N.
954 1413 991 1480 S.
1025 1415 1131 1478 lauda
1159 1435 1226 1478 con
1252 1435 1387 1478 summa

122 1520 390 1584 commendation
414 1519 435 1584 l'
452 1540 582 1602 opera,
616 1521 640 1583 il
674 1521 792 1583 studio
825 1530 862 1584 et
887 1521 972 1584 fede
997 1531 1033 1584 et
1056 1521 1242 1585 animosita
1266 1532 1388 1585 vostra

123 1626 211 1708 piena
235 1627 270 1689 di
296 1625 470 1709 religione
495 1628 529 1690 in
555 1637 681 1708 questa
705 1648 788 1690 cosa
814 1637 913 1690 tanto
937 1629 1177 1710 travagliosa‚
1210 1638 1246 1692 et
1269 1628 1327 1691 noi
1351 1629 1387 1691 vi

123 1733 253 1796 amiamo
289 1735 545 1796 cordialmente
579 1744 615 1796 et
647 1754 818 1815 pensamo
850 1757 872 1797 a
902 1735 1153 1798 commodarvi.
1201 1736 1242 1798 El
1274 1739 1386 1800 breve

124 1842 158 1902 de
179 1842 309 1904 accessi
333 1861 399 1923 per
422 1841 443 1904 l’
461 1839 615 1903 officiale
641 1841 685 1903 de
710 1841 858 1904 Treveri
883 1841 918 1903 vi
942 1841 971 1904 si
994 1843 1126 1905 manda
1157 1862 1224 1905 con
1249 1853 1386 1924 questa,

123 1948 141 2008 il
161 1958 247 2010 resto
272 1947 303 2010 si
327 1968 438 2029 segue
463 1947 498 2009 di
522 1948 656 2010 vedere
680 1947 709 2009 si
734 1949 940 2029 expedisca.
986 1948 1031 2010 Et
1046 1950 1139 2011 bene
1154 1949 1283 2012 valete.
1330 1949 1386 2011 Ex

123 2054 286 2118 Florentia
309 2054 344 2116 V
367 2054 462 2134 Junii
485 2054 669 2118 MDXXI.

182 2149 271 2224 'Non
299 2161 333 2224 vi
357 2161 475 2224 scordi
499 2163 532 2224 le
557 2170 678 2225 nostre
703 2161 1030 2224 raccornandationi
1054 2183 1075 2224 a
1100 2160 1135 2225 S.
1160 2161 1223 2225 Ml*
1242 2164 1385 2244 quando
1460 2176 1465 2184 ·

124 2266 150 2327 vi
180 2288 320 2332 occorre
352 2267 601 2350 opportunite,
629 2269 696 2330 che
727 2278 825 2331 certo
856 2278 1020 2349 portamo
1052 2270 1111 2331 nel
1144 2289 1228 2332 core
1260 2280 1385 2350 questo

123 2377 201 2437 buon
225 2375 386 2459 principe
411 2385 447 2438 et
470 2375 581 2438 siamo
606 2395 671 2457 per
702 2377 863 2456 portario
895 2375 980 2456 ogni
1012 2373 1047 2437 di
1078 2375 1139 2457 pio
1167 2395 1233 2458 per
1260 2385 1386 2457 questa

123 2501 174 2543 sua
195 2501 325 2544 summa
350 2482 469 2546 bonta.
522 2483 567 2544 Al
599 2480 783 2544 confessoi
813 2481 1131 2545 osservandissimo
1161 2481 1235 2545 fate
1271 2483 1385 2545 anche

124 2587 149 2648 le
169 2589 288 2652 iterate
313 2588 639 2652 raccomandationi
663 2590 697 2651 al
721 2609 812 2670 gran
837 2587 1048 2652 Cancellieri
1071 2599 1137 2655 etc.

198 2695 296 2760 Circa
313 2695 336 2758 il
354 2695 476 2759 venire
493 2705 614 2758 vostro
631 2697 736 2778 quale
752 2704 921 2758 mostrate
938 2696 1153 2776 desiderare,
1170 2695 1213 2759 N.
1231 2695 1385 2778 Signore

124 2799 188 2865 dice
210 2805 273 2867 che
298 2823 336 2867 se
361 2823 432 2866 non
456 2802 492 2865 vi
508 2822 596 2885 pare
612 2802 671 2886 pii
688 2803 892 2867 necessaria
915 2803 936 2866 l’
953 2822 1064 2885 opera
1079 2813 1200 2867 vostra
1216 2803 1251 2867 in
1268 2805 1385 2886 quelle

123 2910 224 2973 bande
256 2912 321 2974 che
353 2912 371 2973 e
411 2920 581 2973 contento
614 2930 658 2973 ve
689 2931 734 2973 ne
771 2911 928 2992 possiate
961 2920 1104 2973 tornare
1143 2932 1165 2973 a
1199 2912 1385 2975 commodo

124 3026 238 3081 vostro.
283 3018 329 3080 Et
352 3020 445 3080 bene
470 3018 597 3081 valeto.
646 3016 849 3080 Florentiae
875 3018 926 3079 VI
949 3017 1044 3097 Junii
1068 3016 1250 3081 MDXXI.

854 3141 902 3203 vr.
921 3140 1028 3212 irater,
1049 3150 1115 3197 vice
1134 3148 1349 3214 canceilariae)

715 3344 850 3355 auwvvxwvm

706 3591 778 3657 100.

430 3718 638 3799 Aleonder
669 3716 1057 3799 vicecancellario.

575 3856 675 3928 olunt
696 3856 785 3915 cem
803 3856 835 3915 n
852 3854 921 3921 1³³.)

625 3968 662 4035 (1.
682 3968 756 4032 Junii
778 3964 866 4035 1521.)

197 4092 274 4156 Non
297 4114 360 4157 era
383 4112 448 4175 per
472 4094 641 4156 molestar
664 4094 697 4155 al
730 4100 898 4172 presente
926 4112 994 4153 con
1021 4091 1090 4153 mie
1117 4091 1222 4154 lettre
1254 4092 1383 4155 Vestra

125 4190 274 4277 Signoria
297 4200 633 4280 Reverendissima,
666 4220 704 4262 se
729 4218 798 4261 non
827 4198 925 4261 fusse
949 4199 1016 4260 che
1039 4198 1074 4259 lo
1098 4196 1277 4279 Episcopo
1301 4198 1383 4261 olim

126 4301 181 4364 nio
203 4305 334 4371 Patron
358 4306 383 4369 li
408 4306 523 4370 scrive
548 4309 674 4370 alcone
699 4304 908 4367 credentiali
933 4304 968 4366 di
991 4304 1060 4367 mie
1085 4305 1208 4367 lettre:
1233 4305 1325 4366 Pero
1349 4306 1383 4367 le

126 4414 268 4492 supplico
294 4414 360 4477 che
385 4434 424 4477 se
448 4434 518 4476 non
542 4433 608 4495 per
631 4412 823 4495 preghiere
849 4412 908 4474 del
932 4413 1030 4474 detto
1054 4410 1234 4493 Episcopo
1251 4412 1294 4473 ne
1318 4431 1385 4491 per

126 4514 181 4579 nie
206 4520 325 4583 humili
358 4519 613 4599 summissioni,
642 4521 782 4581 almeno
810 4538 877 4600 per
906 4537 1004 4581 arnor
1033 4520 1127 4580 della
1151 4516 1264 4581 Senta
1287 4516 1383 4581 Sede

127 4620 325 4709 Apostolica,
340 4637 376 4690 et
387 4636 667 4691 sustentamento
681 4627 716 4688 di
728 4625 856 4707 quella,
870 4625 1003 4687 Vostra
1019 4624 1188 4705 Signoria
1201 4626 1383 4687 Reveren-

128 4762 317 4779 Q*-

152 4849 168 4917 ἱ)
185 4854 314 4908 Alcander
330 4874 410 4908 manu
428 4860 536 4923 propria
554 4858 704 4907 adnotavit:
725 4857 862 4907 Redditae
881 4857 993 4906 Lovanii
1012 4868 1054 4905 21.
1074 4857 1158 4922 Junii.

147 4957 214 5013 Balsa,
225 4964 367 5005 Documenta
376 4964 514 5005 natham
1190 4944 1223 4997 Π
