3425 5700
727 802 779 867 68.

213 910 299 989 loto
327 911 598 1012 compositionis
625 910 774 991 lutheri
801 909 841 988 in
869 909 998 989 Diaeta
1024 908 1068 985 W
1070 903 1287 985 prumiensi.

522 1058 606 1125 (Aeto
622 1057 839 1116 Wormsoismia
857 1055 903 1115 iol
921 1056 986 1127 us.)

129 1192 269 1272 Joannes
283 1196 329 1257 de
345 1196 447 1275 Acie,
472 1196 599 1258 artium
616 1206 651 1259 et
666 1196 729 1258 iur.
747 1205 811 1258 utr.
829 1198 955 1257 doctor
971 1191 1133 1257 officialis
1150 1188 1392 1253 Treverensis.

500 1310 668 1374 Notarius
692 1321 802 1393 ponat
825 1310 1000 1373 formalia.

205 1440 421 1505 Constitutus
446 1444 604 1507 notarius
620 1446 693 1508 alta
709 1454 745 1508 et
760 1442 977 1526 intelligibili
993 1464 1083 1505 voce
1099 1441 1208 1503 latine
1232 1438 1392 1521 primum,

132 1548 244 1610 deinde
273 1551 478 1630 germanice
515 1551 611 1614 iussu
654 1551 829 1614 Caesaree
864 1549 974 1613 Sacre
1010 1548 1206 1631 Majestatis
1237 1546 1327 1607 dixit
1358 1554 1393 1607 et

132 1656 298 1735 proposuit
323 1657 357 1719 in
374 1658 480 1737 hunc,
505 1667 564 1721 aut
588 1658 623 1720 in
646 1658 774 1721 effectu
801 1658 960 1736 similem,
985 1656 1044 1738 qui
1066 1655 1224 1737 sequitur
1241 1654 1391 1715 modurn.

205 1762 355 1826 Martiue
386 1764 531 1843 Lutere,
563 1764 674 1827 Sacra
704 1773 738 1826 et
768 1764 902 1827 invicta
927 1764 1103 1826 Caesarea
1132 1760 1318 1839 MaiestaS,
1348 1760 1392 1821 de

133 1871 262 1932 consilio
286 1872 440 1934 omnium
466 1873 558 1934 sacri
574 1872 731 1934 Romani
755 1870 894 1953 imperii
911 1870 1083 1949 ordinum,
1108 1868 1153 1929 ad
1170 1868 1294 1930 solium
1308 1886 1392 1928 suae

132 1976 307 2057 majestatis
337 1980 405 2040 huc
437 1979 558 2041 vocari
589 1989 624 2041 te
653 1978 763 2042 iussit.
824 1978 874 2040 Ut
906 1977 1016 2040 libros
1045 1987 1117 2038 tarn
1147 1975 1255 2037 latine
1288 1994 1392 2055 quam

134 2085 319 2162 germanice
345 2086 460 2147 abste
483 2086 621 2148 aeditos
645 2096 681 2148 et
705 2085 852 2167 sparsim
879 2084 1082 2165 divulgatos
1106 2090 1342 2161 contentaque
1358 2081 1392 2142 in

134 2191 248 2253 eisdem
271 2202 488 2255 retractares
512 2204 547 2255 et
572 2204 775 2256 recantares
800 2194 899 2253 iuxta
915 2190 985 2253 vim
1002 2192 1149 2253 formam
1174 2198 1209 2250 et
1233 2200 1392 2251 tenorem

132 2296 263 2359 citatorii
289 2300 463 2379 mandati,
496 2309 620 2362 contra
654 2310 688 2363 te
722 2321 744 2362 a
774 2300 964 2363 Maiestate
992 2318 1056 2359 sua
1088 2295 1238 2372 decreti,
1263 2316 1304 2357 ac
1329 2294 1393 2355 tibi

132 2403 286 2485 legittime
310 2406 489 2486 insinuati,
513 2410 560 2469 ob
585 2427 688 2487 quarn
714 2427 787 2468 rem
813 2405 989 2469 Caesaree
1006 2402 1202 2485 Majestatis
1227 2412 1263 2464 et
1281 2402 1392 2482 impe·

133 2509 167 2571 rii
186 2531 368 2592 procerum
394 2513 609 2590 nominibus,
648 2514 698 2575 Te
723 2514 904 2595 interrogo
933 2512 1083 2595 primum
1114 2509 1260 2572 fatearis
1284 2508 1393 2571 libros

132 2618 186 2679 hos
216 2632 421 2701 praesentes
457 2619 567 2702 (fasce
604 2619 772 2682 librorum
808 2640 948 2683 suorum
981 2618 1089 2681 latine
1128 2626 1164 2680 et
1198 2614 1393 2677 alemanice

133 2723 325 2805 scriptorum
350 2726 383 2789 ei
408 2729 566 2807 ostenso)
591 2727 735 2807 publice
765 2727 830 2788 tibi
864 2734 898 2788 et
929 2724 1131 2807 singulatim
1165 2743 1256 2784 nunc
1286 2721 1391 2785 nomi-

133 2842 236 2914 natos,
265 2834 325 2916 qui
354 2843 415 2896 tuo
451 2833 593 2897 nomine
624 2833 820 2916 pretitulati
857 2832 1151 2897 circumferuntur
1183 2840 1262 2893 tuos
1298 2811 1391 2902 esse;

133 2937 265 3022 illosque
288 2962 355 3022 pro
379 2942 449 3004 tuis
472 2961 649 3022 agnoscas
673 2963 737 3004 nec
759 2963 818 3012 ne:
844 2941 974 3004 deinde
991 2961 1035 3002 an
1054 2940 1132 3002 illos
1150 2948 1184 3000 et
1201 2937 1393 3000 eorundem

134 3057 283 3110 contenta
306 3059 502 3111 retractare
528 3059 562 3111 et
587 3069 758 3111 revocare
784 3050 839 3111 vel
865 3049 1028 3110 inherere
1054 3046 1185 3109 eisdem
1211 3043 1335 3126 pocius
1360 3053 1395 3105 et

132 3149 318 3217 inseverare
334 3155 432 3216 velis.
474 3155 552 3234 Qua
569 3155 850 3236 interrogatione
867 3175 932 3237 per
949 3156 1143 3217 Lutherum
1161 3153 1193 3214 in
1214 3154 1301 3214 duas
1316 3171 1392 3232 par-

134 3267 178 3318 tes
198 3272 290 3323 secta
314 3273 350 3324 et
374 3262 520 3342 partita,
545 3263 590 3324 ad
621 3262 768 3344 primam
801 3262 1012 3343 interrogati
1037 3271 1174 3342 partem
1199 3257 1394 3340 respondit,

134 3364 230 3428 libros
251 3368 317 3430 sibi
342 3379 501 3430 ostentos
525 3379 561 3431 et
584 3367 686 3430 titulo
711 3380 814 3431 tenus
832 3371 1010 3450 prelectos
1027 3368 1134 3430 latine
1153 3378 1187 3428 et
1201 3365 1394 3428 alemanice

134 3473 277 3555 scriptos,
302 3495 385 3537 suos
409 3497 503 3555 esse,
535 3476 629 3537 domi
653 3497 715 3538 sue
741 3476 874 3555 editos,
910 3486 945 3538 et
970 3475 1120 3538 feturam
1146 3495 1241 3535 suam
1268 3492 1381 3554 agnos

135 3597 221 3659 cere,
242 3592 274 3644 et
297 3582 499 3664 agniturum
524 3603 675 3665 semper.
710 3586 758 3664 (et
782 3604 850 3645 non
867 3584 982 3645 nullos
1005 3583 1115 3644 adsero
1138 3581 1224 3643 oleos
1247 3579 1303 3642 lzr'c
1326 3601 1394 3642 non

137 3685 306 3751 noren'notos
337 3709 418 3750 suos
445 3709 515 3750 csse
546 3687 781 3751 smnmtssz'ore
811 3687 1006 3772 aliquanto,
1036 3691 1097 3753 sed
1124 3686 1161 3750 t'n
1187 3683 1400 3772 zotcln'gzoz'lz'

134 3809 198 3853 voce
219 3794 341 3874 deict'l.¹)

212 3903 263 3965 Ad
288 3901 460 3982 reliquam
492 3923 578 3964 vero
612 3903 822 3985 interrogati
852 3912 1007 3984 partem,
1041 3924 1084 3965 an
1120 3901 1262 3964 eosdem
1292 3912 1327 3962 et
1357 3900 1391 3962 in

136 4002 180 4064 eis
209 4017 367 4070 contenta
399 4017 612 4088 retractare,
650 4031 690 4071 ac
724 4010 941 4090 palinodiam
973 4029 1101 4071 canere
1132 4008 1235 4086 velit,
1269 4027 1394 4070 causas

138 4120 276 4193 nectere,
304 4126 339 4177 et
364 4114 513 4196 diffugia
546 4136 694 4196 querere
719 4117 854 4200 coepit;
889 4129 1051 4198 paratum
1076 4137 1113 4178 se
1139 4115 1229 4178 dixit
1253 4114 1394 4178 Petenti

139 4235 208 4278 eum
226 4242 265 4282 ex
289 4221 399 4284 sacris
423 4223 551 4283 litteris
575 4223 766 4286 informare
791 4223 963 4286 assentire
989 4235 1024 4286 et
1037 4223 1274 4304 acquiescere,
1299 4223 1394 4302 quod

140 4340 207 4385 cum
225 4327 389 4390 hactenus
413 4329 520 4391 toties
543 4329 708 4392 offerenti
732 4351 802 4392 non
828 4331 1032 4412 contigerit,
1059 4341 1094 4393 et
1117 4331 1162 4392 de
1186 4350 1224 4392 re
1249 4327 1393 4390 difficile

142 4445 176 4488 at
198 4434 308 4514 ardua,
331 4435 402 4497 imo
427 4435 580 4498 maxima
604 4439 656 4514 (ut
679 4444 763 4517 pote
788 4437 834 4499 de
856 4437 958 4518 fide),
988 4445 1151 4518 rogetur,
1176 4458 1214 4498 se
1240 4457 1284 4498 ex
1309 4445 1392 4497 tem·

142 4552 216 4612 pore
236 4548 267 4601 et
288 4541 571 4623 impremeditate
603 4545 824 4624 respondere
858 4565 929 4606 non
961 4564 1077 4625 posse.
1135 4541 1282 4624 Sibique
1314 4562 1391 4623 pro·

144 4647 248 4716 pterea
261 4647 478 4711 deliberandi
494 4650 652 4731 spacium
668 4650 745 4713 dari
762 4661 798 4714 et
813 4652 962 4714 concedi
987 4649 1217 4713 demisissime
1241 4648 1391 4731 rogavit.

159 4763 327 4782 Ἢ

171 4847 194 4896 'l
212 4846 255 4896 Hic
277 4851 409 4902 adnotatur
432 4855 460 4902 in
485 4856 602 4917 margine
627 4855 779 4904 charactere
803 4856 970 4906 teuthonico:
1000 4855 1156 4916 ,Addimus
1186 4855 1234 4904 rite
1259 4856 1390 4916 recordor,

211 4926 251 4975 nisi
267 4931 345 4980 forsan
365 4935 494 5000 quispiam
514 4935 652 5000 opicquam
672 4935 726 4984 illis
745 4936 883 4986 inseruerit
902 4937 1001 4990 libris*
