3425 5700
676 534 905 616 eoscos

150 687 246 749 diate
277 686 312 747 la
342 705 426 748 cosa
456 705 521 766 per
554 684 693 763 ordine,
726 685 760 747 io
792 684 1044 747 incominciaro
1075 683 1177 766 quasi
1208 686 1253 747 da
1286 705 1378 768 capo
1410 705 1431 747 a

149 792 397 856 racontarvila.
445 791 507 854 Sin
533 793 567 855 al
590 801 711 873 tempo
736 790 790 853 ch'
804 790 838 853 io
865 811 925 853 era
959 790 995 852 in
1019 789 1168 872 Spagna
1192 792 1238 854 ad
1262 792 1433 856 instantia

150 899 185 963 di
210 898 283 962 Sua
308 899 453 962 Altezza
483 908 519 960 et
546 919 567 960 a
591 897 720 980 preghi
745 897 780 958 di
803 897 942 960 Messer
965 898 1078 960 Paulo
1103 918 1171 960 con
1194 898 1431 981 grandissima

149 1005 335 1089 diligentia
357 1007 392 1069 io
421 1006 585 1087 procurai
617 1006 736 1086 quella
760 1025 781 1066 o
805 1024 967 1081 reserva,
1002 1025 1089 1067 over
1113 1005 1341 1086 expectativa
1365 1009 1431 1070 che

149 1113 348 1186 intendete;
385 1125 422 1175 et
444 1123 535 1176 tutto
560 1114 641 1192 quel
666 1112 732 1174 che
756 1111 790 1172 io
816 1113 957 1174 doveva
980 1132 1152 1193 procurer
1175 1133 1241 1194 per
1265 1122 1371 1176 conto
1396 1123 1432 1176 et

149 1220 324 1284 beneficio
349 1221 418 1283 mio
441 1220 476 1282 io
501 1223 535 1282 lo
560 1220 725 1301 procurai
741 1242 805 1303 per
821 1217 996 1281 beneficio
1012 1217 1048 1278 di
1063 1219 1162 1281 detto
1179 1221 1429 1303 Armastorph:

148 1329 214 1390 che
239 1328 308 1390 mai
333 1327 428 1409 dopo
453 1327 506 1389 ch’
522 1325 556 1389 io
580 1346 644 1390 son
670 1329 811 1390 elevato
835 1328 870 1388 al
895 1327 1008 1406 grado
1034 1335 1069 1388 et
1094 1325 1243 1408 dignite,
1268 1329 1360 1390 dove
1384 1327 1429 1390 mi

148 1446 307 1514 attrOVO,
348 1455 412 1496 son
445 1453 508 1496 oso
541 1433 727 1496 dimandar
757 1455 778 1496 a
801 1433 933 1496 Nostro
958 1430 1112 1513 Signore
1144 1432 1188 1496 ne
1216 1453 1282 1514 per
1306 1454 1361 1496 me
1386 1434 1431 1496 ne

148 1561 215 1624 per
245 1541 324 1603 altri
354 1561 424 1603 una
448 1559 532 1603 cosa
557 1541 592 1604 di
617 1551 715 1604 tanta
740 1539 985 1621 importantia:
1021 1540 1155 1622 Voglio
1180 1540 1273 1620 dire,
1305 1542 1371 1603 che
1394 1541 1429 1603 in

149 1658 277 1730 questa
308 1649 440 1710 chausa
463 1649 509 1710 ho
535 1657 705 1712 mostrato
730 1668 797 1710 con
822 1645 946 1710 effetto
971 1649 1071 1710 voler
1094 1647 1156 1729 piu
1178 1667 1244 1728 per
1267 1648 1290 1710 l’
1308 1649 1430 1710 Arma-

145 1757 290 1838 storplr,
324 1757 390 1817 che
421 1775 486 1837 per
510 1775 564 1818 me
589 1767 713 1819 stesso.
761 1755 821 1818 Ma
846 1755 900 1818 sia
923 1755 1117 1817 benedetto
1141 1763 1233 1816 tutto
1257 1755 1339 1836 quel
1364 1757 1430 1818 che

146 1863 195 1924 ho
227 1861 332 1925 fatto:
367 1863 401 1924 io
435 1883 498 1925 son
536 1865 642 1926 molto
674 1871 842 1925 contento
875 1861 910 1922 di
939 1862 1086 1923 haverlo
1110 1860 1206 1923 facto
1231 1883 1253 1923 a
1277 1874 1430 1925 contem·

146 1969 284 2050 plation
316 1970 360 2031 de
385 1990 430 2032 un
454 1979 554 2032 tanto
579 1969 762 2051 Principe,
797 1978 832 2031 et
856 1989 922 2050 per
946 1988 1045 2030 amor
1069 1968 1113 2030 de
1138 1988 1183 2030 un
1208 1969 1238 2030 si
1262 1971 1371 2032 charo
1395 1980 1431 2032 et

146 2076 307 2157 singular
331 2077 444 2140 amico
467 2076 554 2156 mi0,
588 2087 622 2138 et
647 2076 789 2158 quando
814 2075 847 2137 io
872 2075 960 2137 fussi
984 2095 1006 2136 a
1030 2073 1119 2137 farlo
1150 2076 1196 2137 da
1228 2096 1361 2160 nu0v0,
1395 2077 1429 2140 io

145 2182 238 2246 farei
272 2204 337 2246 con
370 2185 405 2245 la
435 2184 614 2246 medesma
647 2193 837 2264 prontezza
869 2184 924 2244 col
956 2184 1135 2245 medesmo
1166 2182 1274 2246 ardor
1304 2203 1371 2246 con
1395 2185 1430 2246 la

146 2292 328 2352 medesma
353 2291 544 2372 diligenza,
569 2289 623 2352 ch’
641 2290 674 2352 io
702 2289 769 2352 leci
794 2291 839 2352 da
864 2288 1051 2370 principie.
1099 2289 1205 2352 Diedi
1229 2292 1264 2352 la
1288 2290 1370 2353 fede
1395 2301 1430 2353 et

146 2419 168 2459 a
188 2397 317 2460 Cesare
333 2406 368 2460 et
389 2418 410 2459 a
430 2397 452 2460 l’
467 2398 712 2479 Armastorph,
739 2400 804 2460 che
829 2407 924 2459 sotto
948 2417 1052 2459 nome
1070 2396 1139 2459 mio
1157 2397 1229 2478 egli
1246 2417 1311 2478 per
1327 2399 1431 2479 vigor

146 2504 184 2565 di
210 2504 307 2566 detta
332 2504 448 2586 gretia
471 2503 641 2587 pigliasse
666 2504 819 2568 benefici
843 2505 897 2566 sin
921 2525 942 2566 a
967 2514 1065 2566 certa
1091 2523 1244 2566 summa:
1277 2505 1430 2587 bisognb

145 2611 355 2673 constituite
376 2611 463 2674 certi
481 2612 663 2674 executori
680 2611 714 2674 in
732 2612 911 2694 partibus;
929 2611 1057 2674 furono
1074 2611 1256 2674 constituti
1272 2614 1429 2675 secondo

145 2718 215 2779 che
232 2718 252 2778 1'
266 2719 501 2800 Armastorph
516 2719 670 2781 ricercb:
696 2728 828 2800 quanto
853 2717 905 2781 fui
928 2739 1073 2781 recerco
1098 2720 1145 2780 da
1162 2718 1221 2796 lui,
1245 2729 1345 2782 tanto
1360 2721 1429 2782 ieci

145 2836 185 2888 et
214 2833 462 2906 prontamente
494 2835 529 2887 et
559 2827 667 2891 molto
699 2826 962 2891 liberalmente:
996 2827 1078 2908 quel
1103 2825 1206 2890 ch'io
1231 2827 1254 2888 li
1279 2828 1326 2889 ho
1350 2847 1429 2908 pro-

144 2953 279 3012 messo,
308 2942 400 2995 tutto
425 2933 448 2995 li
473 2934 519 2996 ho
544 2944 673 3014 atteso,
699 2944 735 2997 et
759 2946 958 3013 osservatO,
984 2944 1019 2996 et
1043 2930 1117 2995 cosi
1141 2953 1204 2994 son
1230 2954 1295 3015 per
1319 2954 1429 2997 osser-

143 3043 248 3102 varlo
265 3061 310 3102 ne
325 3040 345 3102 l’
357 3040 514 3120 avenire,
530 3060 600 3103 non
621 3060 720 3103 come
745 3062 783 3103 se
808 3042 842 3103 vi
866 3042 1020 3103 andasse
1040 3040 1060 3103 l’
1075 3039 1247 3103 interesse
1263 3042 1307 3104 de
1324 3043 1429 3105 bene·

143 3147 218 3209 ficii
243 3157 277 3209 et
302 3166 384 3209 cose
408 3146 481 3225 tali,
506 3168 562 3211 ma
586 3168 686 3211 come
710 3168 748 3210 se
773 3148 808 3210 vi
825 3149 978 3211 andasse
995 3148 1030 3209 la
1044 3146 1128 3209 vita.
1163 3146 1245 3208 Non
1261 3147 1429 3228 crediate,

144 3255 202 3315 ch'
217 3254 251 3316 io
275 3253 327 3317 sia
350 3274 416 3336 per
440 3274 582 3317 mancat
606 3254 641 3317 di
666 3254 748 3318 fede
773 3276 794 3317 a
817 3256 948 3318 huomo
973 3255 1031 3317 del
1056 3257 1197 3335 mondo,
1224 3275 1294 3317 non
1318 3258 1384 3317 che
1408 3276 1430 3317 a

145 3361 290 3443 Cesare,
315 3362 338 3423 il
363 3365 468 3443 quale
492 3382 557 3443 per
581 3364 614 3424 le
638 3381 701 3424 sue
718 3382 797 3425 rare
814 3372 849 3425 et
865 3361 985 3424 divine
1002 3361 1094 3424 virtu
1113 3370 1148 3423 et
1163 3360 1290 3424 infiniti
1315 3361 1429 3424 meriti

146 3489 253 3531 verso
286 3490 342 3531 me
375 3468 410 3531 io
440 3480 546 3550 porto
571 3479 607 3530 et
636 3488 700 3531 son
725 3490 789 3551 per
813 3481 960 3551 portare
984 3489 1124 3549 sempre
1147 3490 1256 3551 sopra
1279 3471 1314 3531 la
1339 3479 1429 3532 testa

144 3575 234 3647 mia;
270 3596 291 3639 o
315 3598 336 3639 a
360 3576 650 3657 l'Armastorph,
684 3576 720 3638 di
743 3578 777 3639 la
810 3576 919 3639 bonte
950 3589 986 3639 et
1016 3576 1206 3658 prudentia
1230 3584 1267 3638 et
1289 3576 1428 3658 graviti

145 3685 205 3745 del
239 3686 342 3765 quale
373 3684 407 3745 io
438 3684 484 3745 ho
516 3682 606 3747 fatto
638 3704 778 3765 sempre
810 3688 893 3766 quel
926 3684 1082 3765 giudicio
1114 3694 1149 3746 et
1173 3684 1292 3765 quella
1316 3683 1428 3764 stima,

145 3792 214 3855 che
239 3790 269 3853 si
292 3791 359 3853 dee
383 3791 438 3853 far
463 3791 506 3852 de
532 3811 577 3854 un
601 3793 731 3855 huomo
757 3792 957 3873 singulare;
983 3793 1074 3854 oltra
1090 3793 1156 3856 che
1172 3791 1206 3853 io
1226 3792 1247 3853 1’
1260 3812 1338 3853 amo
1355 3812 1427 3855 cor-

145 3898 468 3961 dialissimamente.
517 3898 617 3961 Vaco
648 3900 683 3961 la
716 3898 957 3981 prepositura;
988 3898 1013 3960 il
1042 3898 1184 3961 fratello
1209 3898 1243 3959 di
1269 3899 1289 3960 Ρ
1306 3900 1427 3961 Arma·

145 4008 271 4085 storph
296 4006 330 4066 la
353 4005 466 4086 piglio
491 4014 584 4067 sotto
610 4026 712 4068 nome
737 4006 818 4085 mio,
848 4025 905 4067 ma
929 4026 994 4087 per
1017 4016 1124 4067 conto
1149 4025 1230 4076 suo;
1255 4004 1289 4068 io
1314 4026 1357 4067 ne
1377 4005 1428 4067 fui

144 4114 255 4173 molto
271 4121 450 4192 contento,
475 4122 510 4174 et
526 4113 635 4175 hebbi
651 4115 857 4195 allegrezza,
884 4113 1027 4194 quando
1042 4113 1148 4175 intesi
1165 4114 1230 4175 che
1248 4115 1280 4175 le
1296 4112 1428 4175 fatiche

143 4217 216 4281 mie
246 4218 551 4281 incominciavano
585 4221 707 4283 esserli
740 4221 776 4282 di
801 4222 952 4301 qualche
976 4220 1109 4282 fructo:
1142 4230 1178 4282 et
1202 4240 1240 4282 se
1263 4220 1428 4300 maggior

144 4324 321 4387 beneficio
354 4327 547 4388 havessero
578 4346 684 4407 prese
715 4347 780 4408 per
814 4326 916 4408 vigor
950 4326 985 4387 di
1010 4328 1108 4388 detta
1131 4346 1294 4403 reserva,
1327 4335 1426 4387 tanto

145 4433 310 4514 maggior
335 4432 456 4513 placer
480 4434 573 4495 saria
596 4444 689 4496 stato
714 4433 739 4495 il
763 4434 844 4496 mi0.
876 4432 937 4495 Ma
961 4453 1026 4515 per
1041 4432 1162 4495 venire
1179 4435 1213 4495 al
1229 4433 1426 4514 proposit0,

145 4538 208 4601 s’e
232 4529 372 4601 trovato
397 4542 478 4621 quel
493 4540 628 4619 Jacobo
655 4541 748 4602 Abel
773 4541 838 4603 che
863 4540 965 4622 litiga
988 4560 1095 4621 sopra
1118 4542 1153 4602 la
1176 4541 1275 4601 detta
1298 4559 1425 4621 propo-

146 4647 257 4708 situra
273 4648 331 4707 dal
355 4658 475 4727 tempo
500 4648 535 4707 di
553 4646 653 4727 Papa
670 4646 763 4726 Julio
788 4647 822 4708 in
846 4667 928 4728 qua,
953 4667 997 4709 ne
1022 4649 1056 4709 la
1079 4648 1162 4728 qual
1186 4666 1295 4709 causa
1319 4667 1356 4709 se
1380 4647 1427 4708 ha

146 4756 269 4817 veluto
300 4774 369 4815 non
404 4757 599 4817 solamente
631 4756 675 4815 de
700 4754 733 4815 le
756 4752 915 4833 regioni,
949 4754 1014 4814 che
1040 4753 1111 4835 egli
1134 4753 1356 4834 pretendeva
1381 4753 1425 4814 da

145 4861 331 4943 principie,
357 4882 413 4922 ma
431 4860 534 4923 etiam
552 4862 596 4922 de
612 4862 728 4941 quelle
745 4862 789 4921 de
814 4860 834 4920 l'
848 4860 1054 4922 adversario
1070 4871 1190 4938 morto,
1220 4881 1265 4923 ne
1281 4861 1313 4923 le
1330 4860 1425 4943 quali
