3425 5700
786 557 1015 612 t>{3245}-0

261 721 341 768 sera
365 703 425 787 poi
448 704 615 766 mandate
639 703 707 766 mie
732 705 857 766 lettere
883 725 938 767 me
961 705 1095 768 mostrb
1120 714 1156 769 et
1179 727 1246 768 con
1270 709 1395 789 parole
1419 720 1456 769 et
1475 729 1541 771 con

261 811 362 893 segni
380 831 523 874 esserne
540 831 646 893 sopra
662 812 766 874 modo
785 813 853 874 mal
879 821 1047 875 contento
1072 813 1137 876 che
1163 834 1234 875 non
1258 813 1355 876 fusse
1372 824 1426 877 sta
1451 814 1542 878 fatto

260 939 360 982 come
385 919 479 980 nelle
503 919 592 980 altre
617 916 712 980 citra.
746 917 839 980 Pero
863 939 919 981 me
943 919 1037 980 disse
1060 922 1162 982 voler
1185 941 1381 1002 corregger
1404 924 1475 985 tale
1491 943 1541 984 er-

259 1047 339 1088 rore
355 1045 523 1107 processo
539 1024 674 1087 da'suoi
689 1024 838 1088 ministri
864 1036 900 1087 et
920 1027 1044 1088 ordino
1067 1029 1133 1089 che
1154 1028 1189 1089 la
1206 1029 1353 1090 mattina
1369 1040 1541 1111 seguente

260 1133 339 1194 adl
371 1130 558 1194 XXVIIII
587 1130 683 1193 fusse
714 1151 779 1212 per
804 1141 895 1194 tutta
926 1134 961 1194 la
988 1143 1084 1195 terra
1106 1135 1315 1215 pubblicata
1342 1157 1365 1198 a
1387 1157 1475 1199 sono
1506 1137 1542 1200 di

260 1243 451 1302 trombetto
475 1240 510 1301 la
533 1239 829 1302 condemnatione
853 1241 898 1302 de
922 1240 986 1302 tali
1009 1240 1088 1304 libri
1120 1252 1155 1303 et
1177 1241 1328 1304 invitato
1360 1243 1385 1305 il
1408 1247 1541 1326 populo

260 1347 306 1409 ad
329 1346 508 1428 publicum
532 1344 733 1408 incendium
758 1347 793 1407 di
818 1345 888 1408 essi
912 1348 1007 1428 quod
1032 1357 1069 1410 et
1091 1347 1224 1410 factum
1248 1349 1331 1421 fuit;
1365 1352 1541 1414 ancorche

259 1453 354 1517 dicto
379 1454 461 1522 carl?
491 1451 584 1514 disse
609 1472 706 1514 esser
730 1464 784 1514 sta
807 1454 995 1529 molestato
1020 1455 1173 1518 daassai
1188 1455 1459 1536 gentilhuomini
1476 1461 1541 1521 che

260 1561 328 1623 mai
353 1562 385 1622 el
410 1562 570 1622 lassorno
595 1559 770 1638 dormire„
784 1560 1051 1624 dissuadendoli
1083 1565 1115 1624 el
1143 1560 1199 1624 far
1223 1563 1382 1626 brusciar
1409 1565 1471 1627 tali
1505 1567 1540 1628 li-

259 1667 324 1748 bri,
349 1676 384 1730 et
408 1667 487 1729 dice
512 1667 635 1730 esserli
659 1669 786 1729 durata
809 1669 881 1729 tale
893 1668 1057 1731 molestia
1080 1670 1126 1732 de
1149 1670 1211 1732 tali
1234 1670 1424 1752 importuni
1442 1674 1542 1754 quasi

259 1784 350 1837 tutta
374 1775 407 1835 la
431 1783 546 1842 notte;
572 1794 638 1854 pur
661 1775 806 1837 tandem
830 1783 869 1836 ut
892 1775 968 1837 dixi
991 1785 1083 1838 tutto
1108 1776 1145 1838 fu
1170 1779 1239 1839 ben
1264 1778 1366 1841 fatto.

348 1881 392 1943 Et
417 1881 617 1944 anchorche
641 1881 692 1963 gli
715 1881 844 1943 ribaldi
876 1882 1005 1944 occulti
1033 1883 1210 1946 lutherani
1239 1883 1409 1966 fingendo
1434 1907 1544 1969 agere

258 2009 332 2052 rem
358 1997 513 2051 nostram
537 1988 569 2049 ci
594 1987 779 2051 consiliino
804 1991 871 2052 che
895 2009 966 2052 non
984 1991 1226 2054 deveressimo
1242 1992 1319 2054 fare
1339 1995 1411 2055 tale
1425 1994 1542 2057 incen-

259 2095 334 2176 dio,
359 2116 403 2157 ne
429 2095 541 2176 magis
566 2099 826 2158 exacerbantur
849 2098 972 2158 hostes
996 2107 1122 2160 contra
1145 2119 1210 2160 nos
1234 2099 1262 2160 si
1286 2101 1401 2182 magis
1424 2113 1543 2165 tamen

260 2203 469 2266 exacerbari
485 2213 642 2284 possent.
674 2203 891 2282 Tuttavolta,
917 2203 1080 2266 omnibus
1103 2205 1185 2266 hinc
1209 2205 1292 2268 inde
1312 2207 1490 2288 discussis,
1515 2208 1542 2270 si

258 2311 305 2372 ha
335 2319 474 2372 trovato
506 2310 572 2371 che
601 2321 726 2389 questo
751 2309 910 2371 brusciar
935 2310 971 2372 di
994 2310 1075 2372 libri
1099 2310 1119 2372 e
1149 2332 1220 2373 una
1250 2332 1334 2375 cosa
1358 2316 1465 2377 molto
1491 2336 1543 2378 sa-

260 2419 373 2480 lutare
398 2426 433 2479 et
457 2415 553 2496 utile,
585 2419 699 2497 primo
724 2417 856 2496 perche
882 2419 990 2479 molto
1015 2417 1147 2500 meglio
1171 2419 1245 2480 cosi
1280 2419 1308 2480 si
1332 2419 1479 2503 divulga
1508 2432 1545 2484 et

258 2545 323 2606 per
348 2524 539 2588 Germania
565 2533 600 2585 et
623 2532 713 2586 tutte
736 2527 825 2585 altre
851 2524 986 2586 nationi
1010 2526 1044 2586 la
1075 2526 1371 2590 condemnatione
1403 2529 1448 2590 de
1480 2530 1542 2591 tali

259 2630 339 2693 libri
374 2633 439 2693 che
470 2651 535 2713 per
563 2651 633 2693 una
667 2629 888 2693 intimatione
913 2632 1007 2694 della
1030 2632 1129 2694 bulla
1152 2631 1244 2695 fatta
1276 2634 1337 2696 alli
1372 2635 1543 2698 ordinarii

259 2758 345 2800 over
368 2736 501 2818 vicarii,
527 2736 687 2818 quamvis
711 2758 843 2800 ancora
866 2748 991 2818 questo
1015 2758 1156 2820 semper
1181 2748 1217 2804 et
1239 2741 1372 2822 ubique
1396 2741 1544 2806 fecerim

258 2856 294 2910 et
318 2845 456 2909 faciam.
504 2843 645 2908 Deinde
668 2844 801 2927 perche
837 2845 861 2908 li
894 2845 975 2909 laici
1007 2846 1068 2929 gia
1098 2846 1214 2910 infetti
1239 2869 1304 2931 per
1328 2850 1360 2912 le
1384 2850 1544 2931 predica-

259 2954 345 3016 tioni
377 2963 412 3016 et
445 2952 525 3015 libri
555 2952 695 3035 volgari
729 2954 765 3015 di
796 2964 922 3035 questo
953 2954 1015 3036 piu
1039 2956 1104 3017 che
1129 2957 1224 3019 mille
1247 2956 1346 3039 Arii,
1377 2960 1545 3023 vadendo

258 3064 329 3124 tale
353 3059 518 3151 incendio
533 3059 629 3123 iacto
646 3062 857 3123 auctoritate
873 3062 1071 3143 apostolica
1087 3072 1123 3125 et
1140 3064 1351 3127 executione
1367 3064 1544 3148 Caesaris,

259 3189 410 3232 moveno
434 3168 528 3231 assai
551 3188 573 3229 a
597 3168 743 3231 credere
775 3169 839 3231 tali
863 3169 944 3231 libri
968 3190 1066 3233 esser
1098 3191 1225 3234 revera
1259 3182 1295 3233 et
1327 3172 1483 3235 damnati
1507 3183 1546 3236 et

257 3274 353 3355 mali,
388 3283 424 3337 et
454 3277 566 3355 perhb
595 3295 735 3356 semper
762 3278 808 3338 ad
840 3296 920 3338 esso
951 3277 1114 3339 incendio
1150 3278 1196 3339 da
1221 3278 1351 3341 diversi
1376 3300 1463 3342 sono
1488 3289 1546 3343 sta

238 3382 389 3467 ¹portati
426 3392 553 3462 sponte
591 3382 689 3443 molti
727 3382 817 3445 libri.
877 3382 958 3445 Uno
999 3395 1209 3465 argumento
1245 3384 1293 3447 mi
1328 3406 1456 3449 muove
1490 3408 1545 3449 as-

258 3487 310 3551 sai
334 3509 356 3551 a
379 3489 526 3551 credere
550 3490 621 3551 tale
646 3508 730 3551 cosa
755 3510 873 3552 essere
890 3490 1060 3571 proficua,
1085 3490 1217 3571 perche
1241 3492 1323 3554 tutti
1346 3492 1454 3575 quelli
1475 3497 1544 3556 che

258 3596 289 3658 ci
307 3595 520 3658 dissuadeno
538 3596 610 3658 tale
628 3607 726 3658 costa
751 3596 796 3657 ad
821 3617 928 3659 unum
951 3607 1112 3659 trovamo
1138 3618 1256 3662 essere
1271 3600 1481 3682 Lutherani,
1506 3612 1544 3665 et

257 3702 282 3764 li
305 3702 483 3765 manifesti
507 3703 681 3765 lutherani
707 3705 823 3765 hanno
848 3725 989 3786 sempre
1013 3705 1108 3767 omni
1132 3715 1211 3768 astu
1244 3717 1279 3769 et
1312 3717 1442 3770 conatu
1468 3729 1543 3771 cer·

257 3819 337 3872 cato
361 3809 534 3891 impedire
558 3811 607 3871 tal
632 3810 954 3891 abbrusciament0,
980 3812 1023 3873 ed
1049 3812 1221 3875 insomma
1244 3834 1283 3876 se
1307 3834 1377 3876 non
1403 3814 1431 3876 si
1456 3819 1545 3896 puol

257 3918 360 3978 indur
375 3926 501 3997 questo
522 3916 661 3979 ribaldo
685 3918 731 3979 ad
756 3917 1056 3997 retractationem,
1082 3919 1190 3981 none
1214 3919 1376 4002 meglior,
1400 3921 1469 3983 imo
1497 3922 1545 3986 ne

257 4024 348 4086 altra
371 4023 430 4085 via
454 4021 613 4104 proficua
638 4025 703 4085 che
728 4033 863 4104 questa.

347 4130 391 4192 A'
425 4130 459 4191 dl
496 4130 616 4192 XXX
650 4131 708 4191 del
739 4142 885 4212 passato
918 4132 1142 4213 partendomi
1174 4135 1220 4195 da
1250 4134 1439 4215 Moguntia
1476 4156 1545 4217 per

257 4236 424 4299 Wormes
448 4237 569 4299 lasciai
594 4239 627 4299 al
652 4238 855 4300 Provincial
880 4239 924 4300 de
941 4239 1165 4302 Predicatori
1188 4261 1254 4321 per
1278 4240 1470 4305 Germania
1493 4264 1544 4309 un

257 4345 423 4407 mandato
448 4345 493 4406 de
517 4344 571 4407 far
596 4344 760 4425 predicar
784 4366 849 4427 per
873 4354 964 4407 tutta
980 4366 1044 4407 sua
1060 4348 1246 4429 provincia
1266 4357 1391 4412 contra
1407 4349 1546 4414 Luther

258 4459 294 4513 et
317 4451 352 4513 la
376 4451 671 4514 condemnatione
703 4451 787 4513 delli
816 4452 914 4523 libri;
946 4452 1030 4515 item
1063 4454 1143 4516 altri
1168 4456 1324 4518 mandati
1357 4478 1378 4519 a
1403 4458 1483 4520 tutti
1518 4460 1545 4523 li

257 4558 423 4622 conventi
447 4568 483 4620 et
506 4559 635 4621 rectori
660 4558 695 4621 di
719 4558 912 4622 Parrochie
937 4559 972 4621 di
994 4560 1182 4643 Moguntia
1206 4564 1271 4625 che
1294 4565 1546 4644 predicassero

257 4666 294 4727 la
317 4664 514 4728 Domenica
544 4674 737 4748 seguente,
771 4676 806 4728 et
836 4668 886 4729 tal
917 4686 1027 4750 carga
1051 4668 1157 4730 lassai
1181 4670 1215 4731 al
1239 4669 1361 4742 Rev¹¹3⁰
1386 4671 1478 4742 Cart
1508 4676 1546 4737 el

257 4774 361 4853 quale
391 4773 442 4851 (ut
466 4781 591 4853 postea
615 4772 786 4855 intellexi)
810 4772 889 4835 fece
914 4774 1061 4835 mandat
1085 4776 1131 4837 ad
1156 4776 1367 4840 executione
1391 4778 1543 4861 diligen·

257 4888 423 4943 temente.
