3425 5700
813 529 871 580 Μ]
910 529 963 582 228
1001 527 1059 581 Μ

297 672 536 734 maledictioni
560 675 745 735 lutherane
770 675 829 736 del
844 694 952 754 paese
978 675 1022 736 de
1037 676 1145 737 bassa
1160 676 1349 756 alemagna
1373 682 1409 736 et
1423 673 1574 746 fiandra;

297 799 368 841 non
393 781 568 842 demando
593 781 680 862 pero
705 800 789 842 cosa
804 791 928 842 contra
952 779 1084 842 iustitia
1108 801 1165 842 ma
1180 801 1247 864 per
1268 784 1303 845 la
1320 780 1462 862 aequitii
1486 801 1575 861 quae

296 897 351 948 est
372 885 458 948 iuris
482 886 658 967 interpres
683 894 718 947 et
742 885 868 949 anima.

384 991 426 1054 El
458 993 642 1055 confessor
673 1013 819 1055 cesareo
851 993 871 1054 ὲ
903 994 1011 1055 molto
1046 1002 1213 1056 contento
1245 1003 1281 1056 et
1311 995 1450 1076 allegro
1483 995 1577 1056 delle-

295 1101 421 1162 lettere
453 1101 518 1161 che
544 1099 587 1161 V.
613 1097 649 1161 S.
675 1099 770 1161 Rma
802 1119 840 1161 se
866 1101 911 1161 ha
935 1101 1092 1180 degnato
1117 1099 1276 1163 scriverli
1308 1101 1353 1163 de
1385 1121 1449 1162 sua
1472 1120 1577 1162 mano

297 1216 332 1268 et
356 1205 429 1268 cosi
454 1209 487 1268 le
511 1206 691 1288 responde
716 1225 780 1287 per
805 1208 838 1268 le
863 1208 990 1268 lettere
1013 1208 1153 1269 adnexe
1167 1208 1237 1268 alle
1256 1206 1333 1270 mie.
1373 1208 1482 1269 Detto
1498 1227 1577 1269 con-

296 1313 411 1375 fessor
435 1333 455 1374 a
480 1313 593 1394 quest’
607 1313 695 1374 hora
719 1333 774 1375 me
798 1314 845 1375 ha
870 1313 969 1375 detto
993 1312 1096 1375 venir
1119 1315 1164 1375 de
1189 1333 1331 1376 camera
1354 1315 1398 1375 de
1419 1312 1579 1375 Chevres

297 1422 329 1482 el
354 1422 438 1502 qual
462 1419 541 1482 dice
566 1429 638 1483 star
663 1419 767 1482 melio
793 1441 849 1482 ma
873 1440 944 1481 non
970 1420 1082 1501 perho
1107 1439 1213 1482 senza
1237 1418 1349 1482 febre.

385 1527 464 1590 Non
495 1529 542 1590 ho
566 1538 713 1608 possuto
738 1527 792 1588 sar
825 1528 891 1589 che
916 1547 987 1589 non
1012 1526 1131 1588 mandi
1155 1536 1282 1607 questa
1305 1525 1455 1606 letania,
1484 1529 1578 1589 dove

296 1634 410 1716 questi
426 1633 516 1695 ladri
537 1636 685 1716 parlano
701 1631 792 1695 cossi
810 1633 1038 1712 impiamente
1055 1634 1112 1694 del
1128 1631 1193 1694 S¹¹²⁰
1213 1643 1249 1695 et
1266 1633 1322 1694 un'
1336 1634 1427 1695 altra
1442 1637 1578 1715 paccla.

295 1741 339 1806 V.
366 1739 401 1804 S.
427 1741 522 1802 Rma
552 1741 612 1823 poi
636 1761 674 1801 se
699 1740 857 1821 degnari
882 1740 973 1802 farle
999 1741 1146 1802 mandat
1169 1760 1190 1801 a
1215 1740 1334 1802 Roma
1364 1761 1429 1823 per
1453 1761 1580 1823 passar

295 1859 426 1929 tempo
479 1846 543 1910 Chi
581 1847 721 1908 volesse
762 1848 910 1908 mandar
948 1846 1033 1927 ogni
1068 1866 1153 1909 cosa
1192 1849 1467 1927 besognarebbe
1507 1867 1579 1910 uno

296 1953 491 2034 cariaggio.

385 2059 547 2122 Sarebbe
579 2079 646 2140 pur
670 2061 765 2121 bono
796 2059 864 2121 che
888 2057 912 2120 li
936 2059 1046 2121 nostri
1072 2059 1286 2122 accademici
1319 2070 1354 2122 et
1382 2061 1462 2122 altri
1488 2061 1580 2122 dotti

296 2167 445 2230 d’ltalia
476 2177 511 2230 et
534 2167 722 2248 presertim
747 2168 791 2228 de
816 2166 936 2228 Roma
961 2165 1234 2229 cominciassero
1267 2171 1436 2249 alquanto
1459 2188 1578 2230 resen-

296 2275 380 2337 tirse
415 2283 450 2336 et
473 2272 590 2335 alcuni
625 2273 681 2334 chi
705 2292 773 2353 pur
807 2291 919 2334 sanno
945 2285 1190 2336 severamente
1223 2275 1421 2355 respondet
1454 2285 1581 2337 contra

296 2391 422 2462 questa
438 2379 588 2442 heresia.
625 2379 718 2442 Altri
735 2379 870 2441 scriver
886 2381 1036 2459 qualche
1052 2400 1136 2442 cosa
1152 2380 1197 2442 ad
1213 2381 1327 2443 honor
1341 2383 1387 2444 de
1403 2383 1437 2442 la
1451 2381 1580 2462 patria,

296 2490 341 2550 de
356 2489 391 2550 la
406 2488 489 2568 qual
504 2485 620 2568 questi
635 2485 804 2549 Germani
820 2507 865 2548 ne
879 2485 989 2548 fanno
1005 2495 1104 2548 tanto
1121 2507 1214 2568 poco
1230 2485 1342 2551 stima.
1374 2488 1490 2569 Spero
1508 2491 1579 2551 ben

296 2596 362 2657 che
386 2615 424 2657 se
448 2593 472 2656 li
497 2593 606 2655 nostri
631 2612 791 2655 voranno
816 2592 871 2655 far
896 2594 1047 2673 qualche
1071 2593 1251 2675 apologia,
1275 2594 1310 2655 la
1333 2592 1486 2656 faranno
1511 2615 1580 2657 con

296 2702 356 2784 pit
381 2701 512 2764 iudicio
537 2710 572 2764 et
596 2721 666 2762 non
692 2720 770 2762 cum
795 2702 915 2781 quella
937 2698 1083 2783 impieta
1107 2700 1172 2761 che
1197 2699 1306 2761 fanno
1330 2699 1355 2762 li
1379 2699 1491 2762 nostri
1516 2701 1581 2762 cri·

296 2808 470 2873 minatori.
518 2808 557 2871 Io
589 2826 654 2888 per
685 2827 759 2886 me,
796 2828 833 2869 se
865 2827 934 2870 una
965 2808 1063 2869 volta
1087 2806 1157 2869 Dio
1189 2827 1245 2869 me
1277 2807 1323 2869 da
1354 2806 1469 2887 gratia
1502 2809 1582 2889 che,

296 2917 457 2999 quaesito
491 2914 576 2978 mihi
599 2936 693 2996 pane
729 2916 774 2976 ad
799 2914 992 2977 senectutis
1017 2914 1203 2993 viaticum,
1238 2914 1335 2976 habii
1364 2914 1385 2975 l'
1399 2914 1517 2976 animo
1544 2916 1581 2977 in

296 3024 416 3105 quieta
441 3024 562 3101 domo,
598 3020 656 3103 gia
688 3023 753 3083 che
778 3042 842 3084 son
872 3021 1002 3083 intrato
1035 3021 1071 3083 in
1097 3029 1223 3102 questa
1247 3021 1359 3083 danza
1391 3022 1584 3084 lutherana

297 3128 537 3192 sforzarommi
561 3128 675 3190 farlo
700 3148 778 3190 men
806 3129 875 3190 mal
909 3130 975 3189 che
999 3128 1105 3209 potro
1136 3138 1260 3189 contra
1283 3130 1399 3208 questi
1423 3147 1494 3191 non
1519 3128 1583 3210 gia

297 3236 429 3299 fratelli
453 3234 563 3297 nostri
589 3236 632 3297 ne
656 3235 804 3297 membri
831 3235 876 3297 de
901 3234 1041 3297 Christo
1065 3256 1124 3297 ma
1146 3234 1280 3315 peggio
1305 3235 1371 3296 che
1395 3234 1485 3297 cani.
1536 3236 1585 3298 Et

296 3352 387 3406 tutto
412 3319 446 3405 al
469 3344 584 3404 honor
608 3342 652 3403 de
667 3341 737 3403 Dio
762 3352 797 3403 et
821 3343 880 3403 del
904 3361 968 3403 suo
993 3341 1125 3404 vicario
1151 3352 1187 3403 et
1210 3341 1256 3403 de
1277 3340 1410 3404 Sancta
1426 3342 1583 3406 Chlesia.

297 3450 331 3511 A
356 3450 399 3512 V.
424 3446 460 3511 S.
486 3448 583 3510 illma
609 3456 694 3511 baso
719 3449 752 3510 le
776 3448 881 3510 mani.

914 3893 966 3958 90.

551 4008 729 4088 neander
757 4030 889 4110 magno
919 4007 1141 4089 Cancellario
1168 4010 1321 4111 imperii.

724 4156 865 4223 (Nuntiat.
885 4158 1011 4217 German.
1029 4157 1051 4214 1.
1079 4156 1145 4219 ΒΜ)

677 4276 755 4341 (Post
774 4278 888 4325 medium
909 4276 1004 4325 mensis
1024 4277 1090 4325 Maii
1111 4274 1199 4342 1521.)

387 4416 491 4478 Mitto
516 4416 668 4478 edictum
693 4416 838 4479 latinum
864 4429 900 4480 et
923 4416 1154 4479 alemanicum
1180 4438 1288 4500 super
1307 4437 1345 4479 re
1361 4416 1589 4484 Lutherana.

298 4525 396 4587 Deus
420 4523 569 4605 inspiret
592 4534 630 4584 ut
653 4523 688 4584 id
714 4524 935 4603 potissimum
970 4524 1033 4586 fiat
1067 4524 1163 4605 quod
1198 4526 1244 4586 ad
1278 4544 1405 4606 pacem
1437 4536 1473 4588 et
1497 4546 1589 4591 con-

298 4629 535 4693 servationem
560 4630 762 4713 Religionis
788 4643 930 4693 nostrae
954 4631 1074 4694 facere
1109 4632 1282 4695 videatur.
1330 4631 1435 4694 Certe
1470 4653 1590 4715 super

297 4757 337 4799 re
361 4736 504 4799 Martini
529 4736 614 4799 nihil
638 4746 758 4819 potest
782 4758 861 4799 esse
886 4738 1004 4801 sanius
1028 4737 1152 4801 iustius
1176 4748 1236 4801 aut
1260 4739 1372 4801 maius
1395 4738 1472 4802 iure
1496 4760 1590 4806 con·

296 4842 471 4911 firmatum
497 4864 600 4931 quam
626 4844 721 4931 quod
749 4843 784 4907 in
816 4844 930 4931 prima
962 4846 1068 4913 edicti
1099 4856 1201 4931 parte
1233 4845 1449 4931 continetur,
1482 4850 1590 4919 adeo
