3425 5700
684 596 742 655 κ]
782 587 831 656 191
872 584 930 655 do

163 762 212 827 eS,
237 744 415 808 audivisse
440 745 580 807 credis?
619 744 714 808 Vide
731 765 835 827 quam
861 745 894 809 in
921 757 955 808 te
973 747 1090 810 nullus
1114 744 1158 809 sit
1182 744 1316 826 modus,
1343 760 1446 829 quant

162 852 401 935 temperantia
424 872 575 933 quamve
600 853 774 915 modestia
799 853 894 915 inte
919 853 1150 916 desideretur.
1199 854 1302 935 Quod
1327 864 1445 917 autem

162 981 230 1043 pro
262 960 521 1023 deliberatione
550 970 628 1039 tua,
663 980 767 1043 quam
803 960 960 1022 dicturus
992 981 1087 1023 eras:
1123 960 1228 1023 Velle
1261 981 1305 1023 ne
1336 960 1446 1023 libros

163 1088 253 1148 quos
276 1087 343 1148 pro
368 1066 437 1128 tuis
461 1066 657 1148 agnovisti,
692 1077 727 1129 et
758 1075 926 1129 contenta
958 1067 993 1129 in
1028 1066 1160 1129 eisdem
1191 1077 1386 1130 retractare
1411 1076 1446 1129 et

163 1177 359 1237 revocare?
406 1172 645 1255 Conquereris
669 1173 823 1256 iniquius
847 1183 963 1235 tecum
989 1175 1058 1255 agi,
1083 1174 1113 1236 si
1137 1194 1260 1237 omnes
1284 1174 1385 1237 simul
1412 1185 1447 1237 et

162 1282 369 1345 indistincte
402 1302 573 1344 revocare
605 1281 789 1359 artareris,
823 1302 901 1343 cum
933 1300 1002 1344 non
1035 1301 1158 1344 omnes
1187 1284 1257 1345 sint
1289 1282 1446 1345 eiusdem

162 1388 279 1451 farine
304 1398 340 1451 et
363 1388 517 1470 generis,
542 1389 604 1449 sed
630 1387 766 1450 trifarie
791 1408 853 1450 eos
877 1387 1037 1468 partiris3
1063 1410 1141 1451 esse
1162 1390 1254 1452 enim
1278 1410 1348 1452 non
1373 1392 1446 1452 nul-

163 1498 227 1576 los,
251 1496 287 1558 in
314 1494 441 1577 quibus
466 1504 501 1557 et
526 1515 661 1557 morum
686 1505 721 1557 et
744 1493 828 1557 fidei
845 1494 1028 1557 materiam
1054 1495 1261 1577 simpliciter
1284 1496 1387 1575 adeo,
1411 1504 1447 1558 et

162 1603 303 1667 sincere
337 1602 617 1683 evangelicaque
642 1601 870 1678 tractaveriS,
908 1612 947 1664 ut
971 1604 1028 1665 vel
1064 1605 1110 1665 ab
1135 1602 1285 1666 inimicis
1309 1603 1446 1667 innoxii

162 1711 373 1773 habeantur.
414 1708 507 1790 Quin
525 1719 560 1772 et
575 1710 679 1771 Bulla
695 1712 904 1791 apostolica,
930 1708 1087 1790 alioquin
1113 1730 1199 1772 seva
1223 1718 1259 1773 et
1283 1710 1446 1789 crudelis

162 1817 299 1897 aliquot
323 1836 444 1878 eorum
478 1826 580 1877 extra
613 1837 742 1879 noxam
775 1827 895 1898 ponat.
945 1815 983 1879 Si
1009 1818 1088 1879 illos
1112 1838 1302 1881 revocares
1312 1867 1320 1897 ,
1358 1817 1444 1881 nihil

164 1925 261 1996 aliud
286 1942 434 2004 agereS,
473 1943 576 2006 quam
609 1932 647 1985 ut
671 1944 714 1986 ea
738 1926 926 1987 damnares
960 1942 1028 2005 que
1060 1924 1164 1986 amici
1188 1924 1288 1986 iuxta
1323 1934 1359 1987 et
1382 1925 1447 1986 ini-

162 2032 245 2094 mici
270 2034 526 2112 approbarunt.

255 2137 357 2200 Alios
382 2138 457 2200 eius
481 2138 625 2218 generis
650 2157 746 2217 esse,
771 2138 898 2218 quibus
930 2138 965 2200 in
991 2139 1142 2219 Papam,
1174 2158 1301 2219 resque
1330 2138 1446 2219 papis-

163 2256 278 2307 tarum
303 2254 342 2306 ut
365 2244 494 2307 diceris
517 2244 705 2325 inveheris,
730 2246 940 2325 illorumque
965 2265 1091 2326 mores,
1115 2244 1211 2325 vitia,
1236 2246 1374 2307 abissus
1393 2256 1446 2328 ty-

162 2352 349 2414 rannidem
374 2361 410 2414 et
433 2350 468 2413 id
493 2370 607 2431 genus
631 2352 701 2413 alia
726 2352 853 2433 carpis
886 2372 1002 2433 neque
1025 2354 1092 2414 hos
1116 2352 1181 2414 tibi
1204 2371 1374 2415 revocare
1398 2352 1447 2414 in-

163 2468 305 2539 tegrum
329 2479 419 2538 esse,
444 2480 489 2521 ne
513 2458 694 2541 tyrannidi
718 2462 828 2521 robur
851 2460 1026 2522 adiecisse
1050 2460 1222 2522 videaris:

257 2566 414 2628 Tertium
439 2586 519 2628 esse
544 2586 675 2647 eorum,
700 2585 769 2647 que
794 2566 829 2627 in
854 2568 1043 2629 nonnullos
1067 2566 1292 2648 tyrannidem
1316 2565 1447 2629 Rorna-

162 2693 246 2735 nam
281 2672 476 2735 defendere
510 2682 545 2734 et
580 2673 659 2755 pias
697 2673 880 2736 doctrinas
915 2683 993 2736 tuas
1018 2674 1237 2737 labefactare
1262 2672 1448 2736 molientes

162 2777 345 2861 scripsisti,
370 2780 451 2841 hinc
475 2780 558 2841 inde
582 2780 617 2841 in
642 2780 934 2843 altercationibus
958 2780 1199 2843 consistentia.
1247 2780 1325 2862 Que
1350 2780 1379 2842 si
1396 2801 1447 2842 re·

162 2907 325 2966 vocareS,
348 2886 450 2948 fieret
476 2896 514 2949 ut
537 2897 599 2949 tuo
623 2887 822 2969 patrocinio
838 2888 1016 2970 'l'yrannis
1033 2889 1199 2952 Romana
1220 2886 1448 2970 impotentius

163 3004 350 3075 regnaret,
375 3015 480 3074 quam
505 3014 660 3075 unquam
683 3005 788 3057 antea
812 2996 1028 3076 regnaverit.
1464 3071 1468 3076 1

256 3101 336 3164 Non
361 3101 416 3162 his
438 3100 593 3164 Martine
618 3103 787 3184 dogmata
812 3112 883 3183 tua,
920 3114 955 3165 et
970 3103 1080 3166 libros
1096 3102 1315 3166 sufficienter
1330 3101 1447 3164 distin·

160 3207 257 3270 xisti.
308 3207 395 3270 Cum
419 3209 490 3289 illa,
527 3228 596 3288 que
619 3219 702 3289 post
727 3209 861 3272 Summi
885 3209 1069 3272 Pontificis
1093 3209 1304 3273 sententiam
1331 3208 1447 3270 edide-

163 3315 229 3394 ris,
259 3316 366 3397 longe
399 3317 513 3397 magis
546 3318 758 3380 detestanda
792 3317 860 3379 sint
885 3328 920 3379 et
945 3319 1164 3398 execranda,
1189 3337 1294 3399 quam
1318 3315 1448 3398 priora,

162 3442 234 3504 que
278 3421 402 3485 merito
446 3423 648 3485 damnanda
691 3423 905 3505 scripseraS,
949 3433 1073 3505 utpote
1117 3427 1327 3504 reprobatas
1367 3422 1449 3485 olim

161 3530 309 3591 hereses
332 3524 505 3608 Johannis
530 3530 669 3613 Huysz,
705 3531 900 3594 catholicos
935 3551 1012 3594 esse
1054 3528 1215 3592 veritatis
1243 3529 1448 3609 asserentia,

164 3645 200 3697 et
225 3641 438 3699 auctoritate
462 3657 602 3724 omnem
625 3639 761 3719 pariter
785 3647 820 3700 et
837 3638 1060 3719 majestatem
1079 3636 1314 3700 Conciliorum
1330 3635 1449 3718 poeni-

163 3751 220 3804 tus
244 3743 466 3806 succidentia
490 3753 525 3805 et
550 3745 767 3809 enervantia.
814 3745 939 3827 Neque
963 3744 1018 3807 his
1035 3743 1254 3806 sufficienter
1275 3746 1320 3805 ad
1344 3742 1448 3804 inter·

163 3860 292 3932 rogata
316 3872 394 3913 mea
418 3851 654 3933 respondisti:
687 3853 773 3915 Esto
798 3854 908 3933 enim,
944 3853 1013 3916 sint
1047 3851 1156 3932 aliqui
1181 3860 1321 3912 tuorum
1345 3849 1446 3911 libro·

165 3978 243 4020 rum
278 3959 388 4039 tales,
425 3958 484 4040 qui
521 3979 618 4021 noxa
641 3969 798 4041 careant,
831 3963 927 4041 quod
959 3971 1075 4022 tamen
1105 3979 1177 4020 non
1202 3956 1445 4028 concedimus;
1502 3965 1505 3972 '

164 4066 251 4127 tolle
282 4064 415 4127 infecta
446 4075 480 4128 et
515 4077 692 4128 venenata
715 4067 903 4148 dogmata,
927 4067 1012 4129 tolle
1037 4065 1155 4148 impia,
1180 4067 1267 4127 tolle
1291 4065 1446 4143 hereses,

167 4180 202 4233 et
226 4173 390 4234 heresum
415 4173 568 4254 favoreS,
593 4174 679 4236 tolle
703 4175 914 4237 catholicam
937 4172 1042 4236 fidem
1066 4172 1242 4246 ledentia;
1276 4174 1320 4233 de
1352 4170 1447 4232 sanis

164 4278 253 4340 nihil
277 4279 344 4342 erit
368 4279 527 4362 periculi.
575 4281 752 4342 Caesarea
775 4301 878 4343 sacra
893 4280 1062 4361 Majestas
1078 4279 1351 4348 clementissime
1367 4298 1447 4339 cum

164 4385 235 4448 illis
259 4389 448 4468 agendum,
473 4408 588 4470 neque
616 4390 731 4469 proba
755 4407 925 4450 unacum
956 4387 1142 4470 improbis,
1175 4386 1203 4448 si
1236 4385 1446 4448 sententiam

165 4493 376 4574 mutaveris,
416 4495 601 4576 perdenda
634 4504 669 4556 et
701 4495 880 4556 abolenda
910 4495 1006 4575 apud
1032 4491 1212 4556 Summum
1237 4491 1446 4555 Pontificem

165 4600 382 4682 procurabit.
429 4600 468 4663 Si
491 4621 578 4664 vero
604 4601 639 4663 in
663 4600 811 4664 notoriis
835 4601 905 4664 tuis
921 4599 1100 4664 erroribus
1118 4609 1153 4662 et
1168 4598 1354 4662 heresibus
1368 4618 1447 4679 per-

165 4707 343 4787 vicaciter,
368 4716 406 4770 ut
430 4708 580 4790 coepisti
604 4709 808 4770 inseverare
831 4727 974 4789 perges,
999 4706 1161 4788 indubie,
1186 4717 1224 4768 ut
1248 4705 1362 4769 omnis
1386 4715 1446 4767 tua

164 4836 185 4878 e
211 4814 328 4878 medio
352 4817 497 4879 tollatur
522 4816 691 4879 memoria
715 4825 750 4878 et
774 4836 861 4878 sana
886 4825 922 4878 et
945 4815 1071 4877 insana
1094 4813 1231 4894 omnia,
1264 4834 1342 4876 cum
1367 4833 1444 4876 auc·

165 4934 245 4984 tore
269 4943 333 4983 suo
369 4924 640 4985 damnabuntur.
687 4923 762 4984 Nec
797 4925 866 4984 hoc
905 4942 1034 4984 novum
1064 4931 1117 4982 est
1153 4931 1213 4984 aut
1240 4920 1446 4996 inauditum,
