3425 5700
837 548 895 604 0⁴3
935 548 1083 605 158&

1678 384 1679 415 1

1678 418 1679 461 l

1678 536 1679 563 1

321 692 367 755 de
396 695 455 775 pru
480 696 646 777 prrvrlegr
677 705 713 758 et
736 696 994 759 consuetudini.
1041 697 1147 760 Della
1176 698 1361 779 prebenda
1392 717 1498 779 super
1528 718 1592 780 qua
1678 706 1679 785 1

320 799 389 862 iam
406 801 614 882 composuit,
635 803 700 865 dar
715 805 834 866 buone
851 806 974 884 parole
988 802 1060 866 fino
1085 804 1156 866 alla
1172 803 1365 867 resolution
1382 805 1477 868 della
1492 804 1591 867 dieta.

409 908 602 971 Praeterea
626 911 743 991 quelle
770 911 888 993 gratie
912 911 977 973 che
1000 910 1034 973 io
1059 910 1264 991 demandai,
1296 931 1362 993 per
1386 914 1419 975 el
1442 921 1590 975 maestro
1678 928 1679 977 1

321 1014 379 1075 del
411 1016 568 1078 oratorio
601 1016 639 1077 di
670 1016 781 1080 Cesar
810 1038 886 1080 uno
915 1018 1205 1099 psalmum
1232 1018 1273 1081 in
1302 1018 1429 1109 bulla„
1449 1039 1520 1082 uua
1549 1019 1591 1081 di·

320 1139 452 1202 Μ
480 1142 548 1204 per
576 1144 622 1186 un
646 1124 719 1187 filio
750 1124 786 1186 di
817 1145 864 1188 un
887 1124 1023 1207 portier
1051 1122 1088 1187 di
1112 1124 1222 1189 Cesar
1251 1134 1287 1189 et
1310 1135 1409 1189 certa
1432 1126 1592 1207 dispensa

320 1248 385 1309 per
409 1231 442 1292 el
466 1230 586 1293 dottor
602 1231 776 1295 Brucardi
796 1232 931 1295 ordinis
954 1231 1239 1314 praedicatorum
1263 1234 1329 1296 che
1352 1232 1390 1296 fa
1406 1233 1464 1314 qui
1480 1235 1592 1296 buono
1678 1262 1679 1309 l

321 1333 441 1398 ufficio
465 1346 590 1400 contra
606 1336 751 1420 Luthcr,
776 1338 938 1421 supplico
962 1338 1022 1420 piu
1047 1347 1168 1420 presto
1192 1339 1221 1401 si
1245 1341 1306 1421 pol
1330 1339 1359 1402 si
1383 1340 1559 1404 mandino.

410 1444 580 1527 Besogna
603 1445 1022 1509 necessariissimamente
1046 1447 1112 1509 che
1133 1468 1171 1509 se
1195 1445 1286 1509 sacci
1302 1466 1370 1510 una
1385 1448 1489 1510 Bulla
1505 1448 1594 1510 della
1678 1446 1679 1533 1

321 1552 617 1615 condemnatione
642 1552 677 1615 di
699 1553 854 1615 Martino
878 1562 961 1635 post
983 1555 1122 1635 lapsum
1145 1553 1284 1617 termini
1306 1554 1342 1617 in
1366 1553 1479 1637 prima
1502 1555 1593 1617 bulla
1678 1534 1679 1629 1

321 1658 497 1740 contenti,
530 1659 624 1722 etin
648 1660 810 1723 omnibus
832 1660 925 1723 faria
948 1680 1048 1723 come
1081 1670 1135 1723 sta
1159 1663 1279 1743 quella
1311 1663 1346 1725 la
1370 1664 1475 1743 quale
1506 1660 1538 1724 ci
1559 1660 1592 1722 fu
1678 1638 1679 1655 ¹

321 1768 488 1829 mandata
518 1766 578 1829 3111
609 1768 643 1829 (11
667 1768 820 1849 passati,
856 1789 913 1831 ma
937 1788 1008 1830 non
1040 1771 1202 1850 besogna
1231 1768 1392 1831 nominat
1422 1769 1503 1833 altri
1534 1769 1594 1831 che

321 1871 475 1935 Martino
501 1873 635 1937 Luther
659 1895 728 1938 non
752 1873 905 1938 facendo
929 1876 1087 1939 mention
1111 1876 1157 1939 de
1180 1876 1327 1958 Hutten,
1353 1876 1396 1939 ne
1420 1875 1456 1938 di
1481 1874 1570 1939 altri.

412 1980 549 2043 Perche
583 1981 642 2065 qui
667 1991 835 2063 questore
859 2003 1084 2046 mormorano
1116 1985 1183 2046 che
1206 2003 1277 2049 non
1302 1982 1331 2046 si
1356 1984 1485 2046 sache
1509 1982 1594 2045 Mar·

320 2085 394 2148 tino
419 2086 461 2150 sii
490 2097 546 2151 sta
569 2089 775 2152 dechiarato
798 2098 881 2172 post
904 2090 1043 2153 termini
1071 2091 1228 2172 lapsum,
1262 2100 1298 2153 et
1321 2098 1471 2153 trovano
1496 2109 1594 2153 excu·

321 2194 458 2257 satione
481 2215 547 2277 per
569 2206 674 2278 poter
696 2196 976 2281 favoreggiarlo,
1002 2208 1038 2261 et
1062 2218 1133 2261 non
1158 2198 1176 2261 ὲ
1200 2217 1266 2279 per
1286 2198 1405 2261 niente
1420 2207 1541 2281 tempo
1562 2196 1595 2259 di

321 2301 482 2382 publicar
515 2312 641 2385 questa
663 2304 724 2387 gia
748 2306 915 2369 mandata
945 2307 1076 2388 perche
1106 2306 1151 2370 ne
1174 2306 1389 2369 venirebber
1420 2306 1464 2369 ad
1490 2326 1595 2369 amaz-
1678 2304 1679 2331 1

321 2429 419 2472 zarse
449 2410 555 2473 etiam
579 2411 615 2473 in
638 2412 776 2495 gremio
804 2412 983 2494 Caesaris,
1020 2434 1092 2476 non
1115 2414 1228 2476 solum
1253 2413 1407 2494 Hutten,
1437 2434 1495 2475 ma
1519 2410 1596 2475 tutti
1678 2442 1679 2519 ,

321 2515 436 2596 questi
459 2518 588 2599 nobili,
619 2520 751 2601 perche
776 2520 953 2584 ancorche
976 2520 1024 2583 lui
1049 2542 1120 2584 non
1148 2520 1241 2583 sacci
1265 2520 1368 2583 stima
1392 2520 1437 2583 de
1462 2540 1596 2582 excom·

320 2622 549 2688 municationi
581 2636 749 2709 quantum
781 2629 827 2690 ad
858 2628 1028 2707 animam,
1063 2637 1180 2691 tamen
1214 2649 1277 2710 per
1309 2629 1344 2691 13
1367 2626 1512 2691 infamia
1543 2627 1598 2688 del

320 2731 452 2794 mundo
484 2731 633 2796 farebbe
664 2755 746 2797 cose
779 2735 825 2797 da
848 2734 967 2817 pacci:
1004 2737 1091 2817 pero
1122 2734 1286 2817 supplico
1319 2736 1385 2797 che
1409 2745 1532 2816 presto
1565 2742 1599 2796 et
1678 2786 1679 2789 ,

321 2837 463 2902 omnino
487 2838 516 2903 si
532 2840 658 2904 mandi
683 2843 732 2905 tal
756 2844 854 2906 bulla
879 2864 979 2906 come
1004 2842 1180 2906 demando
1204 2840 1372 2906 accioche
1403 2843 1438 2905 13
1462 2840 1491 2905 si
1514 2843 1598 2924 pub·

320 2944 429 3008 blichi
452 2945 488 3008 in
512 2946 619 3010 Dieta
650 2958 685 3012 et
707 2948 733 3012 il
756 2952 890 3031 populo
914 2950 1012 3014 habii
1035 2949 1096 3033 piu
1120 2960 1267 3013 terrore.
1314 2949 1353 3012 Io
1378 2951 1423 3012 ho
1447 2951 1518 3012 ben
1544 2948 1599 3011 de·
1678 2985 1679 3034 ,

321 3050 510 3115 terminato
543 3056 601 3116 nel
634 3055 746 3136 partit
778 3055 814 3118 di
838 3055 1031 3120 Germania
1063 3057 1119 3120 sar
1150 3056 1313 3138 publicar
1345 3064 1471 3139 questa
1503 3056 1601 3118 bulla

322 3157 428 3220 etiam
453 3170 577 3223 contra
592 3162 729 3227 Hutten
754 3171 789 3226 et
812 3185 868 3227 me
889 3163 1017 3227 retirar
1040 3165 1074 3227 al
1091 3184 1218 3227 securo
1242 3173 1278 3226 et
1301 3163 1394 3227 farla
1409 3163 1603 3246 imprimet,
1678 3205 1679 3266 ,

322 3284 378 3327 ma
403 3266 448 3327 de
471 3265 564 3329 farla
587 3277 723 3332 mentre
747 3271 813 3333 c'he
842 3268 902 3353 qui
926 3270 1051 3335 stiamo
1076 3292 1146 3334 non
1171 3271 1256 3335 volii
1280 3271 1348 3334 Dio
1373 3271 1505 3354 perche
1531 3290 1600 3333 non

321 3371 541 3454 giovar'ebbe
565 3376 635 3438 3113
659 3397 767 3440 causa
793 3387 828 3440 et
851 3379 1067 3460 privarebbe
1091 3378 1173 3441 tutti
1189 3375 1256 3441 ¹noi
1280 3379 1375 3442 della
1398 3377 1481 3442 vita.

411 3479 458 3542 Di
489 3490 613 3562 questa
647 3482 870 3548 diffidatione
902 3485 992 3548 satta
1015 3486 1096 3549 tutti
1130 3496 1166 3548 et
1189 3485 1318 3568 grandi
1348 3495 1383 3548 et
1407 3483 1540 3568 piccoli
1572 3481 1603 3545 ci

321 3595 477 3650 metteno
501 3591 639 3670 grande
662 3610 791 3672 paura;
816 3595 1006 3656 tuttavolta
1030 3592 1140 3656 siamo
1165 3591 1399 3674 determinati,
1423 3590 1605 3655 01133133-

321 3695 399 3757 zolo
425 3703 460 3757 et
482 3695 517 3758 io
541 3698 652 3762 veder
675 3699 710 3761 la
732 3698 813 3781 fine,
838 3709 875 3762 et
898 3721 936 3764 se
952 3700 1108 3764 Martino
1122 3700 1236 3780 viene,
1262 3698 1317 3762 far
1336 3700 1370 3762 lo
1388 3700 1453 3761 che
1468 3697 1604 3779 meglio
1678 3783 1679 3788 ἵ

323 3799 415 3880 sari,
439 3810 474 3864 et
497 3823 535 3865 se
559 3823 629 3867 non
654 3805 757 3869 viene
781 3807 997 3870 demandare
1021 3809 1056 3870 13
1079 3806 1268 3871 diffinitiva
1289 3805 1502 3870 executione
1520 3805 1605 3868 delli

323 3907 401 3971 suoi
434 3907 515 3972 libri
549 3920 584 3972 et
617 3913 662 3975 de
695 3913 825 3976 libellis
848 3913 994 3977 famosis
1028 3915 1170 3996 quando
1202 3914 1310 3977 etiam
1343 3913 1437 3976 mille
1471 3921 1607 3975 mortes

275 4032 278 4044 ·
323 4014 426 4078 nobis
449 4015 688 4101 imminerent,
719 4030 755 4083 et
778 4021 812 4083 in
837 4031 963 4102 questo
987 4021 1179 4085 habbiamo
1209 4020 1283 4086 fixo
1306 4020 1332 4084 il
1355 4019 1479 4101 piede,
1509 4019 1605 4082 incu-
1678 4083 1679 4136 ,

323 4121 413 4186 tiant
442 4126 700 4205 quantumlibet
723 4127 884 4191 timorem
918 4128 1021 4191 nobis
1045 4127 1114 4191 alii.
1162 4128 1196 4191 A
1221 4127 1265 4191 V.
1290 4126 1327 4190 S.
1351 4127 1448 4190 Rma
1476 4126 1607 4190 humil·
1678 4143 1679 4196 1

323 4239 441 4296 mente
466 4232 553 4295 baso
576 4236 611 4296 le
634 4234 739 4298 mani.
786 4235 1008 4300 Wormatiae
1032 4235 1090 4299 die
1116 4255 1132 4315 5
1158 4234 1294 4317 Aprilis
1319 4225 1504 4299 MDXXI'.

1678 4475 1679 4518 l

1678 4729 1679 4790 l

1678 4809 1679 4858 1

1678 4865 1679 4926 1

1678 4955 1679 5012 1

1678 5019 1679 5076 1

1678 5115 1679 5152 1

856 4576 950 4590 vemvu
953 4575 1061 4591 νΝΝΨΝ(
