3425 5700
787 594 1035 649 obiero*

269 739 330 821 pio
354 740 391 801 id
416 741 566 803 maxime
598 743 779 822 negabant
804 741 900 820 fore,
933 742 998 804 che
1023 761 1093 803 non
1118 743 1153 802 la
1177 749 1329 823 potrano
1354 741 1414 822 piu
1439 761 1546 814 curar,

270 849 393 910 saltem
419 868 482 929 per
507 848 530 909 il
554 856 731 929 presente,
755 847 791 910 in
815 850 863 909 tal
888 849 994 910 modo
1018 849 1101 929 quel
1116 850 1271 911 dracone
1287 869 1423 911 saxone
1441 851 1546 910 extol·

270 955 310 1016 lit
334 957 436 1036 colla,
461 954 496 1017 in
521 957 568 1018 tal
595 956 700 1018 modo
724 955 749 1018 li
772 955 931 1036 serpenti
948 955 1124 1019 lutherani
1141 976 1229 1019 sono
1246 955 1470 1036 multiplicati
1485 958 1547 1018 che

270 1062 421 1125 sibilano
446 1063 553 1145 longe
578 1063 720 1143 lateque
746 1074 915 1144 quantum
938 1063 1078 1142 volunt,
1112 1083 1132 1124 e
1164 1067 1333 1143 questore
1366 1074 1487 1125 tacent
1515 1074 1548 1126 et

271 1169 316 1232 mi
342 1191 408 1252 par
424 1170 489 1232 che
513 1179 683 1234 tremano.
731 1169 860 1232 Vorrei
884 1189 962 1232 cum
986 1170 1101 1250 poche
1126 1171 1262 1250 parolle
1285 1169 1419 1233 scriver
1436 1172 1547 1234 alcuni

272 1278 344 1341 casi
370 1279 435 1340 che
459 1297 526 1359 pur
551 1300 572 1340 a
596 1277 707 1357 quest’
730 1279 819 1339 hora
843 1298 898 1340 me
922 1278 1101 1340 assaltano
1126 1277 1172 1338 da
1205 1277 1290 1359 ogni
1330 1278 1464 1357 banda,
1495 1299 1549 1340 ma

207 1379 209 1386 ’
270 1388 544 1467 besognarebbe
569 1385 702 1448 scriver
724 1385 854 1448 volumi
880 1404 951 1447 non
975 1386 1112 1464 lettere,
1139 1393 1174 1446 et
1197 1384 1231 1447 io
1257 1407 1311 1447 me
1336 1385 1462 1447 dubito
1486 1387 1549 1448 che

271 1501 395 1574 queste
431 1513 502 1554 non
538 1492 628 1555 siino
663 1513 729 1573 pur
753 1501 883 1573 troppo
914 1491 1090 1572 taediose,
1127 1492 1156 1554 si
1179 1511 1244 1574 per
1268 1512 1339 1554 non
1368 1492 1493 1555 referir
1518 1496 1547 1554 al

272 1597 365 1662 SS¹¹¹⁰
391 1621 410 1662 e
432 1621 453 1662 a
470 1599 514 1661 V.
532 1599 568 1661 S.
587 1601 662 1662 R¹¹¹a
687 1620 771 1662 cosa
795 1602 859 1662 che
883 1603 992 1662 molto
1016 1599 1042 1662 li
1065 1599 1212 1680 piaccia,
1237 1599 1266 1661 si
1281 1620 1346 1681 per
1366 1601 1400 1660 la
1415 1600 1550 1680 grande

272 1707 453 1771 verbositi
477 1705 565 1780 mia;
599 1727 656 1768 ma
679 1706 704 1768 il
728 1705 861 1768 scriver
895 1727 976 1768 cose
1000 1705 1123 1769 noiose
1147 1705 1391 1787 imputandum
1416 1716 1471 1768 est
1495 1727 1549 1768 ne-

273 1813 429 1877 cessitati
453 1833 560 1878 verae
585 1815 643 1875 vel
667 1813 785 1896 potius
810 1815 936 1894 culpae
960 1813 1156 1892 hominum,
1188 1823 1223 1875 et
1247 1815 1312 1875 che
1346 1813 1380 1876 io
1409 1813 1450 1876 sii
1475 1834 1549 1876 ver-

274 1925 362 1985 boso
377 1923 411 1984 lo
429 1920 466 1984 fa
482 1922 548 1984 che
572 1921 618 1983 mi
642 1920 672 1982 si
696 1919 816 2000 gonfia
840 1922 873 1982 el
898 1940 980 1982 core
1005 1940 1051 1981 ex
1076 1918 1174 1981 cuius
1198 1921 1417 1983 abundantia
1440 1942 1480 1983 os
1503 1923 1548 1983 lo-

273 2030 400 2110 quitur.

361 2137 449 2198 Heri
481 2136 504 2198 li
529 2133 732 2198 Caesariani
763 2135 798 2197 in
822 2155 964 2197 camera
993 2135 1031 2196 di
1054 2135 1248 2218 Caesarei
1280 2135 1417 2197 dissero
1440 2137 1552 2197 haver

273 2242 395 2306 scritto
420 2265 442 2306 a
465 2243 485 2304 l'
500 2241 736 2305 ambasciator
760 2263 781 2304 a
805 2241 924 2304 Roma
948 2242 1099 2304 devesse
1123 2242 1250 2304 referir
1274 2244 1306 2304 al
1325 2240 1419 2304 §8¹⁰⁰
1442 2243 1551 2304 molto

273 2350 409 2414 meliori
446 2370 537 2412 nove
569 2349 614 2410 de
645 2350 680 2411 la
711 2368 818 2410 causa
851 2349 897 2409 de
921 2348 1075 2411 Martino
1101 2351 1167 2411 che
1190 2369 1256 2430 per
1280 2359 1402 2412 nostre
1425 2351 1552 2412 lettere

273 2477 440 2520 eravamo
465 2456 559 2519 soliti
584 2458 629 2518 de
651 2455 816 2534 scrivere,
842 2464 878 2518 et
902 2456 1164 2536 quodammodo
1189 2459 1467 2537 expostulabant
1492 2477 1551 2518 no-

272 2565 426 2627 biscum:
457 2564 752 2646 respondessemo
781 2563 846 2624 che
871 2583 942 2624 non
967 2562 1237 2625 desideravamo
1263 2562 1305 2625 ne
1331 2582 1550 2644 pregavamo

273 2671 342 2734 Dio
359 2673 403 2733 de
428 2673 519 2733 altra
542 2691 626 2732 cosa
650 2689 688 2732 se
713 2689 782 2731 non
808 2670 872 2731 che
897 2671 973 2731 loro
999 2690 1077 2731 cum
1102 2669 1213 2732 effetti
1238 2678 1275 2732 et
1290 2689 1361 2731 non
1387 2691 1463 2732 cum
1488 2672 1538 2732 let

274 2788 350 2842 tere
374 2800 395 2841 0
420 2798 498 2840 cum
522 2778 645 2860 parole
671 2797 710 2837 ce
735 2775 916 2839 facessere
941 2797 1048 2858 parer
1071 2776 1247 2857 bugiardi.

362 2885 430 2950 Gia
447 2894 588 2966 quattro
614 2883 729 2966 giomi
754 2886 786 2946 el
805 2883 998 2946 Confessor
1021 2904 1078 2946 me
1102 2882 1197 2946 disse
1221 2884 1299 2945 chel
1324 2885 1446 2947 eraldo
1470 2883 1552 2947 scri-

273 3015 341 3056 vea
364 3014 385 3054 a
410 2992 562 3055 Caesare
587 3011 687 3053 come
712 3011 862 3053 menava
886 3011 964 3053 cum
989 3010 1072 3052 seco
1090 3000 1215 3070 questo
1232 2998 1401 3071 monstro,
1426 2999 1463 3052 et
1485 2993 1552 3053 che

274 3110 366 3164 tutto
389 3100 413 3161 il
438 3100 567 3161 mundo
593 3098 667 3161 ibat
682 3098 732 3160 illi
750 3098 891 3160 obviam
909 3097 1012 3161 effusi
1023 3097 1125 3179 pueri
1143 3098 1385 3180 innuptaeque
1398 3100 1552 3179 puellae,

274 3227 378 3271 senes
402 3227 479 3268 cum
504 3204 699 3268 iunioribus
724 3207 790 3268 che
814 3225 885 3267 non
910 3225 948 3267 se
972 3215 1080 3286 potea
1103 3204 1288 3285 remediat,
1313 3213 1349 3266 et
1373 3224 1482 3267 ancor
1507 3206 1552 3267 de

275 3323 400 3395 questo
434 3315 598 3376 haviamo
637 3313 737 3376 diece
773 3312 857 3376 fiate
890 3312 1065 3375 rechiesto
1097 3334 1119 3375 a
1149 3311 1281 3375 Caesar
1311 3321 1478 3376 mettesse
1502 3316 1551 3377 tal

275 3422 408 3485 ordene
433 3421 498 3484 che
522 3441 587 3502 per
611 3420 696 3502 ogni
720 3422 799 3482 loco
823 3420 846 3482 l'
860 3420 1013 3482 intrasse
1037 3429 1176 3483 secreto
1201 3419 1261 3502 piir
1279 3422 1344 3482 che
1361 3420 1456 3483 fusse
1471 3440 1551 3501 pos-

274 3529 390 3602 sibile;
424 3528 635 3609 promissum
666 3526 734 3588 fuit
764 3516 1091 3590 asseverantissime
1122 3528 1186 3588 sed
1209 3546 1279 3588 non
1305 3530 1552 3599 observatum:

273 3635 403 3717 perche
440 3656 461 3697 a
497 3633 552 3696 chi
577 3633 706 3696 Cesare
742 3635 916 3697 comanda
952 3654 1022 3696 non
1057 3654 1218 3716 pensano
1254 3635 1300 3696 ad
1324 3636 1415 3697 altro
1439 3635 1505 3697 che
1530 3657 1552 3698 a

275 3744 425 3825 qualche
449 3741 641 3823 particular
666 3741 850 3803 commodo
875 3762 896 3803 o
922 3761 1004 3803 cose
1028 3740 1226 3821 temporali,
1251 3751 1287 3802 et
1308 3742 1552 3824 davantaggio

273 3849 477 3913 intendemo
501 3850 566 3911 che
591 3857 716 3928 questo
741 3850 758 3909 ὸ
783 3848 902 3929 quello
927 3849 1049 3910 eraldo
1074 3848 1139 3909 che
1164 3868 1278 3910 messe
1302 3850 1337 3911 la
1360 3868 1464 3911 mano
1480 3850 1553 3911 alla

274 3958 387 4037 spada
409 3976 475 4037 per
498 3955 554 4017 far
578 3953 762 4036 despiacer
787 3976 807 4017 a
831 3975 902 4017 uno
927 3956 972 4017 de
996 3956 1211 4034 sedunense,
1245 3956 1278 4017 el
1308 3957 1391 4035 qual
1415 3954 1450 4016 in
1475 3958 1553 4018 sala

275 4064 320 4125 de
345 4060 477 4125 Caesar
500 4062 675 4143 parlando
700 4061 878 4124 defendea
902 4063 937 4123 la
960 4083 1066 4124 causa
1091 4062 1149 4124 del
1165 4059 1340 4123 Pontifice
1356 4071 1480 4124 contra
1503 4084 1550 4125 un

273 4169 328 4231 fra
356 4169 493 4248 Joanne
517 4168 625 4230 Fabri
652 4169 695 4231 de
720 4167 886 4248 Augusta
910 4169 975 4229 che
1000 4170 1057 4230 nel
1082 4188 1221 4231 sermon
1252 4167 1287 4229 in
1319 4168 1444 4230 funere
1468 4169 1550 4232 Car-

275 4275 402 4338 dinalis
419 4276 464 4338 de
482 4275 587 4357 Croy,
612 4295 716 4356 quem
731 4274 854 4337 habuit
879 4276 1085 4356 alemanice,
1108 4275 1174 4337 fuit
1191 4278 1378 4338 oblocutus
1395 4275 1440 4336 de
1455 4274 1552 4338 Sede

273 4381 479 4464 apostolica,
505 4382 635 4444 oblitus
660 4390 712 4443 tot
728 4381 976 4445 benefitiorum
1001 4404 1021 4444 a
1036 4379 1101 4444 8πιο
1125 4384 1169 4444 D.
1185 4382 1227 4444 N.
1252 4391 1490 4464 acceptorum,
1515 4398 1551 4446 et

272 4489 419 4551 intendo
451 4490 516 4549 che
548 4497 673 4569 questo
705 4489 827 4549 eraldo
858 4489 876 4550 ὲ
908 4509 955 4550 un
980 4498 1090 4551 matto
1114 4497 1284 4570 protervo
1307 4486 1549 4553 inimicissimo

273 4596 332 4658 del
357 4596 463 4675 clere,
488 4594 687 4657 sbaiaffone
706 4596 739 4656 el
764 4597 869 4675 quale
893 4594 912 4657 ὲ
935 4597 1006 4657 ben
1030 4597 1135 4658 homo
1160 4596 1210 4677 (ut
1233 4594 1332 4657 multi
1355 4596 1423 4658 iarn
1448 4616 1548 4677 prae·

273 4700 406 4787 dicunt)
431 4723 496 4783 per
520 4701 575 4763 dir
599 4712 634 4763 et
657 4702 821 4781 publicar
844 4702 955 4763 haver
978 4702 1110 4763 veduto
1134 4703 1286 4782 qualche
1309 4702 1478 4765 miraculo
1504 4706 1550 4767 de

271 4808 426 4871 Martino
451 4828 514 4891 per
538 4810 573 4872 la
597 4808 656 4871 via
680 4829 701 4871 o
726 4811 759 4871 el
784 4807 918 4891 Spirito
940 4807 1072 4871 Sancto
1096 4828 1204 4890 sopra
1227 4808 1251 4869 il
1275 4828 1366 4891 capo
1390 4829 1490 4872 come
1514 4812 1549 4873 lo

273 4916 488 5004 depingono.
535 4915 580 4981 Et
604 4935 713 4981 ancor
737 4917 802 4980 che
826 4937 897 4979 non
913 4938 951 4979 se
968 4917 992 4979 li
1008 4918 1212 4980 deverebbe
1230 4918 1355 4979 creder
1370 4936 1436 4999 per
1452 4938 1550 4981 esser
