3425 5700
626 585 682 638 μζ]
725 581 871 639 1211ἱὶΜ

102 731 252 812 propria
283 728 500 794 conscientia
532 750 602 792 non
635 729 657 790 li
691 751 792 794 move
824 731 870 792 ad
903 729 979 790 fare
1011 732 1104 790 bene
1134 738 1168 791 et
1194 727 1390 790 defendere

101 838 138 898 la
163 836 338 918 religione
363 837 398 899 di
414 837 554 908 Christo
579 836 792 913 universale,
818 837 947 900 movali
972 837 1006 898 lo
1031 835 1204 899 interesse
1230 835 1287 895 del
1312 834 1389 894 loro

101 945 261 1026 Imperio
287 954 322 1008 et
346 943 512 1027 Signorie
536 945 723 1026 temporali
750 954 784 1007 et
808 943 994 1026 spirituali,
1018 964 1040 1006 a
1063 942 1158 1024 quali
1174 941 1330 1004 Martino
1355 948 1391 1001 et

102 1051 253 1114 Huthen
285 1061 322 1115 et
353 1053 377 1114 li
401 1052 564 1134 complici
590 1073 658 1114 non
685 1072 811 1115 manco
836 1072 924 1114 sono
947 1050 1068 1114 infesti
1093 1053 1159 1113 che
1182 1051 1254 1112 alla
1277 1047 1390 1110 Senta

102 1158 275 1222 Romana
290 1159 430 1238 Chiesa,
454 1179 519 1241 per
543 1160 609 1221 che
634 1179 705 1222 non
722 1159 781 1240 gia
798 1180 866 1223 con
882 1161 960 1222 loro
975 1179 1082 1239 anne,
1108 1159 1150 1221 ne
1167 1177 1234 1222 cou
1249 1153 1390 1218 heresie

101 1265 310 1329 Thodeschi
346 1268 464 1330 hanno
496 1267 706 1348 consaguito
730 1267 756 1329 il
780 1269 894 1330 culme
918 1265 1106 1348 imperiale
1131 1275 1166 1328 et
1189 1261 1330 1345 potesta
1355 1260 1391 1323 di

102 1373 296 1454 eleggem:
329 1393 385 1436 ma
417 1375 492 1436 solo
526 1393 591 1455 per
624 1395 721 1436 mera
753 1373 870 1455 gratia
900 1387 936 1436 et
966 1371 1142 1436 liberalite
1173 1373 1268 1434 della
1295 1369 1391 1432 Sede

102 1477 329 1559 Apostolica,
354 1491 391 1542 et
415 1481 499 1544 delli
516 1481 671 1544 Romani
689 1479 868 1552 Pontifici;
895 1479 1016 1561 percio
1041 1482 1107 1542 che
1130 1500 1169 1542 se
1193 1478 1253 1540 alli
1277 1475 1391 1539 meriti

102 1606 144 1648 se
182 1587 323 1650 hevessi
359 1590 405 1650 ad
441 1591 637 1670 guardare,
674 1607 744 1650 non
782 1609 909 1650 manco
944 1587 1069 1650 merita
1101 1588 1136 1649 la
1168 1584 1322 1649 Natione
1356 1582 1391 1644 di

102 1691 258 1774 Spagna
279 1695 324 1757 n'e
341 1715 465 1758 manco
486 1697 520 1758 la
536 1697 581 1758 de
597 1696 823 1776 Inghilterre,
848 1717 869 1758 0
890 1696 925 1758 di
940 1695 1103 1773 Francia,
1129 1691 1337 1774 Hungheria
1357 1699 1393 1752 et

105 1798 285 1880 Pollonia,
311 1805 377 1866 che
401 1805 436 1865 la
451 1803 649 1866 Thudesca.
691 1803 824 1882 Queste
849 1821 933 1865 cose
948 1822 1020 1864 non
1044 1801 1073 1862 si
1092 1800 1256 1863 scriveno
1271 1800 1317 1860 ad
1333 1797 1392 1860 voi

102 1905 248 1969 Messer
270 1907 477 1972 Hieronimo
502 1929 566 1991 per
590 1909 781 1988 instruirvi,
806 1911 872 1972 che
897 1910 1005 1971 molto
1030 1907 1171 1990 miglior
1193 1905 1333 1988 regioni
1358 1912 1394 1967 et

103 2014 260 2095 consigli
290 2015 326 2077 vi
357 2036 514 2080 nascono
547 2017 583 2080 in
617 2037 718 2096 casa,
754 2026 789 2079 et
813 2016 945 2080 Nostro
969 2016 1124 2097 Signore
1155 2016 1172 2078 ὲ
1202 2025 1301 2077 certo
1325 2013 1392 2075 che

104 2142 181 2184 non
213 2134 289 2186 sete
313 2132 407 2186 stato
432 2125 477 2186 ad
502 2133 627 2206 questa
651 2126 740 2186 hora
764 2126 810 2186 ad
834 2124 988 2186 metterli
1010 2123 1046 2186 in
1071 2142 1198 2205 opera:
1234 2140 1291 2183 ma
1315 2120 1391 2181 solo

104 2249 176 2310 per
207 2232 274 2293 che
306 2231 494 2294 scrivendo
525 2231 584 2295 noi
615 2232 651 2294 in
675 2230 886 2294 conformite
918 2231 954 2293 di
985 2232 1104 2312 quello
1136 2229 1166 2292 si
1194 2229 1212 2291 ὲ
1238 2226 1332 2290 dicto
1357 2235 1393 2287 et

104 2347 261 2418 pensato
285 2358 351 2418 per
374 2338 443 2416 voi,
469 2339 673 2402 conosciate
693 2336 766 2400 Sua
781 2335 920 2399 Santita
944 2333 1209 2399 commendarvi
1234 2343 1270 2396 et
1293 2331 1393 2394 accid

104 2444 224 2506 anche
270 2445 377 2526 quelli
411 2447 604 2508 intendano
637 2445 661 2507 li
695 2443 843 2509 discorsi
876 2444 985 2508 vostri
1016 2445 1213 2526 procedere
1243 2442 1290 2503 da
1319 2437 1394 2502 Sua

105 2551 350 2615 Beatitudine.
397 2552 529 2616 Nostro
545 2551 699 2634 Signore
724 2551 758 2613 in
783 2572 870 2614 vero
895 2572 963 2615 non
990 2553 1008 2614 ἐ
1032 2551 1068 2613 in
1084 2561 1180 2613 tucto
1198 2546 1393 2612 sodisfacto
1449 2559 1452 2567 ·

106 2657 144 2719 in
182 2669 307 2739 questa
339 2679 423 2722 cosa
455 2659 489 2721 di
514 2659 645 2722 Cesare
678 2678 744 2740 per
774 2659 809 2720 la
835 2668 937 2721 tanta
961 2657 1130 2721 dilatione
1154 2658 1220 2720 che
1245 2656 1274 2717 si
1298 2652 1394 2716 fain

107 2764 284 2846 exeguire
308 2765 427 2847 quello
452 2767 518 2829 che
543 2768 589 2829 da
605 2763 678 2828 Sua
694 2765 832 2828 Maestd
856 2775 971 2828 stessa
995 2766 1013 2827 ὲ
1035 2775 1128 2828 stato
1145 2762 1392 2827 commendato

106 2871 144 2933 in
176 2871 301 2935 favore
332 2874 427 2937 della
459 2894 565 2937 causa
598 2873 632 2936 di
657 2874 797 2937 Christo
823 2884 859 2936 et
883 2874 978 2937 della
999 2874 1143 2956 justitia.
1191 2873 1220 2934 Il
1245 2872 1311 2933 che
1335 2871 1392 2932 de-

107 2988 196 3042 nota
221 2977 295 3042 Sua
318 2980 456 3043 Maesta
490 3000 618 3061 parere
649 2980 868 3044 raffreddata
900 2991 936 3044 et
966 2982 1053 3045 dare
1083 2979 1226 3044 orechie
1250 2977 1310 3041 alli
1334 2978 1391 3039 ad-

108 3086 260 3149 versarii
292 3086 327 3148 di
352 3086 493 3150 Christo
518 3098 553 3149 et
578 3089 672 3151 della
696 3088 816 3151 chiesa
841 3090 936 3152 della
959 3090 1064 3170 quale
1087 3087 1240 3151 essendo
1264 3085 1311 3147 lei
1335 3085 1392 3147 ad·
1453 3155 1455 3160 ,

108 3204 258 3272 vocata,
292 3196 384 3257 veda
408 3193 482 3257 Sua
506 3195 643 3258 Maesta
675 3205 808 3276 quanto
841 3197 978 3259 honore
1009 3195 1033 3258 li
1064 3195 1116 3258 sia
1146 3217 1168 3257 a
1198 3191 1394 3256 defendere

108 3304 328 3363 lentamente
344 3303 378 3363 le
394 3321 476 3364 cose
493 3302 613 3365 d'essa
629 3302 760 3382 chiesa,
785 3303 891 3384 quale
907 3302 943 3364 in
961 3311 1086 3384 questo
1103 3300 1127 3363 li
1143 3302 1161 3363 e
1177 3298 1277 3383 quasi
1294 3319 1395 3361 come

110 3408 250 3481 niente;
284 3428 322 3470 se
351 3406 424 3472 Sua
448 3408 585 3472 Maesth
620 3409 759 3472 innanzi
795 3410 862 3473 che
893 3410 922 3472 si
952 3409 1092 3473 termini
1126 3411 1161 3472 la
1184 3407 1291 3471 Dieta
1323 3426 1393 3469 non

111 3512 286 3577 diffinisse
311 3516 345 3577 la
369 3535 454 3578 cosa
477 3529 513 3579 et
536 3516 680 3597 impone
704 3518 814 3580 totale
839 3516 990 3579 selentio
1014 3517 1059 3579 ad
1075 3517 1125 3578 tal
1142 3514 1300 3594 materia,
1325 3533 1395 3576 non

92 3622 267 3701 -bisogna
290 3622 319 3684 si
343 3622 449 3703 speri,
474 3644 512 3686 se
536 3644 607 3686 non
632 3623 931 3686 scandalosissimi
955 3624 1052 3703 exiti,
1076 3624 1121 3686 de
1145 3622 1240 3704 quali
1264 3622 1396 3684 Nostro

111 3726 268 3809 Signore
292 3737 453 3810 protesta
477 3750 499 3791 a
514 3730 584 3792 Dio
610 3741 645 3793 et
670 3732 702 3792 al
729 3730 858 3794 mondo
885 3732 951 3793 che
976 3732 1022 3793 da
1046 3751 1085 3793 se
1109 3751 1179 3792 non
1197 3730 1215 3792 ὲ
1231 3736 1395 3791 mancato

110 3834 169 3896 far
202 3843 298 3897 tucte
330 3837 363 3897 le
397 3836 592 3918 provisioni
624 3836 785 3918 possibili
810 3839 879 3900 alle
903 3837 1036 3900 faculta
1060 3840 1155 3901 della
1179 3836 1275 3899 Sede
1300 3836 1396 3917 Apo-

110 3940 250 4005 stolica.
297 3942 365 4005 Nel
392 3955 487 4007 resto
503 3944 571 4007 Dio
596 3964 668 4007 non
694 3943 884 4007 manchere
909 3944 937 4007 si
962 3964 1062 4008 come
1086 3965 1156 4007 non
1182 3945 1308 4006 manco
1328 3941 1397 4004 mai

111 4050 184 4111 alla
198 4048 272 4113 Sua
295 4050 429 4123 chiesa;
452 4050 522 4114 Voi
547 4052 723 4132 seguitate
747 4061 1054 4115 constantemente
1079 4061 1115 4114 et
1138 4050 1295 4113 unanimi
1310 4048 1397 4112 tucti

111 4168 149 4219 et
172 4165 228 4219 tre
252 4156 281 4219 si
305 4178 405 4220 corne
428 4156 500 4223 fino
524 4159 584 4241 qui
608 4162 737 4223 havete
762 4159 869 4242 fact0,
894 4169 930 4223 et
953 4158 1173 4223 comunicate
1199 4161 1255 4223 col
1272 4158 1396 4221 Carac-

111 4264 207 4327 ciolo
240 4272 276 4326 et
307 4264 445 4329 Messer
474 4265 660 4340 Rafaello;
697 4268 791 4329 nella
821 4267 1012 4348 prudentia
1041 4276 1163 4329 vostra
1196 4276 1231 4329 et
1260 4267 1336 4327 loro
1368 4263 1398 4326 si

112 4371 255 4434 rimette
287 4370 312 4433 il
345 4372 508 4455 bisogno
555 4374 601 4435 Di
636 4394 706 4455 qua
729 4374 765 4435 vi
790 4374 819 4435 si
842 4394 931 4437 sono
955 4376 1122 4437 mandate
1146 4382 1236 4435 tutte
1260 4373 1294 4434 le
1318 4391 1396 4452 pro-

112 4478 242 4541 visioni
276 4480 431 4542 secondo
462 4481 592 4543 havete
624 4478 776 4561 chieste,
810 4490 846 4543 et
869 4483 904 4543 al
928 4478 1129 4543 Cameriere
1154 4479 1189 4542 di
1214 4479 1344 4542 Cesare
1368 4477 1397 4540 si

112 4588 131 4649 ὲ
158 4584 352 4648 sodisfacto
377 4607 477 4649 corne
501 4588 647 4650 havrete
671 4586 763 4649 visto
788 4608 853 4669 per
877 4590 913 4650 la
936 4586 1196 4670 supplicatione
1221 4596 1256 4649 et
1278 4584 1396 4658 brevi3

112 4696 188 4756 cosl
213 4711 235 4753 a
259 4691 357 4755 molti
380 4694 472 4757 altri.

205 4800 258 4862 La
282 4820 365 4863 cosa
390 4802 446 4863 del
467 4802 604 4864 Doctor
618 4801 792 4883 Capitone
816 4801 844 4864 si
870 4800 1039 4864 mandere
1063 4800 1205 4863 omnino
1230 4799 1398 4882 expedita

112 4928 217 4971 come
248 4909 353 4971 vuole
386 4918 422 4971 et
446 4906 569 4971 Sancti
593 4908 743 4989 Quattro
773 4910 820 4970 ha
851 4908 887 4972 in
919 4929 1022 4971 mano
1048 4917 1142 4971 tucte
1166 4908 1200 4969 le
1224 4906 1398 4989 scripture
