3425 5700
837 530 1082 587 &3144oe

320 677 380 737 del
404 677 469 739 che
494 676 625 739 Nostro
651 678 820 759 Signme,
856 688 891 741 et
916 678 1048 741 Vostra
1082 678 1251 761 Signoria
1286 676 1587 741 Reverendissima

321 803 376 845 me
400 782 599 864 perdonino
624 794 659 847 et
683 786 802 849 facino
826 786 862 848 in
887 788 922 851 lo
947 785 1097 849 exaudir
1121 796 1252 867 quanto
1278 808 1298 847 a
1323 808 1361 847 se
1385 772 1504 865 piace;
1528 804 1587 865 ego

321 890 466 953 veroin
491 893 559 954 hoc
584 913 655 955 non
680 914 789 975 quero
815 914 906 975 quae
931 914 1009 956 mea
1032 904 1126 972 sunt,
1149 894 1213 955 sed
1238 912 1329 973 quae
1355 891 1500 963 Christi;
1524 890 1586 952 cosi

322 998 370 1061 lui
394 1000 471 1061 solo
495 1019 551 1061 me
576 1020 620 1062 ne
645 999 686 1062 sii
711 1001 923 1063 testimonio
1352 994 1354 999 ’

410 1105 725 1171 Reverendissime
736 1108 898 1189 Domine,
910 1107 929 1171 ὲ
941 1106 1142 1171 necessario
1154 1107 1219 1170 che
1231 1106 1288 1169 noi
1301 1107 1331 1167 ci
1344 1105 1520 1168 adiutamo
1530 1124 1586 1165 con

324 1212 405 1275 tutti
430 1213 455 1276 li
478 1214 620 1277 honesti
647 1224 683 1277 et
704 1216 846 1297 posibili
871 1216 967 1279 modi
991 1215 1090 1277 accio
1114 1235 1179 1297 per
1202 1214 1261 1277 noi
1287 1234 1357 1276 non
1383 1211 1519 1275 manchi
1541 1212 1588 1273 lar

323 1322 357 1384 el
381 1319 503 1384 debito
537 1332 662 1385 contra
692 1324 716 1386 li
747 1322 878 1386 inimici
913 1325 1008 1385 della
1033 1321 1173 1385 Chiesia
1204 1330 1240 1383 et
1270 1341 1360 1403 pace
1390 1319 1588 1397 Christiana,

322 1429 410 1509 ρετὸ
442 1429 604 1510 supplico
634 1431 700 1493 che
724 1430 857 1493 Vostra
882 1427 1050 1512 Signoria
1074 1428 1391 1492 Reverendissima
1419 1428 1590 1489 intercede

323 1536 388 1597 che
419 1534 550 1598 Nostro
582 1534 737 1619 Signore
771 1536 919 1600 concedi
953 1536 1203 1601 l’inlrascritte
1238 1536 1353 1617 gratie
1387 1556 1408 1597 a
1439 1554 1589 1617 persone,

323 1643 389 1705 che
413 1642 445 1704 ci
468 1642 613 1724 possino
638 1644 765 1725 giovar
789 1655 825 1708 et
848 1664 989 1707 nocere.

412 1749 532 1811 Primo
546 1752 579 1812 el
597 1751 880 1833 protonotariato
889 1772 955 1834 per
963 1754 1096 1815 bullam
1103 1753 1137 1814 al
1148 1751 1373 1815 summulario
1382 1752 1478 1813 della
1486 1750 1590 1829 capel·

324 1856 358 1917 la
375 1856 528 1920 Cesarea
545 1858 735 1922 substituto
753 1860 811 1923 del
826 1860 1022 1941 confessor,
1039 1861 1073 1923 el
1088 1861 1171 1941 qual
1194 1866 1293 1921 certo
1317 1880 1355 1921 se
1379 1860 1426 1919 ha
1450 1866 1591 1939 portatu,

324 1975 360 2025 et
383 1972 527 2046 portase
552 1985 617 2046 ρετ
640 1967 700 2029 noi
724 1966 994 2050 egregiamente
1019 1978 1054 2030 et
1079 1967 1108 2029 si
1141 1965 1219 2029 fara
1247 1986 1332 2029 cosa
1355 1962 1592 2047 gratissimae

324 2072 423 2135 detto
447 2072 641 2136 confessor.
1092 2140 1096 2149 ,

414 2180 452 2241 Ι]
465 2180 556 2243 altra
580 2180 698 2263 gratia
727 2182 744 2245 ὲ
769 2203 834 2265 ρετ
857 2181 883 2245 il
906 2182 980 2244 filio
1004 2183 1040 2244 di
1064 2202 1134 2245 uno
1159 2180 1316 2263 portiere
1340 2181 1376 2241 di
1401 2178 1546 2255 Cesare,
1571 2176 1591 2237 il

325 2289 408 2369 qual
432 2308 573 2369 sempre
591 2288 609 2351 ὲ
624 2297 718 2351 stato
733 2290 939 2352 Lutherano
965 2300 1000 2351 et
1024 2286 1161 2352 nemico
1186 2289 1221 2349 di
1237 2287 1366 2365 Roma,
1392 2306 1448 2348 ma
1472 2281 1593 2366 perche

324 2397 371 2457 ha
398 2415 572 2475 speranza
596 2397 690 2459 delle
719 2416 828 2477 prece
860 2396 1051 2478 imperiali,
1084 2408 1120 2458 et
1149 2397 1182 2459 el
1213 2392 1286 2456 filio
1320 2414 1390 2455 non
1424 2394 1443 2454 ὲ
1475 2392 1511 2454 in
1543 2390 1595 2453 eta

325 2501 515 2566 sufficienti
540 2503 585 2564 ad
605 2517 738 2582 curata,
764 2505 940 2566 demanda
965 2504 1143 2584 dispensa,
1168 2504 1203 2564 la
1226 2503 1309 2584 qual
1324 2502 1432 2563 credo
1457 2500 1486 2562 si
1501 2496 1593 2581 potri

324 2611 396 2691 far,
420 2612 491 2672 ben
516 2630 581 2692 per
604 2612 733 2684 breve;
758 2611 884 2692 dopoi,
909 2612 974 2673 che
1000 2610 1030 2672 ci
1057 2610 1231 2673 demando
1257 2610 1306 2671 tal
1330 2606 1447 2689 gratia
1471 2606 1488 2668 ὁ
1513 2614 1594 2667 tutto
1674 2626 1675 2665 l

325 2716 487 2798 mitigato
521 2728 557 2779 et
595 2719 626 2779 ci
657 2717 694 2779 fa
726 2718 823 2780 molti
854 2717 1053 2801 appiaceri;
1091 2720 1252 2799 besogna
1285 2714 1510 2778 confirmarlo
1539 2730 1595 2796 per

327 2834 455 2907 questa
479 2825 644 2906 gratuita.

416 2934 466 2994 La
491 2943 587 2995 terza
611 2934 631 2996 ὲ
655 2955 721 3016 ρετ
745 2936 778 2997 el
802 2935 933 2997 Dottor
958 2935 1155 2997 Brochardi
1177 2935 1242 2996 che
1268 2933 1413 3014 predico
1439 2953 1459 2995 a
1484 2941 1595 2994 nostra

325 3040 494 3103 instantia
517 3040 552 3102 in
577 3040 765 3120 Moguntia
790 3054 914 3104 contra
939 3043 1072 3105 Luther
1104 3062 1170 3104 con
1202 3061 1292 3123 gran
1327 3040 1486 3122 periculo
1511 3039 1594 3100 della

326 3148 415 3227 vita,
451 3149 593 3229 quando
617 3147 806 3211 facessimo
831 3151 866 3211 la
884 3149 1112 3222 executione;
1138 3148 1300 3211 Dondee
1326 3157 1419 3210 stato
1444 3164 1594 3209 necessa-

325 3254 379 3317 rio
403 3275 424 3316 a
449 3254 608 3337 partirsi,
641 3265 676 3316 et
708 3255 726 3317 ὲ
763 3256 822 3337 qui
854 3256 890 3318 in
916 3257 1100 3336 WormeS,
1133 3265 1169 3318 et
1192 3256 1229 3318 fa
1254 3258 1372 3317 buono
1398 3253 1530 3330 officio,
1564 3263 1596 3311 et
1673 3273 1674 3324 ς

327 3362 458 3443 perche
482 3381 553 3423 non
577 3363 624 3423 ha
648 3382 820 3442 speranza
845 3383 885 3425 se
908 3383 978 3426 non
1005 3364 1040 3425 di
1065 3384 1247 3426 recorrere
1271 3363 1306 3424 in
1327 3383 1373 3423 un
1391 3357 1595 3424 monasterio

328 3467 409 3532 dell'
434 3471 540 3531 abate
564 3469 743 3533 Fuldense
767 3481 804 3532 et
830 3471 942 3532 haver
967 3472 1117 3551 qualche
1141 3470 1332 3550 beneficio,
1372 3467 1544 3530 demanda
1566 3466 1596 3525 la

328 3576 496 3657 dispensa
519 3577 677 3638 secundo
703 3579 737 3638 la
760 3577 1032 3659 supplicatione,
1058 3579 1123 3640 che
1148 3578 1182 3640 io
1207 3577 1354 3648 mando:
1380 3576 1537 3657 supplico
1561 3593 1597 3632 se

328 3685 352 3746 li
376 3683 491 3746 faccia
515 3685 597 3763 quel
622 3685 687 3746 che
712 3684 740 3746 si
764 3694 861 3766 pote,
887 3687 931 3746 de
949 3705 1056 3766 more,
1081 3685 1278 3748 advisando
1304 3685 1369 3746 che
1389 3684 1438 3745 lui
1463 3682 1597 3745 emolto

328 3790 487 3854 cacciato
512 3792 559 3852 da
582 3790 776 3853 Lutherani
800 3811 866 3872 per
896 3791 1059 3854 retirarlo
1091 3813 1112 3854 a
1136 3794 1230 3872 lor0,
1262 3792 1393 3873 perche
1426 3792 1443 3853 ὸ
1476 3792 1598 3852 huomo
1672 3839 1673 3872 ,

328 3899 463 3960 audace
497 3907 534 3959 et
564 3917 681 3960 rerum
713 3918 885 3961 novarum
920 3898 1137 3980 aliquantum
1176 3900 1344 3981 cupidus,
1386 3919 1457 3961 non
1489 3907 1598 3957 tamen
1672 3881 1673 3935 l

328 4007 451 4069 malus

417 4112 533 4176 Credo
570 4114 635 4174 che
667 4111 801 4175 Vostra
832 4112 1002 4195 Signoria
1033 4113 1351 4176 Reverendissima
1380 4123 1415 4174 et
1447 4109 1599 4173 illustris·

329 4220 417 4282 sima
445 4222 491 4281 ha
522 4219 653 4282 sentito
685 4220 845 4283 nominar
878 4223 909 4284 el
942 4219 1134 4284 secretario
1159 4220 1349 4303 Spieghel;
1385 4230 1508 4300 questo
1540 4235 1602 4298 per

329 4347 435 4408 parer
469 4327 535 4388 che
559 4346 669 4388 ancor
699 4326 747 4388 lui
777 4327 819 4390 sii
850 4349 920 4390 uno
953 4327 989 4388 di
1022 4327 1156 4409 satrapi
1188 4329 1281 4391 delle
1312 4329 1436 4407 lettre,
1467 4327 1484 4389 d
1515 4343 1600 4406 gran

330 4433 562 4496 confederato
587 4455 654 4496 con
679 4435 713 4496 la
738 4434 934 4496 Academia
958 4433 1171 4496 Germanica
1202 4437 1237 4496 la
1270 4435 1350 4516 qual
1382 4433 1402 4496 ε
1437 4431 1602 4512 complice
1671 4453 1672 4498 l

330 4542 366 4602 di
390 4541 544 4616 Luther3
577 4550 668 4601 tutta
700 4542 798 4602 volta
828 4561 894 4621 ρετ
926 4560 1023 4603 esser
1055 4541 1103 4602 lui
1137 4541 1300 4604 mariteto
1332 4551 1367 4603 et
1391 4559 1542 4622 povero,
1567 4557 1603 4598 se

330 4649 425 4710 lassa
449 4649 584 4710 condur
608 4649 734 4710 alcuna
764 4647 849 4709 fiata
879 4668 900 4708 a
931 4647 1128 4729 discoprire
1154 4649 1189 4711 di
1213 4652 1330 4710 bunne
1356 4667 1459 4728 cose,
1491 4657 1525 4709 et
1551 4645 1605 4706 fer

331 4756 482 4836 qualche
512 4756 632 4815 buono
667 4753 785 4815 officio
809 4774 875 4835 per
907 4755 983 4832 noi,
1015 4757 1080 4816 sub
1110 4776 1173 4835 spe
1199 4755 1346 4818 alicuius
1371 4751 1604 4817 emolumenti.

331 4862 376 4924 Et
398 4864 529 4942 perche
554 4862 601 4924 lui
627 4881 698 4924 non
729 4870 814 4944 pote
838 4863 951 4923 haver
981 4862 1163 4943 beneficii,
1197 4872 1321 4944 aperte
1357 4861 1402 4927 mi
1435 4859 1605 4926 demanda
