<?xml version="1.0" encoding="UTF-8"?>
<!DOCTYPE html PUBLIC "-//W3C//DTD XHTML 1.0 Transitional//EN"
    "http://www.w3.org/TR/xhtml1/DTD/xhtml1-transitional.dtd">
<html xmlns="http://www.w3.org/1999/xhtml" xml:lang="en" lang="en">
 <head>
  <title>
</title>
<meta http-equiv="Content-Type" content="text/html;charset=utf-8" />
  <meta name='ocr-system' content='tesseract 3.04.00' />
  <meta name='ocr-capabilities' content='ocr_page ocr_carea ocr_par ocr_line ocrx_word'/>
</head>
<body>
  <div class='ocr_page' id='page_1' title='image "./monumentareform00unkngoog_0427.png"; bbox 0 0 3425 5700; ppageno 0'>
   <div class='ocr_carea' id='block_1_1' title="bbox 143 546 1491 4859">
    <p class='ocr_par' dir='ltr' id='par_1_1' title="bbox 143 546 1491 4859">
     <span class='ocr_line' id='line_1_1' title="bbox 648 546 895 615; baseline 0.012 -2"><span class='ocrx_word' id='word_1_1' title='bbox 648 556 706 613; x_wconf 68' lang='lat'><strong>0-{3</strong></span> <span class='ocrx_word' id='word_1_2' title='bbox 744 548 797 615; x_wconf 77' lang='lat'><strong>385</strong></span> <span class='ocrx_word' id='word_1_3' title='bbox 836 546 895 615; x_wconf 57' lang='grc' dir='ltr'><strong>ΕΉ</strong></span> 
     </span>
     <span class='ocr_line' id='line_1_2' title="bbox 144 698 1410 787; baseline 0.001 -26"><span class='ocrx_word' id='word_1_4' title='bbox 144 698 357 771; x_wconf 81' lang='lat' dir='ltr'><strong>seminantes.</strong></span> <span class='ocrx_word' id='word_1_5' title='bbox 396 701 537 768; x_wconf 83' lang='lat' dir='ltr'><strong>Interea</strong></span> <span class='ocrx_word' id='word_1_6' title='bbox 561 705 730 787; x_wconf 90' lang='lat' dir='ltr'><strong>temporis</strong></span> <span class='ocrx_word' id='word_1_7' title='bbox 754 706 936 787; x_wconf 86' lang='lat' dir='ltr'>negotium</span> <span class='ocrx_word' id='word_1_8' title='bbox 956 704 1040 769; x_wconf 90' lang='lat' dir='ltr'><strong>mihi</strong></span> <span class='ocrx_word' id='word_1_9' title='bbox 1064 704 1185 767; x_wconf 89' lang='lat' dir='ltr'><strong>datum</strong></span> <span class='ocrx_word' id='word_1_10' title='bbox 1201 710 1312 766; x_wconf 87' lang='lat' dir='ltr'><strong>toturn</strong></span> <span class='ocrx_word' id='word_1_11' title='bbox 1330 708 1410 763; x_wconf 83' lang='lat' dir='ltr'><strong>eunt</strong></span> 
     </span>
     <span class='ocr_line' id='line_1_3' title="bbox 144 797 1411 893; baseline 0.001 -24"><span class='ocrx_word' id='word_1_12' title='bbox 144 806 303 890; x_wconf 84' lang='lat' dir='ltr'><strong>agitatum</strong></span> <span class='ocrx_word' id='word_1_13' title='bbox 321 831 526 893; x_wconf 87' lang='lat' dir='ltr'><strong>processum</strong></span> <span class='ocrx_word' id='word_1_14' title='bbox 542 814 676 877; x_wconf 89' lang='lat' dir='ltr'><strong>debere</strong></span> <span class='ocrx_word' id='word_1_15' title='bbox 695 813 731 877; x_wconf 89' lang='lat' dir='ltr'><strong>in</strong></span> <span class='ocrx_word' id='word_1_16' title='bbox 748 812 802 876; x_wconf 90' lang='lat' dir='ltr'><strong>sui</strong></span> <span class='ocrx_word' id='word_1_17' title='bbox 817 834 939 877; x_wconf 90' lang='lat' dir='ltr'><strong>veram</strong></span> <span class='ocrx_word' id='word_1_18' title='bbox 953 812 1103 877; x_wconf 85' lang='lat' dir='ltr'><strong>formam</strong></span> <span class='ocrx_word' id='word_1_19' title='bbox 1123 812 1300 891; x_wconf 81' lang='lat' dir='ltr'><strong>redigere,</strong></span> <span class='ocrx_word' id='word_1_20' title='bbox 1315 797 1411 892; x_wconf 80' lang='lat' dir='ltr'><strong>quod</strong></span> 
     </span>
     <span class='ocr_line' id='line_1_4' title="bbox 144 914 1411 1002; baseline 0.003 -27"><span class='ocrx_word' id='word_1_21' title='bbox 144 924 174 975; x_wconf 90' lang='lat' dir='ltr'><strong>et</strong></span> <span class='ocrx_word' id='word_1_22' title='bbox 195 914 270 995; x_wconf 86' lang='lat' dir='ltr'><strong>feci,</strong></span> <span class='ocrx_word' id='word_1_23' title='bbox 296 919 448 983; x_wconf 89' lang='lat' dir='ltr'><strong>eundem</strong></span> <span class='ocrx_word' id='word_1_24' title='bbox 473 920 565 984; x_wconf 91' lang='lat' dir='ltr'><strong>forte</strong></span> <span class='ocrx_word' id='word_1_25' title='bbox 590 919 686 1002; x_wconf 90' lang='lat' dir='ltr'><strong>typis</strong></span> <span class='ocrx_word' id='word_1_26' title='bbox 711 920 974 1001; x_wconf 86' lang='lat' dir='ltr'><strong>excutiendum,</strong></span> <span class='ocrx_word' id='word_1_27' title='bbox 999 940 1068 1002; x_wconf 92' lang='lat' dir='ltr'><strong>quo</strong></span> <span class='ocrx_word' id='word_1_28' title='bbox 1093 929 1128 982; x_wconf 91' lang='lat' dir='ltr'><strong>et</strong></span> <span class='ocrx_word' id='word_1_29' title='bbox 1152 919 1230 981; x_wconf 90' lang='lat' dir='ltr'><strong>aliis</strong></span> <span class='ocrx_word' id='word_1_30' title='bbox 1254 920 1411 997; x_wconf 85' lang='lat' dir='ltr'><strong>locorum</strong></span> 
     </span>
     <span class='ocr_line' id='line_1_5' title="bbox 143 1020 1411 1110; baseline 0.001 -27"><span class='ocrx_word' id='word_1_31' title='bbox 143 1020 320 1104; x_wconf 91' lang='lat' dir='ltr'><strong>Episcopis</strong></span> <span class='ocrx_word' id='word_1_32' title='bbox 337 1027 556 1106; x_wconf 89' lang='lat' dir='ltr'><strong>procedendi</strong></span> <span class='ocrx_word' id='word_1_33' title='bbox 572 1025 723 1090; x_wconf 88' lang='lat' dir='ltr'><strong>formula</strong></span> <span class='ocrx_word' id='word_1_34' title='bbox 736 1026 876 1091; x_wconf 83' lang='lat' dir='ltr'><strong>facilior</strong></span> <span class='ocrx_word' id='word_1_35' title='bbox 890 1046 1066 1109; x_wconf 89' lang='lat' dir='ltr'><strong>apparere</strong></span> <span class='ocrx_word' id='word_1_36' title='bbox 1080 1025 1208 1110; x_wconf 88' lang='lat' dir='ltr'><strong>possit;</strong></span> <span class='ocrx_word' id='word_1_37' title='bbox 1233 1024 1411 1087; x_wconf 83' lang='lat' dir='ltr'><strong>adhibebo</strong></span> 
     </span>
     <span class='ocr_line' id='line_1_6' title="bbox 143 1126 1412 1217; baseline 0.003 -29"><span class='ocrx_word' id='word_1_38' title='bbox 143 1126 276 1210; x_wconf 90' lang='lat' dir='ltr'><strong>insuper</strong></span> <span class='ocrx_word' id='word_1_39' title='bbox 308 1133 514 1212; x_wconf 86' lang='lat' dir='ltr'><strong>possibilem</strong></span> <span class='ocrx_word' id='word_1_40' title='bbox 540 1154 685 1216; x_wconf 81' lang='lat' dir='ltr'><strong>operam</strong></span> <span class='ocrx_word' id='word_1_41' title='bbox 710 1134 892 1217; x_wconf 87' lang='lat' dir='ltr'><strong>querende</strong></span> <span class='ocrx_word' id='word_1_42' title='bbox 915 1134 973 1197; x_wconf 92' lang='lat' dir='ltr'><strong>vie</strong></span> <span class='ocrx_word' id='word_1_43' title='bbox 1006 1133 1168 1196; x_wconf 83' lang='lat' dir='ltr'><strong>faciende</strong></span> <span class='ocrx_word' id='word_1_44' title='bbox 1192 1130 1412 1195; x_wconf 84' lang='lat' dir='ltr'><strong>executionis</strong></span> 
     </span>
     <span class='ocr_line' id='line_1_7' title="bbox 144 1237 1414 1323; baseline 0.002 -27"><span class='ocrx_word' id='word_1_45' title='bbox 144 1237 309 1300; x_wconf 88' lang='lat' dir='ltr'><strong>sententie</strong></span> <span class='ocrx_word' id='word_1_46' title='bbox 334 1239 483 1320; x_wconf 84' lang='lat' dir='ltr'><strong>prefate.</strong></span> <span class='ocrx_word' id='word_1_47' title='bbox 532 1240 607 1303; x_wconf 88' lang='lat' dir='ltr'><strong>Sub</strong></span> <span class='ocrx_word' id='word_1_48' title='bbox 624 1242 717 1305; x_wconf 91' lang='lat' dir='ltr'><strong>idem</strong></span> <span class='ocrx_word' id='word_1_49' title='bbox 732 1251 872 1323; x_wconf 88' lang='lat' dir='ltr'><strong>tempus</strong></span> <span class='ocrx_word' id='word_1_50' title='bbox 888 1240 1224 1305; x_wconf 87' lang='lat' dir='ltr'><strong>Reverendissimus</strong></span> <span class='ocrx_word' id='word_1_51' title='bbox 1241 1238 1414 1302; x_wconf 89' lang='lat' dir='ltr'><strong>Dominus</strong></span> 
     </span>
     <span class='ocr_line' id='line_1_8' title="bbox 143 1332 1415 1430; baseline 0.003 -29"><span class='ocrx_word' id='word_1_52' title='bbox 143 1339 290 1424; x_wconf 86' lang='lat' dir='ltr'><strong>Legatus</strong></span> <span class='ocrx_word' id='word_1_53' title='bbox 324 1344 367 1410; x_wconf 94' lang='lat' dir='ltr'><strong>V.</strong></span> <span class='ocrx_word' id='word_1_54' title='bbox 398 1332 434 1410; x_wconf 85' lang='lat' dir='ltr'><strong>S&#39;.</strong></span> <span class='ocrx_word' id='word_1_55' title='bbox 465 1368 530 1411; x_wconf 90' lang='lat' dir='ltr'><strong>suo</strong></span> <span class='ocrx_word' id='word_1_56' title='bbox 569 1348 744 1430; x_wconf 90' lang='lat' dir='ltr'><strong>rescripto</strong></span> <span class='ocrx_word' id='word_1_57' title='bbox 774 1348 999 1411; x_wconf 87' lang='lat' dir='ltr'><strong>commiserat</strong></span> <span class='ocrx_word' id='word_1_58' title='bbox 1031 1348 1177 1411; x_wconf 91' lang='lat' dir='ltr'><strong>Decano</strong></span> <span class='ocrx_word' id='word_1_59' title='bbox 1209 1342 1415 1429; x_wconf 90' lang='lat' dir='ltr'><strong>Eystetensi</strong></span> 
     </span>
     <span class='ocr_line' id='line_1_9' title="bbox 144 1449 1414 1537; baseline 0.002 -28"><span class='ocrx_word' id='word_1_60' title='bbox 144 1458 258 1513; x_wconf 89' lang='lat' dir='ltr'><strong>contra</strong></span> <span class='ocrx_word' id='word_1_61' title='bbox 289 1454 434 1517; x_wconf 91' lang='lat' dir='ltr'><strong>eosdem</strong></span> <span class='ocrx_word' id='word_1_62' title='bbox 465 1452 621 1535; x_wconf 89' lang='lat' dir='ltr'><strong>perfidos</strong></span> <span class='ocrx_word' id='word_1_63' title='bbox 645 1456 889 1535; x_wconf 89' lang='lat' dir='ltr'><strong>adversarios,</strong></span> <span class='ocrx_word' id='word_1_64' title='bbox 922 1476 969 1519; x_wconf 82' lang='lat' dir='ltr'><strong>ex</strong></span> <span class='ocrx_word' id='word_1_65' title='bbox 992 1456 1068 1517; x_wconf 90' lang='lat' dir='ltr'><strong>iure</strong></span> <span class='ocrx_word' id='word_1_66' title='bbox 1091 1452 1328 1537; x_wconf 89' lang='lat' dir='ltr'><strong>procedendi,</strong></span> <span class='ocrx_word' id='word_1_67' title='bbox 1363 1449 1414 1513; x_wconf 89' lang='lat' dir='ltr'><strong>uti</strong></span> 
     </span>
     <span class='ocr_line' id='line_1_10' title="bbox 143 1557 1415 1644; baseline 0.001 -27"><span class='ocrx_word' id='word_1_68' title='bbox 143 1574 201 1634; x_wconf 90' lang='lat' dir='ltr'><strong>per</strong></span> <span class='ocrx_word' id='word_1_69' title='bbox 222 1578 304 1620; x_wconf 89' lang='lat' dir='ltr'><strong>suas</strong></span> <span class='ocrx_word' id='word_1_70' title='bbox 327 1559 464 1623; x_wconf 89' lang='lat' dir='ltr'><strong>litteras</strong></span> <span class='ocrx_word' id='word_1_71' title='bbox 488 1561 581 1625; x_wconf 92' lang='lat' dir='ltr'><strong>idem</strong></span> <span class='ocrx_word' id='word_1_72' title='bbox 605 1563 762 1625; x_wconf 89' lang='lat' dir='ltr'><strong>decanus</strong></span> <span class='ocrx_word' id='word_1_73' title='bbox 785 1562 870 1625; x_wconf 91' lang='lat' dir='ltr'><strong>mihi</strong></span> <span class='ocrx_word' id='word_1_74' title='bbox 896 1560 1125 1644; x_wconf 90' lang='lat' dir='ltr'><strong>significavit,</strong></span> <span class='ocrx_word' id='word_1_75' title='bbox 1151 1568 1188 1623; x_wconf 90' lang='lat' dir='ltr'><strong>et</strong></span> <span class='ocrx_word' id='word_1_76' title='bbox 1211 1558 1270 1641; x_wconf 93' lang='lat' dir='ltr'><strong>qui</strong></span> <span class='ocrx_word' id='word_1_77' title='bbox 1293 1557 1415 1620; x_wconf 92' lang='lat' dir='ltr'><strong>itidem</strong></span> 
     </span>
     <span class='ocr_line' id='line_1_11' title="bbox 144 1664 1413 1751; baseline 0.003 -29"><span class='ocrx_word' id='word_1_78' title='bbox 144 1682 251 1743; x_wconf 88' lang='lat' dir='ltr'><strong>ame,</strong></span> <span class='ocrx_word' id='word_1_79' title='bbox 288 1668 433 1749; x_wconf 87' lang='lat' dir='ltr'><strong>cognito</strong></span> <span class='ocrx_word' id='word_1_80' title='bbox 456 1688 628 1749; x_wconf 92' lang='lat' dir='ltr'><strong>processu</strong></span> <span class='ocrx_word' id='word_1_81' title='bbox 651 1679 792 1749; x_wconf 91' lang='lat' dir='ltr'><strong>nostr0,</strong></span> <span class='ocrx_word' id='word_1_82' title='bbox 830 1689 875 1732; x_wconf 90' lang='lat' dir='ltr'><strong>ne</strong></span> <span class='ocrx_word' id='word_1_83' title='bbox 899 1668 1188 1751; x_wconf 85' lang='lat' dir='ltr'><strong>impedimentum</strong></span> <span class='ocrx_word' id='word_1_84' title='bbox 1223 1665 1342 1747; x_wconf 90' lang='lat' dir='ltr'><strong>potius</strong></span> <span class='ocrx_word' id='word_1_85' title='bbox 1365 1664 1413 1727; x_wconf 93' lang='lat' dir='ltr'><strong>in·</strong></span> 
     </span>
     <span class='ocr_line' id='line_1_12' title="bbox 143 1770 1414 1859; baseline 0.002 -28"><span class='ocrx_word' id='word_1_86' title='bbox 143 1782 278 1849; x_wconf 84' lang='lat' dir='ltr'><strong>gereret</strong></span> <span class='ocrx_word' id='word_1_87' title='bbox 303 1773 416 1838; x_wconf 91' lang='lat' dir='ltr'><strong>divise</strong></span> <span class='ocrx_word' id='word_1_88' title='bbox 437 1775 700 1857; x_wconf 86' lang='lat' dir='ltr'><strong>jurisdictionis,</strong></span> <span class='ocrx_word' id='word_1_89' title='bbox 725 1778 920 1859; x_wconf 90' lang='lat' dir='ltr'><strong>prudenter</strong></span> <span class='ocrx_word' id='word_1_90' title='bbox 948 1775 1115 1839; x_wconf 90' lang='lat' dir='ltr'><strong>substitit.</strong></span> <span class='ocrx_word' id='word_1_91' title='bbox 1150 1774 1225 1837; x_wconf 92' lang='lat' dir='ltr'><strong>Nos</strong></span> <span class='ocrx_word' id='word_1_92' title='bbox 1247 1793 1334 1835; x_wconf 90' lang='lat' dir='ltr'><strong>vero</strong></span> <span class='ocrx_word' id='word_1_93' title='bbox 1358 1770 1414 1834; x_wconf 91' lang='lat' dir='ltr'><strong>hic</strong></span> 
     </span>
     <span class='ocr_line' id='line_1_13' title="bbox 143 1876 1416 1964; baseline 0.003 -27"><span class='ocrx_word' id='word_1_94' title='bbox 143 1876 238 1940; x_wconf 89' lang='lat' dir='ltr'><strong>latius</strong></span> <span class='ocrx_word' id='word_1_95' title='bbox 262 1878 403 1963; x_wconf 85' lang='lat' dir='ltr'><strong>digredi</strong></span> <span class='ocrx_word' id='word_1_96' title='bbox 428 1882 664 1964; x_wconf 89' lang='lat' dir='ltr'><strong>intendentes,</strong></span> <span class='ocrx_word' id='word_1_97' title='bbox 689 1884 863 1947; x_wconf 86' lang='lat' dir='ltr'><strong>confectis</strong></span> <span class='ocrx_word' id='word_1_98' title='bbox 880 1884 981 1948; x_wconf 91' lang='lat' dir='ltr'><strong>novis</strong></span> <span class='ocrx_word' id='word_1_99' title='bbox 995 1880 1278 1963; x_wconf 85' lang='lat' dir='ltr'><strong>interrogatoriis</strong></span> <span class='ocrx_word' id='word_1_100' title='bbox 1293 1887 1416 1942; x_wconf 92' lang='lat' dir='ltr'><strong>contra</strong></span> 
     </span>
     <span class='ocr_line' id='line_1_14' title="bbox 144 1982 1414 2081; baseline 0.003 -37"><span class='ocrx_word' id='word_1_101' title='bbox 144 1982 224 2047; x_wconf 88' lang='lat' dir='ltr'><strong>alios</strong></span> <span class='ocrx_word' id='word_1_102' title='bbox 254 1988 541 2067; x_wconf 86' lang='lat' dir='ltr'><strong>prevaricatores</strong></span> <span class='ocrx_word' id='word_1_103' title='bbox 565 2002 687 2055; x_wconf 87' lang='lat' dir='ltr'><strong>sancte</strong></span> <span class='ocrx_word' id='word_1_104' title='bbox 719 1990 801 2054; x_wconf 89' lang='lat' dir='ltr'><strong>fidei</strong></span> <span class='ocrx_word' id='word_1_105' title='bbox 826 2004 899 2054; x_wconf 90' lang='lat' dir='ltr'><strong>tum</strong></span> <span class='ocrx_word' id='word_1_106' title='bbox 931 1991 966 2054; x_wconf 92' lang='lat' dir='ltr'><strong>in</strong></span> <span class='ocrx_word' id='word_1_107' title='bbox 990 1988 1225 2081; x_wconf 84' lang='lat' dir='ltr'><strong>haccivitate</strong></span> <span class='ocrx_word' id='word_1_108' title='bbox 1249 1988 1414 2050; x_wconf 88' lang='lat' dir='ltr'><strong>Bamber·</strong></span> 
     </span>
     <span class='ocr_line' id='line_1_15' title="bbox 144 2092 1415 2182; baseline 0.002 -30"><span class='ocrx_word' id='word_1_109' title='bbox 144 2092 238 2171; x_wconf 86' lang='lat' dir='ltr'><strong>gensi</strong></span> <span class='ocrx_word' id='word_1_110' title='bbox 278 2114 383 2175; x_wconf 89' lang='lat' dir='ltr'><strong>quarn</strong></span> <span class='ocrx_word' id='word_1_111' title='bbox 426 2097 502 2161; x_wconf 89' lang='lat' dir='ltr'><strong>eius</strong></span> <span class='ocrx_word' id='word_1_112' title='bbox 541 2098 694 2175; x_wconf 89' lang='lat' dir='ltr'><strong>diocesi,</strong></span> <span class='ocrx_word' id='word_1_113' title='bbox 729 2100 836 2182; x_wconf 88' lang='lat' dir='ltr'><strong>impie</strong></span> <span class='ocrx_word' id='word_1_114' title='bbox 870 2099 1121 2163; x_wconf 88' lang='lat' dir='ltr'><strong>concionantes</strong></span> <span class='ocrx_word' id='word_1_115' title='bbox 1160 2107 1194 2159; x_wconf 89' lang='lat' dir='ltr'><strong>et</strong></span> <span class='ocrx_word' id='word_1_116' title='bbox 1228 2097 1415 2165; x_wconf 89' lang='lat' dir='ltr'><strong>docentes;</strong></span> 
     </span>
     <span class='ocr_line' id='line_1_16' title="bbox 144 2198 1415 2286; baseline 0.004 -29"><span class='ocrx_word' id='word_1_117' title='bbox 144 2208 318 2262; x_wconf 90' lang='lat' dir='ltr'><strong>contracta</strong></span> <span class='ocrx_word' id='word_1_118' title='bbox 358 2202 478 2286; x_wconf 90' lang='lat' dir='ltr'><strong>itaque</strong></span> <span class='ocrx_word' id='word_1_119' title='bbox 521 2216 749 2270; x_wconf 88' lang='lat' dir='ltr'><strong>externorum</strong></span> <span class='ocrx_word' id='word_1_120' title='bbox 781 2206 930 2269; x_wconf 89' lang='lat' dir='ltr'><strong>militum</strong></span> <span class='ocrx_word' id='word_1_121' title='bbox 962 2204 1174 2270; x_wconf 86' lang='lat' dir='ltr'><strong>subsidiaria</strong></span> <span class='ocrx_word' id='word_1_122' title='bbox 1207 2213 1242 2265; x_wconf 92' lang='lat' dir='ltr'><strong>et</strong></span> <span class='ocrx_word' id='word_1_123' title='bbox 1273 2198 1415 2264; x_wconf 89' lang='lat' dir='ltr'><strong>tutelari</strong></span> 
     </span>
     <span class='ocr_line' id='line_1_17' title="bbox 145 2310 1417 2388; baseline 0.002 -21"><span class='ocrx_word' id='word_1_124' title='bbox 145 2326 258 2387; x_wconf 90' lang='lat' dir='ltr'><strong>manu,</strong></span> <span class='ocrx_word' id='word_1_125' title='bbox 293 2310 377 2373; x_wconf 92' lang='lat' dir='ltr'><strong>dum</strong></span> <span class='ocrx_word' id='word_1_126' title='bbox 410 2311 582 2376; x_wconf 92' lang='lat' dir='ltr'><strong>eiusmodi</strong></span> <span class='ocrx_word' id='word_1_127' title='bbox 615 2315 821 2377; x_wconf 89' lang='lat' dir='ltr'><strong>seductores</strong></span> <span class='ocrx_word' id='word_1_128' title='bbox 855 2313 956 2377; x_wconf 88' lang='lat' dir='ltr'><strong>citari</strong></span> <span class='ocrx_word' id='word_1_129' title='bbox 991 2314 1259 2388; x_wconf 87' lang='lat' dir='ltr'><strong>mandarentur,</strong></span> <span class='ocrx_word' id='word_1_130' title='bbox 1295 2328 1417 2371; x_wconf 90' lang='lat' dir='ltr'><strong>eorum</strong></span> 
     </span>
     <span class='ocr_line' id='line_1_18' title="bbox 145 2412 1418 2504; baseline 0.002 -30"><span class='ocrx_word' id='word_1_131' title='bbox 145 2412 233 2476; x_wconf 86' lang='lat' dir='ltr'><strong>virus</strong></span> <span class='ocrx_word' id='word_1_132' title='bbox 264 2416 325 2496; x_wconf 92' lang='lat' dir='ltr'><strong>qui</strong></span> <span class='ocrx_word' id='word_1_133' title='bbox 354 2417 389 2479; x_wconf 93' lang='lat' dir='ltr'><strong>in</strong></span> <span class='ocrx_word' id='word_1_134' title='bbox 413 2420 480 2481; x_wconf 89' lang='lat' dir='ltr'><strong>hac</strong></span> <span class='ocrx_word' id='word_1_135' title='bbox 505 2419 649 2483; x_wconf 89' lang='lat' dir='ltr'><strong>civitate</strong></span> <span class='ocrx_word' id='word_1_136' title='bbox 673 2421 719 2483; x_wconf 89' lang='lat' dir='ltr'><strong>ad</strong></span> <span class='ocrx_word' id='word_1_137' title='bbox 743 2431 896 2504; x_wconf 91' lang='lat' dir='ltr'><strong>quatuor</strong></span> <span class='ocrx_word' id='word_1_138' title='bbox 928 2431 963 2482; x_wconf 89' lang='lat' dir='ltr'><strong>et</strong></span> <span class='ocrx_word' id='word_1_139' title='bbox 988 2439 1032 2482; x_wconf 89' lang='lat' dir='ltr'><strong>eo</strong></span> <span class='ocrx_word' id='word_1_140' title='bbox 1055 2417 1206 2499; x_wconf 88' lang='lat' dir='ltr'><strong>amplius</strong></span> <span class='ocrx_word' id='word_1_141' title='bbox 1236 2415 1418 2480; x_wconf 91' lang='lat' dir='ltr'><strong>hominum</strong></span> 
     </span>
     <span class='ocr_line' id='line_1_19' title="bbox 145 2520 1418 2605; baseline 0 -24"><span class='ocrx_word' id='word_1_142' title='bbox 145 2520 244 2583; x_wconf 90' lang='lat' dir='ltr'><strong>millia</strong></span> <span class='ocrx_word' id='word_1_143' title='bbox 273 2523 479 2605; x_wconf 79' lang='lat' dir='ltr'><strong>trequentes</strong></span> <span class='ocrx_word' id='word_1_144' title='bbox 502 2525 538 2589; x_wconf 93' lang='lat' dir='ltr'><strong>in</strong></span> <span class='ocrx_word' id='word_1_145' title='bbox 563 2527 635 2591; x_wconf 88' lang='lat' dir='ltr'><strong>suis</strong></span> <span class='ocrx_word' id='word_1_146' title='bbox 659 2528 889 2590; x_wconf 90' lang='lat' dir='ltr'><strong>concionibus</strong></span> <span class='ocrx_word' id='word_1_147' title='bbox 912 2528 1046 2589; x_wconf 89' lang='lat' dir='ltr'><strong>habere</strong></span> <span class='ocrx_word' id='word_1_148' title='bbox 1071 2525 1252 2604; x_wconf 90' lang='lat' dir='ltr'><strong>solebant,</strong></span> <span class='ocrx_word' id='word_1_149' title='bbox 1286 2530 1321 2584; x_wconf 90' lang='lat' dir='ltr'><strong>et</strong></span> <span class='ocrx_word' id='word_1_150' title='bbox 1344 2529 1418 2582; x_wconf 90' lang='lat' dir='ltr'><strong>tres</strong></span> 
     </span>
     <span class='ocr_line' id='line_1_20' title="bbox 147 2627 1417 2717; baseline 0.002 -29"><span class='ocrx_word' id='word_1_151' title='bbox 147 2627 198 2689; x_wconf 89' lang='lat' dir='ltr'><strong>alii</strong></span> <span class='ocrx_word' id='word_1_152' title='bbox 220 2629 254 2691; x_wconf 93' lang='lat' dir='ltr'><strong>in</strong></span> <span class='ocrx_word' id='word_1_153' title='bbox 278 2630 412 2695; x_wconf 89' lang='lat' dir='ltr'><strong>diocesi</strong></span> <span class='ocrx_word' id='word_1_154' title='bbox 436 2634 765 2717; x_wconf 88' lang='lat' dir='ltr'><strong>pseudopresbiteri</strong></span> <span class='ocrx_word' id='word_1_155' title='bbox 790 2634 878 2716; x_wconf 83' lang='lat' dir='ltr'><strong>fuga</strong></span> <span class='ocrx_word' id='word_1_156' title='bbox 898 2633 1010 2716; x_wconf 90' lang='lat' dir='ltr'><strong>elapsi</strong></span> <span class='ocrx_word' id='word_1_157' title='bbox 1033 2643 1125 2711; x_wconf 89' lang='lat' dir='ltr'><strong>sunt,</strong></span> <span class='ocrx_word' id='word_1_158' title='bbox 1151 2633 1234 2693; x_wconf 91' lang='lat' dir='ltr'><strong>data</strong></span> <span class='ocrx_word' id='word_1_159' title='bbox 1258 2640 1312 2692; x_wconf 89' lang='lat' dir='ltr'><strong>est</strong></span> <span class='ocrx_word' id='word_1_160' title='bbox 1327 2649 1417 2693; x_wconf 92' lang='lat' dir='ltr'><strong>com·</strong></span> 
     </span>
     <span class='ocr_line' id='line_1_21' title="bbox 148 2734 1417 2823; baseline 0.002 -28"><span class='ocrx_word' id='word_1_161' title='bbox 148 2734 254 2799; x_wconf 91' lang='lat' dir='ltr'><strong>missio</strong></span> <span class='ocrx_word' id='word_1_162' title='bbox 285 2740 458 2820; x_wconf 90' lang='lat' dir='ltr'><strong>quosdam</strong></span> <span class='ocrx_word' id='word_1_163' title='bbox 491 2741 580 2803; x_wconf 92' lang='lat' dir='ltr'><strong>alios</strong></span> <span class='ocrx_word' id='word_1_164' title='bbox 605 2761 748 2805; x_wconf 87' lang='lat' dir='ltr'><strong>correoe</strong></span> <span class='ocrx_word' id='word_1_165' title='bbox 782 2738 1108 2823; x_wconf 87' lang='lat' dir='ltr'><strong>comprehendendi</strong></span> <span class='ocrx_word' id='word_1_166' title='bbox 1138 2750 1174 2800; x_wconf 90' lang='lat' dir='ltr'><strong>et</strong></span> <span class='ocrx_word' id='word_1_167' title='bbox 1196 2738 1336 2800; x_wconf 91' lang='lat' dir='ltr'><strong>vinctos</strong></span> <span class='ocrx_word' id='word_1_168' title='bbox 1360 2736 1417 2798; x_wconf 89' lang='lat' dir='ltr'><strong>ad·</strong></span> 
     </span>
     <span class='ocr_line' id='line_1_22' title="bbox 148 2842 1418 2932; baseline 0.001 -29"><span class='ocrx_word' id='word_1_169' title='bbox 148 2842 301 2925; x_wconf 87' lang='lat' dir='ltr'><strong>ducendi,</strong></span> <span class='ocrx_word' id='word_1_170' title='bbox 326 2845 360 2910; x_wconf 93' lang='lat' dir='ltr'><strong>in</strong></span> <span class='ocrx_word' id='word_1_171' title='bbox 386 2848 514 2930; x_wconf 90' lang='lat' dir='ltr'><strong>quibus</strong></span> <span class='ocrx_word' id='word_1_172' title='bbox 538 2850 686 2932; x_wconf 79' lang='lat' dir='ltr'><strong>singulis</strong></span> <span class='ocrx_word' id='word_1_173' title='bbox 710 2848 801 2912; x_wconf 89' lang='lat' dir='ltr'><strong>iuste</strong></span> <span class='ocrx_word' id='word_1_174' title='bbox 826 2858 863 2912; x_wconf 92' lang='lat' dir='ltr'><strong>et</strong></span> <span class='ocrx_word' id='word_1_175' title='bbox 879 2860 1001 2912; x_wconf 91' lang='lat' dir='ltr'><strong>sancte</strong></span> <span class='ocrx_word' id='word_1_176' title='bbox 1022 2844 1289 2930; x_wconf 83' lang='lat' dir='ltr'><strong>persequendis,</strong></span> <span class='ocrx_word' id='word_1_177' title='bbox 1313 2863 1418 2924; x_wconf 89' lang='lat' dir='ltr'><strong>quam</strong></span> 
     </span>
     <span class='ocr_line' id='line_1_23' title="bbox 148 2950 1419 3039; baseline -0.002 -27"><span class='ocrx_word' id='word_1_178' title='bbox 148 2968 280 3028; x_wconf 89' lang='lat' dir='ltr'><strong>possum</strong></span> <span class='ocrx_word' id='word_1_179' title='bbox 315 2974 455 3018; x_wconf 91' lang='lat' dir='ltr'><strong>omnem</strong></span> <span class='ocrx_word' id='word_1_180' title='bbox 495 2977 640 3038; x_wconf 86' lang='lat' dir='ltr'><strong>operam</strong></span> <span class='ocrx_word' id='word_1_181' title='bbox 682 2959 858 3039; x_wconf 87' lang='lat' dir='ltr'><strong>expendo.</strong></span> <span class='ocrx_word' id='word_1_182' title='bbox 908 2958 957 3019; x_wconf 82' lang='lat' dir='ltr'><strong>At</strong></span> <span class='ocrx_word' id='word_1_183' title='bbox 987 2953 1267 3019; x_wconf 86' lang='lat' dir='ltr'><strong>Clementissime</strong></span> <span class='ocrx_word' id='word_1_184' title='bbox 1301 2950 1419 3029; x_wconf 89' lang='lat' dir='ltr'><strong>Pater,</strong></span> 
     </span>
     <span class='ocr_line' id='line_1_24' title="bbox 149 3057 1420 3146; baseline -0.002 -27"><span class='ocrx_word' id='word_1_185' title='bbox 149 3058 190 3118; x_wconf 91' lang='lat' dir='ltr'><strong>ob</strong></span> <span class='ocrx_word' id='word_1_186' title='bbox 217 3061 406 3143; x_wconf 86' lang='lat' dir='ltr'><strong>premissa,</strong></span> <span class='ocrx_word' id='word_1_187' title='bbox 443 3065 540 3145; x_wconf 91' lang='lat' dir='ltr'><strong>apud</strong></span> <span class='ocrx_word' id='word_1_188' title='bbox 563 3063 752 3146; x_wconf 88' lang='lat' dir='ltr'><strong>insipidam</strong></span> <span class='ocrx_word' id='word_1_189' title='bbox 777 3066 939 3145; x_wconf 84' lang='lat' dir='ltr'><strong>plebem,</strong></span> <span class='ocrx_word' id='word_1_190' title='bbox 970 3083 1038 3144; x_wconf 91' lang='lat' dir='ltr'><strong>que</strong></span> <span class='ocrx_word' id='word_1_191' title='bbox 1062 3061 1173 3124; x_wconf 85' lang='lat' dir='ltr'><strong>ferme</strong></span> <span class='ocrx_word' id='word_1_192' title='bbox 1197 3057 1309 3122; x_wconf 88' lang='lat' dir='ltr'><strong>maior</strong></span> <span class='ocrx_word' id='word_1_193' title='bbox 1336 3075 1420 3136; x_wconf 87' lang='lat' dir='ltr'><strong>pars</strong></span> 
     </span>
     <span class='ocr_line' id='line_1_25' title="bbox 149 3162 1418 3253; baseline 0.001 -29"><span class='ocrx_word' id='word_1_194' title='bbox 149 3162 299 3230; x_wconf 86' lang='lat' dir='ltr'><strong>luterana</strong></span> <span class='ocrx_word' id='word_1_195' title='bbox 323 3167 475 3251; x_wconf 90' lang='lat' dir='ltr'><strong>perfidia</strong></span> <span class='ocrx_word' id='word_1_196' title='bbox 499 3170 631 3234; x_wconf 89' lang='lat' dir='ltr'><strong>infecta</strong></span> <span class='ocrx_word' id='word_1_197' title='bbox 656 3181 710 3234; x_wconf 90' lang='lat' dir='ltr'><strong>est</strong></span> <span class='ocrx_word' id='word_1_198' title='bbox 734 3181 840 3253; x_wconf 89' lang='lat' dir='ltr'><strong>atque</strong></span> <span class='ocrx_word' id='word_1_199' title='bbox 866 3171 1044 3249; x_wconf 90' lang='lat' dir='ltr'><strong>demersa,</strong></span> <span class='ocrx_word' id='word_1_200' title='bbox 1070 3177 1230 3231; x_wconf 83' lang='lat' dir='ltr'><strong>extrema</strong></span> <span class='ocrx_word' id='word_1_201' title='bbox 1254 3165 1336 3228; x_wconf 91' lang='lat' dir='ltr'><strong>odia</strong></span> <span class='ocrx_word' id='word_1_202' title='bbox 1358 3166 1418 3226; x_wconf 93' lang='lat' dir='ltr'><strong>ho-</strong></span> 
     </span>
     <span class='ocr_line' id='line_1_26' title="bbox 149 3271 1421 3359; baseline -0.001 -26"><span class='ocrx_word' id='word_1_203' title='bbox 149 3271 373 3357; x_wconf 88' lang='lat' dir='ltr'><strong>stilitatesque</strong></span> <span class='ocrx_word' id='word_1_204' title='bbox 404 3277 488 3339; x_wconf 91' lang='lat' dir='ltr'><strong>mihi</strong></span> <span class='ocrx_word' id='word_1_205' title='bbox 518 3278 695 3359; x_wconf 89' lang='lat' dir='ltr'><strong>parturio,</strong></span> <span class='ocrx_word' id='word_1_206' title='bbox 730 3278 829 3341; x_wconf 89' lang='lat' dir='ltr'><strong>varie</strong></span> <span class='ocrx_word' id='word_1_207' title='bbox 861 3278 897 3340; x_wconf 93' lang='lat' dir='ltr'><strong>in</strong></span> <span class='ocrx_word' id='word_1_208' title='bbox 928 3298 984 3340; x_wconf 88' lang='lat' dir='ltr'><strong>me</strong></span> <span class='ocrx_word' id='word_1_209' title='bbox 1007 3276 1101 3340; x_wconf 88' lang='lat' dir='ltr'><strong>mine</strong></span> <span class='ocrx_word' id='word_1_210' title='bbox 1133 3274 1348 3347; x_wconf 88' lang='lat' dir='ltr'><strong>iaculantur,</strong></span> <span class='ocrx_word' id='word_1_211' title='bbox 1385 3279 1421 3333; x_wconf 90' lang='lat' dir='ltr'><strong>et</strong></span> 
     </span>
     <span class='ocr_line' id='line_1_27' title="bbox 149 3381 1420 3466; baseline 0.001 -26"><span class='ocrx_word' id='word_1_212' title='bbox 149 3381 400 3458; x_wconf 88' lang='lat' dir='ltr'><strong>quodammodo</strong></span> <span class='ocrx_word' id='word_1_213' title='bbox 428 3383 464 3446; x_wconf 95' lang='lat' dir='ltr'><strong>in</strong></span> <span class='ocrx_word' id='word_1_214' title='bbox 489 3396 597 3466; x_wconf 89' lang='lat' dir='ltr'><strong>caput</strong></span> <span class='ocrx_word' id='word_1_215' title='bbox 621 3405 736 3448; x_wconf 92' lang='lat' dir='ltr'><strong>meum</strong></span> <span class='ocrx_word' id='word_1_216' title='bbox 760 3385 1002 3466; x_wconf 88' lang='lat' dir='ltr'><strong>conspiratur,</strong></span> <span class='ocrx_word' id='word_1_217' title='bbox 1037 3383 1239 3466; x_wconf 86' lang='lat' dir='ltr'><strong>passimque</strong></span> <span class='ocrx_word' id='word_1_218' title='bbox 1263 3381 1420 3460; x_wconf 89' lang='lat' dir='ltr'><strong>divulga-</strong></span> 
     </span>
     <span class='ocr_line' id='line_1_28' title="bbox 149 3491 1421 3573; baseline 0.001 -27"><span class='ocrx_word' id='word_1_219' title='bbox 149 3495 214 3566; x_wconf 90' lang='lat' dir='ltr'><strong>tur,</strong></span> <span class='ocrx_word' id='word_1_220' title='bbox 247 3509 303 3553; x_wconf 90' lang='lat' dir='ltr'><strong>me</strong></span> <span class='ocrx_word' id='word_1_221' title='bbox 338 3510 417 3553; x_wconf 90' lang='lat' dir='ltr'><strong>eum</strong></span> <span class='ocrx_word' id='word_1_222' title='bbox 451 3501 486 3554; x_wconf 89' lang='lat' dir='ltr'><strong>et</strong></span> <span class='ocrx_word' id='word_1_223' title='bbox 518 3492 659 3555; x_wconf 91' lang='lat' dir='ltr'><strong>unicum</strong></span> <span class='ocrx_word' id='word_1_224' title='bbox 685 3513 763 3555; x_wconf 92' lang='lat' dir='ltr'><strong>esse</strong></span> <span class='ocrx_word' id='word_1_225' title='bbox 797 3491 857 3573; x_wconf 93' lang='lat' dir='ltr'><strong>qui</strong></span> <span class='ocrx_word' id='word_1_226' title='bbox 881 3491 1097 3572; x_wconf 90' lang='lat' dir='ltr'><strong>Episcopum</strong></span> <span class='ocrx_word' id='word_1_227' title='bbox 1129 3491 1290 3551; x_wconf 89' lang='lat' dir='ltr'><strong>luterane</strong></span> <span class='ocrx_word' id='word_1_228' title='bbox 1324 3496 1421 3549; x_wconf 91' lang='lat' dir='ltr'><strong>secte</strong></span> 
     </span>
     <span class='ocr_line' id='line_1_29' title="bbox 150 3591 1420 3680; baseline 0.003 -27"><span class='ocrx_word' id='word_1_229' title='bbox 150 3596 346 3677; x_wconf 86' lang='lat' dir='ltr'><strong>averterim,</strong></span> <span class='ocrx_word' id='word_1_230' title='bbox 382 3597 602 3680; x_wconf 84' lang='lat' dir='ltr'><strong>singulorum</strong></span> <span class='ocrx_word' id='word_1_231' title='bbox 636 3599 815 3662; x_wconf 89' lang='lat' dir='ltr'><strong>desideria</strong></span> <span class='ocrx_word' id='word_1_232' title='bbox 848 3617 1071 3680; x_wconf 89' lang='lat' dir='ltr'><strong>oppugnem,</strong></span> <span class='ocrx_word' id='word_1_233' title='bbox 1108 3607 1144 3659; x_wconf 88' lang='lat' dir='ltr'><strong>et</strong></span> <span class='ocrx_word' id='word_1_234' title='bbox 1176 3615 1319 3658; x_wconf 90' lang='lat' dir='ltr'><strong>causam</strong></span> <span class='ocrx_word' id='word_1_235' title='bbox 1348 3591 1420 3657; x_wconf 90' lang='lat' dir='ltr'><strong>Ro.</strong></span> 
     </span>
     <span class='ocr_line' id='line_1_30' title="bbox 150 3699 1420 3788; baseline 0.001 -28"><span class='ocrx_word' id='word_1_236' title='bbox 150 3699 243 3767; x_wconf 73' lang='lat' dir='ltr'><strong>Pont.</strong></span> <span class='ocrx_word' id='word_1_237' title='bbox 277 3725 388 3786; x_wconf 88' lang='lat' dir='ltr'><strong>usque</strong></span> <span class='ocrx_word' id='word_1_238' title='bbox 422 3706 513 3768; x_wconf 89' lang='lat' dir='ltr'><strong>adeo</strong></span> <span class='ocrx_word' id='word_1_239' title='bbox 548 3725 776 3788; x_wconf 89' lang='lat' dir='ltr'><strong>promoveam</strong></span> <span class='ocrx_word' id='word_1_240' title='bbox 811 3714 846 3768; x_wconf 92' lang='lat' dir='ltr'><strong>et</strong></span> <span class='ocrx_word' id='word_1_241' title='bbox 875 3705 930 3768; x_wconf 88' lang='lat' dir='ltr'><strong>his</strong></span> <span class='ocrx_word' id='word_1_242' title='bbox 954 3723 1143 3786; x_wconf 84' lang='lat' dir='ltr'><strong>peragam,</strong></span> <span class='ocrx_word' id='word_1_243' title='bbox 1178 3703 1270 3765; x_wconf 92' lang='lat' dir='ltr'><strong>adeo</strong></span> <span class='ocrx_word' id='word_1_244' title='bbox 1303 3709 1342 3763; x_wconf 91' lang='lat' dir='ltr'><strong>ut</strong></span> <span class='ocrx_word' id='word_1_245' title='bbox 1375 3719 1420 3762; x_wconf 86' lang='lat' dir='ltr'><strong>ex</strong></span> 
     </span>
     <span class='ocr_line' id='line_1_31' title="bbox 149 3807 1421 3896; baseline 0.001 -27"><span class='ocrx_word' id='word_1_246' title='bbox 149 3809 246 3887; x_wconf 87' lang='lat' dir='ltr'><strong>plebe</strong></span> <span class='ocrx_word' id='word_1_247' title='bbox 269 3813 391 3893; x_wconf 89' lang='lat' dir='ltr'><strong>plures</strong></span> <span class='ocrx_word' id='word_1_248' title='bbox 415 3813 484 3875; x_wconf 88' lang='lat' dir='ltr'><strong>sibi</strong></span> <span class='ocrx_word' id='word_1_249' title='bbox 508 3814 595 3896; x_wconf 90' lang='lat' dir='ltr'><strong>ipsis</strong></span> <span class='ocrx_word' id='word_1_250' title='bbox 620 3815 870 3896; x_wconf 89' lang='lat' dir='ltr'><strong>persuadeant,</strong></span> <span class='ocrx_word' id='word_1_251' title='bbox 896 3833 952 3874; x_wconf 87' lang='lat' dir='ltr'><strong>me</strong></span> <span class='ocrx_word' id='word_1_252' title='bbox 975 3813 1022 3874; x_wconf 90' lang='lat' dir='ltr'><strong>ad</strong></span> <span class='ocrx_word' id='word_1_253' title='bbox 1046 3831 1089 3874; x_wconf 89' lang='lat' dir='ltr'><strong>ea</strong></span> <span class='ocrx_word' id='word_1_254' title='bbox 1111 3809 1273 3872; x_wconf 84' lang='lat' dir='ltr'><strong>fatienda</strong></span> <span class='ocrx_word' id='word_1_255' title='bbox 1288 3807 1421 3889; x_wconf 86' lang='lat' dir='ltr'><strong>specia-</strong></span> 
     </span>
     <span class='ocr_line' id='line_1_32' title="bbox 150 3903 1491 4002; baseline 0 -27"><span class='ocrx_word' id='word_1_256' title='bbox 150 3913 222 3978; x_wconf 88' lang='lat' dir='ltr'><strong>liter</strong></span> <span class='ocrx_word' id='word_1_257' title='bbox 244 3921 289 3980; x_wconf 91' lang='lat' dir='ltr'><strong>ab</strong></span> <span class='ocrx_word' id='word_1_258' title='bbox 314 3920 403 3982; x_wconf 89' lang='lat' dir='ltr'><strong>urbe</strong></span> <span class='ocrx_word' id='word_1_259' title='bbox 427 3919 579 4000; x_wconf 87' lang='lat' dir='ltr'><strong>missum,</strong></span> <span class='ocrx_word' id='word_1_260' title='bbox 606 3931 641 3984; x_wconf 91' lang='lat' dir='ltr'><strong>et</strong></span> <span class='ocrx_word' id='word_1_261' title='bbox 664 3921 760 4002; x_wconf 93' lang='lat' dir='ltr'><strong>quod</strong></span> <span class='ocrx_word' id='word_1_262' title='bbox 784 3928 936 4002; x_wconf 90' lang='lat' dir='ltr'><strong>possunt</strong></span> <span class='ocrx_word' id='word_1_263' title='bbox 949 3917 1050 3981; x_wconf 90' lang='lat' dir='ltr'><strong>vanis</strong></span> <span class='ocrx_word' id='word_1_264' title='bbox 1070 3915 1243 3979; x_wconf 92' lang='lat' dir='ltr'><strong>concutiis</strong></span> <span class='ocrx_word' id='word_1_265' title='bbox 1267 3923 1304 3977; x_wconf 95' lang='lat' dir='ltr'><strong>et</strong></span> <span class='ocrx_word' id='word_1_266' title='bbox 1318 3915 1421 3976; x_wconf 90' lang='lat' dir='ltr'><strong>male·</strong></span> <span class='ocrx_word' id='word_1_267' title='bbox 1487 3903 1491 3909; x_wconf 70' lang='grc'>’</span> 
     </span>
     <span class='ocr_line' id='line_1_33' title="bbox 149 4021 1422 4107; baseline 0 -25"><span class='ocrx_word' id='word_1_268' title='bbox 149 4021 243 4086; x_wconf 88' lang='lat' dir='ltr'><strong>dictis</strong></span> <span class='ocrx_word' id='word_1_269' title='bbox 274 4045 331 4087; x_wconf 91' lang='lat' dir='ltr'><strong>me</strong></span> <span class='ocrx_word' id='word_1_270' title='bbox 355 4036 634 4107; x_wconf 89' lang='lat' dir='ltr'><strong>persequuntur,</strong></span> <span class='ocrx_word' id='word_1_271' title='bbox 671 4028 762 4089; x_wconf 90' lang='lat' dir='ltr'><strong>adeo</strong></span> <span class='ocrx_word' id='word_1_272' title='bbox 794 4035 833 4087; x_wconf 92' lang='lat' dir='ltr'><strong>ut</strong></span> <span class='ocrx_word' id='word_1_273' title='bbox 857 4024 942 4088; x_wconf 85' lang='lat' dir='ltr'><strong>dicti</strong></span> <span class='ocrx_word' id='word_1_274' title='bbox 966 4024 1135 4106; x_wconf 86' lang='lat' dir='ltr'><strong>Episcopi</strong></span> <span class='ocrx_word' id='word_1_275' title='bbox 1166 4032 1202 4087; x_wconf 90' lang='lat' dir='ltr'><strong>et</strong></span> <span class='ocrx_word' id='word_1_276' title='bbox 1231 4021 1422 4084; x_wconf 89' lang='lat' dir='ltr'><strong>amicorum</strong></span> 
     </span>
     <span class='ocr_line' id='line_1_34' title="bbox 151 4127 1423 4210; baseline -0.001 -20"><span class='ocrx_word' id='word_1_277' title='bbox 151 4131 330 4210; x_wconf 90' lang='lat' dir='ltr'><strong>monitum,</strong></span> <span class='ocrx_word' id='word_1_278' title='bbox 366 4133 400 4194; x_wconf 93' lang='lat' dir='ltr'><strong>in</strong></span> <span class='ocrx_word' id='word_1_279' title='bbox 435 4133 615 4198; x_wconf 86' lang='lat' dir='ltr'><strong>civitatem</strong></span> <span class='ocrx_word' id='word_1_280' title='bbox 644 4145 680 4196; x_wconf 93' lang='lat' dir='ltr'><strong>et</strong></span> <span class='ocrx_word' id='word_1_281' title='bbox 712 4134 892 4196; x_wconf 88' lang='lat' dir='ltr'><strong>hominum</strong></span> <span class='ocrx_word' id='word_1_282' title='bbox 916 4131 1240 4210; x_wconf 87' lang='lat' dir='ltr'><strong>conversationem,</strong></span> <span class='ocrx_word' id='word_1_283' title='bbox 1276 4127 1423 4210; x_wconf 89' lang='lat' dir='ltr'><strong>periculi</strong></span> 
     </span>
     <span class='ocr_line' id='line_1_35' title="bbox 150 4235 1423 4320; baseline -0.002 -23"><span class='ocrx_word' id='word_1_284' title='bbox 150 4237 275 4301; x_wconf 89' lang='lat' dir='ltr'><strong>vitandi</strong></span> <span class='ocrx_word' id='word_1_285' title='bbox 299 4259 427 4319; x_wconf 88' lang='lat' dir='ltr'><strong>causa,</strong></span> <span class='ocrx_word' id='word_1_286' title='bbox 451 4261 522 4304; x_wconf 91' lang='lat' dir='ltr'><strong>non</strong></span> <span class='ocrx_word' id='word_1_287' title='bbox 547 4241 746 4320; x_wconf 84' lang='lat' dir='ltr'><strong>descende,</strong></span> <span class='ocrx_word' id='word_1_288' title='bbox 778 4250 814 4302; x_wconf 91' lang='lat' dir='ltr'><strong>et</strong></span> <span class='ocrx_word' id='word_1_289' title='bbox 838 4248 935 4302; x_wconf 88' lang='lat' dir='ltr'><strong>certe</strong></span> <span class='ocrx_word' id='word_1_290' title='bbox 959 4259 1100 4320; x_wconf 89' lang='lat' dir='ltr'><strong>vereor,</strong></span> <span class='ocrx_word' id='word_1_291' title='bbox 1129 4237 1165 4299; x_wconf 95' lang='lat' dir='ltr'><strong>in</strong></span> <span class='ocrx_word' id='word_1_292' title='bbox 1187 4237 1287 4300; x_wconf 89' lang='lat' dir='ltr'><strong>hisce</strong></span> <span class='ocrx_word' id='word_1_293' title='bbox 1309 4235 1423 4316; x_wconf 90' lang='lat' dir='ltr'><strong>regio-</strong></span> 
     </span>
     <span class='ocr_line' id='line_1_36' title="bbox 149 4341 1423 4412; baseline 0 -8"><span class='ocrx_word' id='word_1_294' title='bbox 149 4342 244 4408; x_wconf 89' lang='lat' dir='ltr'><strong>nibus</strong></span> <span class='ocrx_word' id='word_1_295' title='bbox 268 4345 329 4409; x_wconf 93' lang='lat' dir='ltr'><strong>diu</strong></span> <span class='ocrx_word' id='word_1_296' title='bbox 352 4347 498 4409; x_wconf 91' lang='lat' dir='ltr'><strong>vivendi</strong></span> <span class='ocrx_word' id='word_1_297' title='bbox 522 4347 701 4412; x_wconf 91' lang='lat' dir='ltr'><strong>licentiam</strong></span> <span class='ocrx_word' id='word_1_298' title='bbox 725 4369 746 4409; x_wconf 92' lang='lat' dir='ltr'><strong>a</strong></span> <span class='ocrx_word' id='word_1_299' title='bbox 771 4347 873 4409; x_wconf 88' lang='lat' dir='ltr'><strong>malis</strong></span> <span class='ocrx_word' id='word_1_300' title='bbox 896 4345 1098 4409; x_wconf 91' lang='lat' dir='ltr'><strong>hominibus</strong></span> <span class='ocrx_word' id='word_1_301' title='bbox 1121 4341 1205 4406; x_wconf 90' lang='lat' dir='ltr'><strong>mihi</strong></span> <span class='ocrx_word' id='word_1_302' title='bbox 1230 4363 1299 4407; x_wconf 93' lang='lat' dir='ltr'><strong>non</strong></span> <span class='ocrx_word' id='word_1_303' title='bbox 1321 4341 1423 4405; x_wconf 90' lang='lat' dir='ltr'><strong>relin-</strong></span> 
     </span>
     <span class='ocr_line' id='line_1_37' title="bbox 149 4448 1422 4536; baseline -0.002 -24"><span class='ocrx_word' id='word_1_304' title='bbox 149 4452 223 4530; x_wconf 89' lang='lat' dir='ltr'><strong>qui,</strong></span> <span class='ocrx_word' id='word_1_305' title='bbox 257 4454 386 4534; x_wconf 90' lang='lat' dir='ltr'><strong>quibus</strong></span> <span class='ocrx_word' id='word_1_306' title='bbox 422 4465 540 4516; x_wconf 89' lang='lat' dir='ltr'><strong>tamen</strong></span> <span class='ocrx_word' id='word_1_307' title='bbox 572 4453 667 4536; x_wconf 88' lang='lat' dir='ltr'><strong>piam</strong></span> <span class='ocrx_word' id='word_1_308' title='bbox 705 4467 740 4517; x_wconf 93' lang='lat' dir='ltr'><strong>et</strong></span> <span class='ocrx_word' id='word_1_309' title='bbox 764 4453 1002 4516; x_wconf 89' lang='lat' dir='ltr'><strong>necessariam</strong></span> <span class='ocrx_word' id='word_1_310' title='bbox 1024 4453 1199 4516; x_wconf 90' lang='lat' dir='ltr'><strong>medelam</strong></span> <span class='ocrx_word' id='word_1_311' title='bbox 1235 4448 1422 4512; x_wconf 87' lang='lat' dir='ltr'><strong>attulerim.</strong></span> 
     </span>
     <span class='ocr_line' id='line_1_38' title="bbox 150 4555 1422 4644; baseline -0.001 -26"><span class='ocrx_word' id='word_1_312' title='bbox 150 4555 306 4625; x_wconf 88' lang='lat' dir='ltr'><strong>Recurro</strong></span> <span class='ocrx_word' id='word_1_313' title='bbox 338 4561 447 4642; x_wconf 89' lang='lat' dir='ltr'><strong>igitur</strong></span> <span class='ocrx_word' id='word_1_314' title='bbox 469 4561 662 4625; x_wconf 86' lang='lat' dir='ltr'><strong>humillime</strong></span> <span class='ocrx_word' id='word_1_315' title='bbox 691 4563 736 4624; x_wconf 87' lang='lat' dir='ltr'><strong>ad</strong></span> <span class='ocrx_word' id='word_1_316' title='bbox 760 4563 874 4644; x_wconf 91' lang='lat' dir='ltr'><strong>pedes</strong></span> <span class='ocrx_word' id='word_1_317' title='bbox 898 4559 931 4624; x_wconf 89' lang='lat' dir='ltr'><strong>S.</strong></span> <span class='ocrx_word' id='word_1_318' title='bbox 956 4560 1000 4622; x_wconf 93' lang='lat' dir='ltr'><strong>V.</strong></span> <span class='ocrx_word' id='word_1_319' title='bbox 1031 4579 1087 4622; x_wconf 90' lang='lat' dir='ltr'><strong>me</strong></span> <span class='ocrx_word' id='word_1_320' title='bbox 1112 4559 1158 4621; x_wconf 88' lang='lat' dir='ltr'><strong>ad</strong></span> <span class='ocrx_word' id='word_1_321' title='bbox 1182 4557 1306 4639; x_wconf 89' lang='lat' dir='ltr'><strong>quevis</strong></span> <span class='ocrx_word' id='word_1_322' title='bbox 1330 4576 1422 4618; x_wconf 91' lang='lat' dir='ltr'><strong>man·</strong></span> 
     </span>
     <span class='ocr_line' id='line_1_39' title="bbox 150 4664 1423 4752; baseline -0.002 -25"><span class='ocrx_word' id='word_1_323' title='bbox 150 4667 228 4732; x_wconf 85' lang='lat' dir='ltr'><strong>data</strong></span> <span class='ocrx_word' id='word_1_324' title='bbox 258 4679 293 4731; x_wconf 89' lang='lat' dir='ltr'><strong>et</strong></span> <span class='ocrx_word' id='word_1_325' title='bbox 317 4669 490 4751; x_wconf 85' lang='lat' dir='ltr'><strong>obsequia</strong></span> <span class='ocrx_word' id='word_1_326' title='bbox 515 4671 647 4752; x_wconf 91' lang='lat' dir='ltr'><strong>ubique</strong></span> <span class='ocrx_word' id='word_1_327' title='bbox 671 4681 845 4733; x_wconf 90' lang='lat' dir='ltr'><strong>terrarum</strong></span> <span class='ocrx_word' id='word_1_328' title='bbox 876 4690 941 4751; x_wconf 92' lang='lat' dir='ltr'><strong>pro</strong></span> <span class='ocrx_word' id='word_1_329' title='bbox 964 4666 1059 4730; x_wconf 91' lang='lat' dir='ltr'><strong>virili</strong></span> <span class='ocrx_word' id='word_1_330' title='bbox 1082 4665 1343 4748; x_wconf 85' lang='lat' dir='ltr'><strong>paratissimum</strong></span> <span class='ocrx_word' id='word_1_331' title='bbox 1367 4664 1423 4725; x_wconf 92' lang='lat' dir='ltr'><strong>de-</strong></span> 
     </span>
     <span class='ocr_line' id='line_1_40' title="bbox 150 4770 1423 4859; baseline -0.002 -24"><span class='ocrx_word' id='word_1_332' title='bbox 150 4793 293 4852; x_wconf 85' lang='lat' dir='ltr'><strong>vovens;</strong></span> <span class='ocrx_word' id='word_1_333' title='bbox 330 4776 499 4859; x_wconf 85' lang='lat' dir='ltr'><strong>dignetur</strong></span> <span class='ocrx_word' id='word_1_334' title='bbox 529 4777 650 4859; x_wconf 89' lang='lat' dir='ltr'><strong>itaque</strong></span> <span class='ocrx_word' id='word_1_335' title='bbox 674 4777 710 4840; x_wconf 86' lang='lat' dir='ltr'><strong>S.</strong></span> <span class='ocrx_word' id='word_1_336' title='bbox 737 4776 779 4843; x_wconf 91' lang='lat' dir='ltr'><strong>V.</strong></span> <span class='ocrx_word' id='word_1_337' title='bbox 804 4786 955 4859; x_wconf 89' lang='lat' dir='ltr'><strong>paterno</strong></span> <span class='ocrx_word' id='word_1_338' title='bbox 979 4773 1111 4838; x_wconf 86' lang='lat' dir='ltr'><strong>affectu</strong></span> <span class='ocrx_word' id='word_1_339' title='bbox 1142 4782 1178 4836; x_wconf 89' lang='lat' dir='ltr'><strong>et</strong></span> <span class='ocrx_word' id='word_1_340' title='bbox 1200 4772 1307 4836; x_wconf 87' lang='lat' dir='ltr'><strong>solita</strong></span> <span class='ocrx_word' id='word_1_341' title='bbox 1328 4770 1423 4833; x_wconf 90' lang='lat' dir='ltr'><strong>beni·</strong></span> 
     </span>
    </p>
   </div>
   <div class='ocr_carea' id='block_1_2' title="bbox 148 4878 1425 5062">
    <p class='ocr_par' dir='ltr' id='par_1_2' title="bbox 148 4878 1425 5062">
     <span class='ocr_line' id='line_1_41' title="bbox 148 4878 1425 4966; baseline -0.007 -18"><span class='ocrx_word' id='word_1_342' title='bbox 148 4882 299 4964; x_wconf 78' lang='lat' dir='ltr'><strong>gnitate,</strong></span> <span class='ocrx_word' id='word_1_343' title='bbox 335 4903 482 4966; x_wconf 88' lang='lat' dir='ltr'><strong>operam</strong></span> <span class='ocrx_word' id='word_1_344' title='bbox 507 4903 636 4966; x_wconf 86' lang='lat' dir='ltr'><strong>meam,</strong></span> <span class='ocrx_word' id='word_1_345' title='bbox 662 4883 728 4947; x_wconf 86' lang='lat' dir='ltr'><strong>etsi</strong></span> <span class='ocrx_word' id='word_1_346' title='bbox 751 4895 893 4946; x_wconf 90' lang='lat' dir='ltr'><strong>tenuem</strong></span> <span class='ocrx_word' id='word_1_347' title='bbox 918 4881 1060 4945; x_wconf 89' lang='lat' dir='ltr'><strong>fidelem</strong></span> <span class='ocrx_word' id='word_1_348' title='bbox 1082 4891 1201 4944; x_wconf 88' lang='lat' dir='ltr'><strong>tamen</strong></span> <span class='ocrx_word' id='word_1_349' title='bbox 1225 4889 1262 4942; x_wconf 92' lang='lat' dir='ltr'><strong>et</strong></span> <span class='ocrx_word' id='word_1_350' title='bbox 1283 4878 1425 4958; x_wconf 90' lang='lat' dir='ltr'><strong>integro</strong></span> 
     </span>
     <span class='ocr_line' id='line_1_42' title="bbox 173 4985 1265 5062; baseline -0.012 -12"><span class='ocrx_word' id='word_1_351' title='bbox 173 5011 250 5062; x_wconf 68' lang='lat' dir='ltr'><strong>Bam,</strong></span> <span class='ocrx_word' id='word_1_352' title='bbox 264 5011 409 5051; x_wconf 69' lang='lat' dir='ltr'><strong>Documenta</strong></span> <span class='ocrx_word' id='word_1_353' title='bbox 417 5009 555 5050; x_wconf 68' lang='lat' dir='ltr'><strong>Lachanna</strong></span> <span class='ocrx_word' id='word_1_354' title='bbox 1231 4985 1265 5038; x_wconf 71' lang='lat'><strong>25</strong></span> 
     </span>
    </p>
   </div>
   <div class='ocr_carea' id='block_1_3' title="bbox 0 0 1730 5700">
    <p class='ocr_par' dir='ltr' id='par_1_3' title="bbox 0 0 1730 5700">
     <span class='ocr_line' id='line_1_43' title="bbox 0 0 1730 5700; baseline 0 0"><span class='ocrx_word' id='word_1_355' title='bbox 0 0 1730 5700; x_wconf 95' lang='lat' dir='ltr'><strong> </strong></span> 
     </span>
    </p>
   </div>
  </div>
 </body>
</html>
