3425 5700
622 577 869 636 (143399ῐὲ4

711 858 783 925 180.

333 983 493 1065 dlumuns
521 984 600 1064 VII.
628 985 774 1064 Albano
802 983 900 1066 dard.
930 984 1152 1088 Muguntinu.

386 1122 481 1194 (011111.
499 1121 682 1181 1711311111
700 1122 770 1180 Anu.
786 1122 810 1180 1.
828 1138 871 1196 up.
889 1121 946 1182 tn.
965 1122 1010 1182 111.
1028 1122 1111 1191 ult)

620 1230 674 1302 (20.
693 1234 762 1284 Nor.
786 1246 795 1282 1
802 1237 871 1298 514.)

195 1376 250 1439 Ex
274 1374 344 1438 tuis
367 1375 495 1438 litteris
529 1395 571 1438 ac
602 1396 765 1439 sermone
797 1375 917 1438 dilecti
948 1374 1011 1439 lilii
1043 1376 1184 1449 Alberti
1214 1378 1385 1459 patruelis

120 1483 163 1544 tui
182 1483 421 1565 percepimus,
455 1503 527 1545 non
559 1484 635 1546 sine
660 1503 821 1546 maerore
845 1484 986 1565 quidem
1011 1504 1053 1546 ac
1077 1485 1215 1565 dolore,
1246 1486 1385 1566 lapsum

120 1599 191 1652 tuae
224 1589 378 1653 civitatis
410 1590 735 1672 Magdeburgensis
764 1591 799 1654 in
831 1591 1006 1655 haeresim
1039 1592 1279 1664 lutheranam;
1318 1611 1383 1654 nec

120 1696 240 1760 minore
274 1697 327 1762 tui
362 1697 668 1761 commendatione
704 1717 746 1761 ac
782 1698 954 1762 solamine
989 1708 1110 1761 nostro
1143 1698 1384 1762 intelleximus

121 1804 253 1867 consilia
283 1813 319 1867 et
350 1803 430 1886 pios
460 1813 606 1886 paratus
640 1812 736 1886 tuos,
771 1805 898 1886 quibus
933 1824 998 1887 pro
1034 1803 1085 1866 tui
1120 1803 1228 1868 officii
1261 1805 1383 1869 debito

121 1917 292 1991 utrumque
325 1910 484 1992 gladium
516 1921 551 1973 et
582 1910 801 1993 spiritualem
832 1923 868 1974 et
898 1913 1129 1993 temporalem
1161 1910 1315 1974 intendis
1348 1911 1383 1973 in

121 2015 205 2080 cives
226 2017 319 2080 illius
342 2037 481 2081 acuere.
528 2018 619 2081 Nam
643 2027 681 2080 ut
704 2018 800 2081 illam
823 2017 993 2100 inclytam
1017 2017 1198 2081 civitatem
1223 2019 1383 2081 dolemus

121 2125 246 2186 acultu
269 2145 378 2188 verae
401 2123 485 2188 fidei
513 2138 645 2207 tuaque
669 2126 874 2189 obedientia
902 2145 941 2188 se
969 2126 1206 2207 subtraxisse,
1238 2125 1289 2188 ita
1318 2145 1383 2188 nos

121 2239 244 2292 recreat
266 2250 346 2294 cum
370 2231 482 2295 virtus
505 2243 577 2295 tum
602 2232 795 2295 auctoritas
818 2243 880 2295 tua
909 2240 1120 2314 tuorumque
1148 2242 1184 2296 et
1216 2233 1250 2295 in
1283 2253 1384 2314 spem

120 2333 240 2400 firmam
262 2338 410 2401 adducit
437 2349 472 2401 te
497 2342 646 2402 eandem
671 2338 850 2402 civitatem
875 2359 980 2421 quam
1004 2342 1176 2402 hactenus
1199 2349 1259 2402 tua
1283 2360 1382 2421 prae·

122 2443 222 2506 sentia
244 2444 455 2508 incolumem
480 2457 516 2509 et
531 2445 773 2528 incorruptam
790 2466 1010 2528 servaveras,
1035 2447 1071 2508 in
1092 2456 1227 2510 rectum
1247 2446 1382 2530 Religi-

122 2549 189 2611 onis
208 2553 383 2616 tramitem
407 2563 553 2616 auctore
575 2553 730 2616 Domino
754 2553 992 2619 reducturum.
1039 2553 1100 2616 Ad
1131 2554 1227 2636 quod
1259 2574 1324 2618 nos
1349 2565 1384 2617 et

27 2650 28 2705 ἒ
122 2656 286 2722 hortamur
308 2669 459 2741 paterne
484 2659 846 2742 Circumspectionem
874 2669 988 2740 tuam,
1018 2669 1054 2723 et
1081 2662 1176 2743 quod
1209 2662 1385 2724 hortanda

123 2767 211 2828 nobis
232 2787 303 2829 non
327 2766 394 2830 fuit
418 2769 524 2830 valde
547 2767 583 2832 in
608 2767 762 2831 Domino
795 2771 1091 2834 commendamus.
1138 2765 1267 2832 Sumus
1292 2767 1383 2830 enim

124 2873 322 2951 quotidianis
349 2874 427 2938 fere
459 2875 586 2938 litteris
621 2885 657 2938 et
691 2875 901 2939 testimoniis
937 2876 1057 2939 dilecti
1090 2875 1153 2939 filii
1186 2875 1383 2939 Cardinalis

28 2973 29 2976 ’
124 2975 290 3063 Campegii
315 2982 443 3064 Legati
467 2982 579 3045 nostri
603 2983 648 3044 116
677 2991 758 3045 tuae
783 2982 1117 3065 Circumspectionis
1146 2982 1183 3046 in
1215 2982 1383 3045 Sanctam

28 3091 29 3126 l
124 3082 213 3149 fidem
242 3099 278 3151 et
312 3088 522 3170 dignitatem
556 3088 658 3151 huius
695 3086 799 3153 Sedis
834 3090 1002 3152 tuendam
1037 3090 1216 3153 indelessa
1249 3090 1383 3171 pietate

126 3189 195 3254 lacti
216 3195 396 3259 certiores.
452 3196 507 3258 De
538 3215 608 3277 quo
632 3198 775 3259 multam
800 3218 821 3257 a
844 3196 947 3258 nobis
972 3196 1277 3277 circumspectioni
1301 3206 1382 3259 tuae

126 3297 247 3365 laudem
271 3314 307 3366 et
330 3302 583 3386 gratitudinem
608 3302 732 3365 deberi
755 3302 988 3383 agnoscimus.
1037 3302 1140 3383 Quod
1165 3313 1281 3367 autem
1305 3324 1382 3366 nos-

28 3463 29 3484 ,
126 3411 188 3468 trae
219 3409 439 3473 auctoritatis
472 3410 654 3491 spirituale
687 3409 926 3472 adiumentum
956 3409 1125 3491 requiris,
1159 3409 1194 3472 id
1232 3410 1382 3473 Circum-

29 3559 30 3574 .
127 3516 282 3593 spectioni
296 3527 381 3580 tuae
397 3527 600 3599 promptum
616 3538 658 3579 ac
673 3526 837 3598 paratum
862 3535 1002 3597 semper
1026 3516 1094 3579 erit
1116 3519 1303 3580 abeodem
1322 3518 1384 3579 Le-

29 3611 30 3636 *
127 3629 196 3698 gato
224 3634 364 3703 nostro,
399 3626 455 3685 cui
488 3633 773 3705 quantacumque
797 3622 832 3685 in
856 3621 912 3684 his
935 3625 1042 3685 rebus
1066 3622 1266 3686 necessaria
1291 3634 1386 3686 esset

127 3722 258 3793 facultas
280 3751 303 3793 a
326 3731 431 3794 nobis
455 3730 588 3793 tributa
609 3741 673 3814 est,
699 3750 802 3811 quam
827 3737 945 3792 tamen
970 3732 1015 3791 ad
1039 3730 1131 3792 illius
1156 3741 1191 3793 et
1215 3742 1309 3793 tuam
1335 3752 1384 3794 re-

130 3820 331 3911 quisitionem
356 3838 386 3900 si
416 3858 507 3920 opus
537 3838 599 3918 sit,
629 3838 697 3899 hac
726 3835 937 3919 praesertim
968 3836 1004 3899 in
1038 3857 1076 3899 re
1105 3857 1239 3918 augere
1269 3838 1385 3920 parati

130 3957 244 4017 sumus;
268 3965 335 4008 nec
359 3945 411 4008 rei
433 3945 502 4027 ipsi
527 3946 572 4008 de
596 3944 766 4026 pastorali
791 3942 910 4007 officio
927 3964 993 4007 nec
1009 3953 1070 4008 tuo
1086 3944 1211 4008 honori
1236 3956 1271 4007 et
1294 3966 1384 4007 com-

130 4050 217 4111 modo
239 4052 282 4115 de
306 4051 585 4134 promptitudine
609 4061 782 4133 paternae
811 4050 1085 4115 benevolentiae
1114 4052 1147 4114 in
1179 4061 1214 4114 te
1243 4063 1384 4115 nostrae

30 4195 31 4236 3
131 4171 262 4236 unquam
285 4160 474 4223 deerimus.
522 4158 849 4239 Quaemadmodum
867 4158 956 4221 haec
973 4158 1018 4220 ad
1034 4157 1385 4240 circumspectionem

30 4281 31 4284 ’
132 4266 212 4325 tuam
231 4267 367 4346 plenius
391 4265 548 4329 scribere
571 4264 734 4328 iussimus
756 4264 854 4327 illinc
879 4264 1063 4345 Legatum,
1086 4265 1167 4327 hinc
1187 4265 1386 4344 Johannem

30 4379 31 4408 ³
137 4365 296 4435 ulbertum
319 4373 534 4455 praedictsss,
559 4393 705 4455 quorum
731 4392 840 4453 super
864 4374 931 4435 hoc
955 4372 1082 4435 litteris
1102 4370 1207 4435 fidem
1224 4372 1386 4434 habebis,

30 4565 31 4572 ἵ
140 4468 203 4537 Dat
222 4477 355 4544 Romae
380 4480 439 4544 die
463 4481 542 4542 XX
566 4479 779 4543 Novembris
808 4498 901 4557 15²4·
950 4480 1054 4541 Anno
1080 4492 1127 4560 p⁰.

705 4746 849 4758 ‘ussaw-tm
