<?xml version="1.0" encoding="UTF-8"?>
<!DOCTYPE html PUBLIC "-//W3C//DTD XHTML 1.0 Transitional//EN"
    "http://www.w3.org/TR/xhtml1/DTD/xhtml1-transitional.dtd">
<html xmlns="http://www.w3.org/1999/xhtml" xml:lang="en" lang="en">
 <head>
  <title>
</title>
<meta http-equiv="Content-Type" content="text/html;charset=utf-8" />
  <meta name='ocr-system' content='tesseract 3.04.00' />
  <meta name='ocr-capabilities' content='ocr_page ocr_carea ocr_par ocr_line ocrx_word'/>
</head>
<body>
  <div class='ocr_page' id='page_1' title='image "./monumentareform00unkngoog/monumentareform00unkngoog_0527.png"; bbox 0 0 3425 5700; ppageno 0'>
   <div class='ocr_carea' id='block_1_1' title="bbox 624 554 873 610">
    <p class='ocr_par' dir='ltr' id='par_1_1' title="bbox 624 554 873 610">
     <span class='ocr_line' id='line_1_1' title="bbox 624 554 873 610; baseline -0.004 -1"><span class='ocrx_word' id='word_1_1' title='bbox 624 554 873 610; x_wconf 46' lang='grc' dir='ltr'>ΦΓἐ]483ί&gt;-ο</span> 
     </span>
    </p>
   </div>
   <div class='ocr_carea' id='block_1_2' title="bbox 114 701 1466 1438">
    <p class='ocr_par' dir='ltr' id='par_1_2' title="bbox 114 701 1466 1438">
     <span class='ocr_line' id='line_1_2' title="bbox 114 701 1389 786; baseline 0.004 -23"><span class='ocrx_word' id='word_1_2' title='bbox 114 703 172 764; x_wconf 91' lang='lat' dir='ltr'>hos</span> <span class='ocrx_word' id='word_1_3' title='bbox 188 721 301 784; x_wconf 88' lang='lat' dir='ltr'>usque</span> <span class='ocrx_word' id='word_1_4' title='bbox 316 701 405 765; x_wconf 87' lang='lat' dir='ltr'>fines</span> <span class='ocrx_word' id='word_1_5' title='bbox 421 722 578 783; x_wconf 81' lang='lat' dir='ltr'><strong>serpere,</strong></span> <span class='ocrx_word' id='word_1_6' title='bbox 595 721 772 783; x_wconf 91' lang='lat' dir='ltr'>nunquam</span> <span class='ocrx_word' id='word_1_7' title='bbox 798 703 935 765; x_wconf 81' lang='lat' dir='ltr'>cessavi</span> <span class='ocrx_word' id='word_1_8' title='bbox 951 703 1034 786; x_wconf 89' lang='lat' dir='ltr'>quin</span> <span class='ocrx_word' id='word_1_9' title='bbox 1060 703 1212 766; x_wconf 90' lang='lat' dir='ltr'>omnium</span> <span class='ocrx_word' id='word_1_10' title='bbox 1237 703 1389 768; x_wconf 86' lang='lat' dir='ltr'>maxime</span> 
     </span>
     <span class='ocr_line' id='line_1_3' title="bbox 114 807 1388 892; baseline 0.003 -22"><span class='ocrx_word' id='word_1_11' title='bbox 114 809 372 888; x_wconf 85' lang='lat' dir='ltr'>contenderem,</span> <span class='ocrx_word' id='word_1_12' title='bbox 396 810 492 890; x_wconf 90' lang='lat' dir='ltr'>apud</span> <span class='ocrx_word' id='word_1_13' title='bbox 517 807 789 874; x_wconf 88' lang='lat' dir='ltr'>Serenissimum</span> <span class='ocrx_word' id='word_1_14' title='bbox 813 809 1030 892; x_wconf 82' lang='lat' dir='ltr'>Principem,</span> <span class='ocrx_word' id='word_1_15' title='bbox 1066 821 1138 874; x_wconf 90' lang='lat' dir='ltr'>tam</span> <span class='ocrx_word' id='word_1_16' title='bbox 1175 809 1286 872; x_wconf 90' lang='lat' dir='ltr'>literis</span> <span class='ocrx_word' id='word_1_17' title='bbox 1321 810 1388 874; x_wconf 88' lang='lat' dir='ltr'>fre·</span> 
     </span>
     <span class='ocr_line' id='line_1_4' title="bbox 114 914 1389 998; baseline 0.002 -21"><span class='ocrx_word' id='word_1_18' title='bbox 114 914 365 996; x_wconf 89' lang='lat' dir='ltr'>quentissimis,</span> <span class='ocrx_word' id='word_1_19' title='bbox 401 936 507 997; x_wconf 89' lang='lat' dir='ltr'>quarn</span> <span class='ocrx_word' id='word_1_20' title='bbox 536 927 572 978; x_wconf 89' lang='lat' dir='ltr'>et</span> <span class='ocrx_word' id='word_1_21' title='bbox 602 916 737 979; x_wconf 84' lang='lat' dir='ltr'>crebris</span> <span class='ocrx_word' id='word_1_22' title='bbox 771 915 945 998; x_wconf 73' lang='lat' dir='ltr'>nunctiiS,</span> <span class='ocrx_word' id='word_1_23' title='bbox 981 926 1019 980; x_wconf 89' lang='lat' dir='ltr'>ut</span> <span class='ocrx_word' id='word_1_24' title='bbox 1052 915 1147 980; x_wconf 86' lang='lat' dir='ltr'><strong>Suae</strong></span> <span class='ocrx_word' id='word_1_25' title='bbox 1178 914 1389 980; x_wconf 88' lang='lat' dir='ltr'>Serenitatis</span> 
     </span>
     <span class='ocr_line' id='line_1_5' title="bbox 114 1021 1388 1104; baseline 0.002 -19"><span class='ocrx_word' id='word_1_26' title='bbox 114 1021 261 1085; x_wconf 88' lang='lat' dir='ltr'>animum</span> <span class='ocrx_word' id='word_1_27' title='bbox 283 1043 349 1104; x_wconf 90' lang='lat' dir='ltr'>pro</span> <span class='ocrx_word' id='word_1_28' title='bbox 363 1021 571 1086; x_wconf 83' lang='lat' dir='ltr'>defensione</span> <span class='ocrx_word' id='word_1_29' title='bbox 594 1023 745 1087; x_wconf 91' lang='lat' dir='ltr'>nominis</span> <span class='ocrx_word' id='word_1_30' title='bbox 769 1025 1001 1088; x_wconf 89' lang='lat' dir='ltr'>ecclesiastici</span> <span class='ocrx_word' id='word_1_31' title='bbox 1024 1023 1265 1088; x_wconf 84' lang='lat' dir='ltr'>inviolabilem</span> <span class='ocrx_word' id='word_1_32' title='bbox 1290 1034 1325 1089; x_wconf 92' lang='lat' dir='ltr'>et</span> <span class='ocrx_word' id='word_1_33' title='bbox 1339 1025 1388 1087; x_wconf 91' lang='lat' dir='ltr'>in-</span> 
     </span>
     <span class='ocr_line' id='line_1_6' title="bbox 114 1129 1466 1214; baseline 0 -22"><span class='ocrx_word' id='word_1_34' title='bbox 114 1129 321 1210; x_wconf 85' lang='lat' dir='ltr'>placabilem</span> <span class='ocrx_word' id='word_1_35' title='bbox 344 1131 541 1212; x_wconf 86' lang='lat' dir='ltr'>redderem,</span> <span class='ocrx_word' id='word_1_36' title='bbox 566 1152 610 1194; x_wconf 92' lang='lat' dir='ltr'>ne</span> <span class='ocrx_word' id='word_1_37' title='bbox 635 1131 719 1212; x_wconf 90' lang='lat' dir='ltr'>quid</span> <span class='ocrx_word' id='word_1_38' title='bbox 744 1133 919 1196; x_wconf 87' lang='lat' dir='ltr'>decedere</span> <span class='ocrx_word' id='word_1_39' title='bbox 943 1142 1127 1214; x_wconf 85' lang='lat' dir='ltr'>pateretur</span> <span class='ocrx_word' id='word_1_40' title='bbox 1151 1133 1195 1195; x_wconf 91' lang='lat' dir='ltr'>de</span> <span class='ocrx_word' id='word_1_41' title='bbox 1213 1151 1278 1195; x_wconf 89' lang='lat' dir='ltr'>sua</span> <span class='ocrx_word' id='word_1_42' title='bbox 1302 1152 1390 1214; x_wconf 86' lang='lat' dir='ltr'>erga</span> <span class='ocrx_word' id='word_1_43' title='bbox 1459 1180 1466 1192; x_wconf 83' lang='grc'>.</span> 
     </span>
     <span class='ocr_line' id='line_1_7' title="bbox 114 1237 1389 1322; baseline 0.003 -24"><span class='ocrx_word' id='word_1_44' title='bbox 114 1237 228 1300; x_wconf 89' lang='lat' dir='ltr'>sedem</span> <span class='ocrx_word' id='word_1_45' title='bbox 245 1237 489 1319; x_wconf 86' lang='lat' dir='ltr'>Apostolicam</span> <span class='ocrx_word' id='word_1_46' title='bbox 507 1238 698 1302; x_wconf 89' lang='lat' dir='ltr'>devotione</span> <span class='ocrx_word' id='word_1_47' title='bbox 715 1239 830 1321; x_wconf 86' lang='lat' dir='ltr'>solita,</span> <span class='ocrx_word' id='word_1_48' title='bbox 854 1251 890 1303; x_wconf 92' lang='lat' dir='ltr'>et</span> <span class='ocrx_word' id='word_1_49' title='bbox 912 1238 1045 1322; x_wconf 85' lang='lat' dir='ltr'>insigni</span> <span class='ocrx_word' id='word_1_50' title='bbox 1069 1257 1155 1320; x_wconf 85' lang='lat' dir='ltr'>erga</span> <span class='ocrx_word' id='word_1_51' title='bbox 1178 1239 1389 1320; x_wconf 85' lang='lat' dir='ltr'>religionem</span> 
     </span>
     <span class='ocr_line' id='line_1_8' title="bbox 114 1343 1388 1438; baseline 0.003 -34"><span class='ocrx_word' id='word_1_52' title='bbox 114 1343 334 1406; x_wconf 86' lang='lat' dir='ltr'>christianam</span> <span class='ocrx_word' id='word_1_53' title='bbox 350 1344 495 1426; x_wconf 89' lang='lat' dir='ltr'>pietate,</span> <span class='ocrx_word' id='word_1_54' title='bbox 512 1345 665 1410; x_wconf 89' lang='lat' dir='ltr'>etiamsi</span> <span class='ocrx_word' id='word_1_55' title='bbox 681 1345 716 1408; x_wconf 92' lang='lat' dir='ltr'>vi</span> <span class='ocrx_word' id='word_1_56' title='bbox 732 1355 767 1409; x_wconf 91' lang='lat' dir='ltr'>et</span> <span class='ocrx_word' id='word_1_57' title='bbox 791 1346 896 1438; x_wconf 81' lang='lat' dir='ltr'>armis</span> <span class='ocrx_word' id='word_1_58' title='bbox 920 1345 1107 1428; x_wconf 86' lang='lat' dir='ltr'>negocium</span> <span class='ocrx_word' id='word_1_59' title='bbox 1132 1345 1388 1410; x_wconf 87' lang='lat' dir='ltr'>conficiendum</span> 
     </span>
    </p>
   </div>
   <div class='ocr_carea' id='block_1_3' title="bbox 113 1451 1390 3015">
    <p class='ocr_par' dir='ltr' id='par_1_3' title="bbox 113 1451 1390 3015">
     <span class='ocr_line' id='line_1_9' title="bbox 113 1451 1388 1534; baseline 0.003 -22"><span class='ocrx_word' id='word_1_60' title='bbox 113 1452 308 1523; x_wconf 89' lang='lat' dir='ltr'>videretur;</span> <span class='ocrx_word' id='word_1_61' title='bbox 344 1452 407 1514; x_wconf 88' lang='lat' dir='ltr'>sed</span> <span class='ocrx_word' id='word_1_62' title='bbox 436 1473 552 1534; x_wconf 88' lang='lat' dir='ltr'>neque</span> <span class='ocrx_word' id='word_1_63' title='bbox 575 1474 632 1516; x_wconf 90' lang='lat' dir='ltr'>me</span> <span class='ocrx_word' id='word_1_64' title='bbox 656 1451 788 1516; x_wconf 90' lang='lat' dir='ltr'>frustra</span> <span class='ocrx_word' id='word_1_65' title='bbox 821 1453 988 1517; x_wconf 89' lang='lat' dir='ltr'>laborare</span> <span class='ocrx_word' id='word_1_66' title='bbox 1019 1452 1247 1533; x_wconf 91' lang='lat' dir='ltr'>crediderim,</span> <span class='ocrx_word' id='word_1_67' title='bbox 1282 1473 1388 1534; x_wconf 89' lang='lat' dir='ltr'>quum</span> 
     </span>
     <span class='ocr_line' id='line_1_10' title="bbox 113 1559 1388 1642; baseline 0 -22"><span class='ocrx_word' id='word_1_68' title='bbox 113 1568 236 1640; x_wconf 92' lang='lat' dir='ltr'>sponte</span> <span class='ocrx_word' id='word_1_69' title='bbox 260 1559 415 1622; x_wconf 91' lang='lat' dir='ltr'>currenti</span> <span class='ocrx_word' id='word_1_70' title='bbox 439 1559 591 1622; x_wconf 90' lang='lat' dir='ltr'>calcaria</span> <span class='ocrx_word' id='word_1_71' title='bbox 607 1559 815 1640; x_wconf 89' lang='lat' dir='ltr'>addiderim,</span> <span class='ocrx_word' id='word_1_72' title='bbox 840 1570 877 1623; x_wconf 90' lang='lat' dir='ltr'>et</span> <span class='ocrx_word' id='word_1_73' title='bbox 899 1580 1108 1642; x_wconf 90' lang='lat' dir='ltr'>quacunque</span> <span class='ocrx_word' id='word_1_74' title='bbox 1123 1559 1261 1622; x_wconf 89' lang='lat' dir='ltr'>ratione</span> <span class='ocrx_word' id='word_1_75' title='bbox 1278 1559 1388 1641; x_wconf 92' lang='lat' dir='ltr'>potui,</span> 
     </span>
     <span class='ocr_line' id='line_1_11' title="bbox 114 1666 1388 1747; baseline 0.002 -21"><span class='ocrx_word' id='word_1_76' title='bbox 114 1685 347 1747; x_wconf 87' lang='lat' dir='ltr'>quoscumque</span> <span class='ocrx_word' id='word_1_77' title='bbox 372 1667 514 1729; x_wconf 89' lang='lat' dir='ltr'>labores</span> <span class='ocrx_word' id='word_1_78' title='bbox 530 1677 565 1730; x_wconf 93' lang='lat' dir='ltr'>et</span> <span class='ocrx_word' id='word_1_79' title='bbox 588 1666 729 1747; x_wconf 87' lang='lat' dir='ltr'>vigilias</span> <span class='ocrx_word' id='word_1_80' title='bbox 752 1688 849 1730; x_wconf 90' lang='lat' dir='ltr'>meas</span> <span class='ocrx_word' id='word_1_81' title='bbox 874 1668 919 1730; x_wconf 89' lang='lat' dir='ltr'>ad</span> <span class='ocrx_word' id='word_1_82' title='bbox 933 1668 999 1729; x_wconf 93' lang='lat' dir='ltr'>hos</span> <span class='ocrx_word' id='word_1_83' title='bbox 1022 1668 1191 1729; x_wconf 90' lang='lat' dir='ltr'>tumultus</span> <span class='ocrx_word' id='word_1_84' title='bbox 1210 1667 1388 1729; x_wconf 89' lang='lat' dir='ltr'>sedandos</span> 
     </span>
     <span class='ocr_line' id='line_1_12' title="bbox 113 1771 1387 1857; baseline 0.002 -23"><span class='ocrx_word' id='word_1_85' title='bbox 113 1771 257 1853; x_wconf 90' lang='lat' dir='ltr'>contuli,</span> <span class='ocrx_word' id='word_1_86' title='bbox 289 1781 326 1836; x_wconf 95' lang='lat' dir='ltr'>ut</span> <span class='ocrx_word' id='word_1_87' title='bbox 353 1773 438 1836; x_wconf 90' lang='lat' dir='ltr'>mihi</span> <span class='ocrx_word' id='word_1_88' title='bbox 468 1773 592 1836; x_wconf 92' lang='lat' dir='ltr'>videre</span> <span class='ocrx_word' id='word_1_89' title='bbox 624 1773 749 1838; x_wconf 89' lang='lat' dir='ltr'>videar</span> <span class='ocrx_word' id='word_1_90' title='bbox 783 1773 1000 1857; x_wconf 84' lang='lat' dir='ltr'>presentiam</span> <span class='ocrx_word' id='word_1_91' title='bbox 1032 1793 1147 1838; x_wconf 90' lang='lat' dir='ltr'>meam</span> <span class='ocrx_word' id='word_1_92' title='bbox 1178 1773 1270 1836; x_wconf 85' lang='lat' dir='ltr'>inter</span> <span class='ocrx_word' id='word_1_93' title='bbox 1297 1774 1387 1836; x_wconf 90' lang='lat' dir='ltr'>haec</span> 
     </span>
     <span class='ocr_line' id='line_1_13' title="bbox 114 1879 1385 1964; baseline 0.002 -24"><span class='ocrx_word' id='word_1_94' title='bbox 114 1879 261 1941; x_wconf 86' lang='lat' dir='ltr'>confinia</span> <span class='ocrx_word' id='word_1_95' title='bbox 294 1880 454 1943; x_wconf 90' lang='lat' dir='ltr'>nonnihil</span> <span class='ocrx_word' id='word_1_96' title='bbox 490 1882 666 1944; x_wconf 89' lang='lat' dir='ltr'>commodi</span> <span class='ocrx_word' id='word_1_97' title='bbox 701 1901 813 1963; x_wconf 89' lang='lat' dir='ltr'>usque</span> <span class='ocrx_word' id='word_1_98' title='bbox 847 1880 884 1944; x_wconf 92' lang='lat' dir='ltr'>in</span> <span class='ocrx_word' id='word_1_99' title='bbox 919 1879 1178 1964; x_wconf 89' lang='lat' dir='ltr'>presentiarum</span> <span class='ocrx_word' id='word_1_100' title='bbox 1214 1881 1385 1943; x_wconf 87' lang='lat' dir='ltr'>attulisse.</span> 
     </span>
     <span class='ocr_line' id='line_1_14' title="bbox 116 1983 1386 2070; baseline 0.002 -24"><span class='ocrx_word' id='word_1_101' title='bbox 116 1986 244 2050; x_wconf 87' lang='lat' dir='ltr'>Verum</span> <span class='ocrx_word' id='word_1_102' title='bbox 268 1987 298 2049; x_wconf 91' lang='lat' dir='ltr'>si</span> <span class='ocrx_word' id='word_1_103' title='bbox 320 1997 465 2070; x_wconf 89' lang='lat' dir='ltr'>praeter</span> <span class='ocrx_word' id='word_1_104' title='bbox 488 1987 692 2070; x_wconf 90' lang='lat' dir='ltr'>opinionem</span> <span class='ocrx_word' id='word_1_105' title='bbox 716 2009 850 2070; x_wconf 91' lang='lat' dir='ltr'>meam,</span> <span class='ocrx_word' id='word_1_106' title='bbox 882 1988 978 2070; x_wconf 93' lang='lat' dir='ltr'>quod</span> <span class='ocrx_word' id='word_1_107' title='bbox 1002 1989 1101 2050; x_wconf 88' lang='lat' dir='ltr'>Deus</span> <span class='ocrx_word' id='word_1_108' title='bbox 1126 1983 1290 2068; x_wconf 90' lang='lat' dir='ltr'>Optimus</span> <span class='ocrx_word' id='word_1_109' title='bbox 1313 1986 1386 2048; x_wconf 91' lang='lat' dir='ltr'>Ma·</span> 
     </span>
     <span class='ocr_line' id='line_1_15' title="bbox 115 2089 1388 2176; baseline 0.002 -22"><span class='ocrx_word' id='word_1_110' title='bbox 115 2092 296 2174; x_wconf 86' lang='lat' dir='ltr'>ximusque</span> <span class='ocrx_word' id='word_1_111' title='bbox 319 2095 520 2176; x_wconf 91' lang='lat' dir='ltr'>prohibeat,</span> <span class='ocrx_word' id='word_1_112' title='bbox 544 2115 602 2158; x_wconf 90' lang='lat' dir='ltr'>res</span> <span class='ocrx_word' id='word_1_113' title='bbox 625 2094 728 2157; x_wconf 91' lang='lat' dir='ltr'>aliter</span> <span class='ocrx_word' id='word_1_114' title='bbox 751 2095 896 2158; x_wconf 89' lang='lat' dir='ltr'>cederet</span> <span class='ocrx_word' id='word_1_115' title='bbox 917 2097 1100 2176; x_wconf 86' lang='lat' dir='ltr'>(quantum</span> <span class='ocrx_word' id='word_1_116' title='bbox 1115 2095 1162 2156; x_wconf 91' lang='lat' dir='ltr'>ad</span> <span class='ocrx_word' id='word_1_117' title='bbox 1178 2112 1233 2155; x_wconf 91' lang='lat' dir='ltr'>me</span> <span class='ocrx_word' id='word_1_118' title='bbox 1248 2089 1388 2176; x_wconf 88' lang='lat' dir='ltr'>attinet)</span> 
     </span>
     <span class='ocr_line' id='line_1_16' title="bbox 114 2199 1387 2285; baseline 0 -23"><span class='ocrx_word' id='word_1_119' title='bbox 114 2200 263 2280; x_wconf 87' lang='lat' dir='ltr'>decrevi,</span> <span class='ocrx_word' id='word_1_120' title='bbox 278 2221 487 2282; x_wconf 90' lang='lat' dir='ltr'>quecunque</span> <span class='ocrx_word' id='word_1_121' title='bbox 503 2202 603 2283; x_wconf 92' lang='lat' dir='ltr'>dura,</span> <span class='ocrx_word' id='word_1_122' title='bbox 620 2202 755 2285; x_wconf 88' lang='lat' dir='ltr'>gravia,</span> <span class='ocrx_word' id='word_1_123' title='bbox 780 2211 816 2265; x_wconf 90' lang='lat' dir='ltr'>et</span> <span class='ocrx_word' id='word_1_124' title='bbox 833 2223 960 2284; x_wconf 84' lang='lat' dir='ltr'>aspera</span> <span class='ocrx_word' id='word_1_125' title='bbox 976 2201 1074 2284; x_wconf 92' lang='lat' dir='ltr'>prius</span> <span class='ocrx_word' id='word_1_126' title='bbox 1098 2199 1257 2279; x_wconf 88' lang='lat' dir='ltr'>sufferre,</span> <span class='ocrx_word' id='word_1_127' title='bbox 1282 2219 1387 2280; x_wconf 90' lang='lat' dir='ltr'>quam</span> 
     </span>
     <span class='ocr_line' id='line_1_17' title="bbox 114 2305 1386 2391; baseline -0.001 -23"><span class='ocrx_word' id='word_1_128' title='bbox 114 2308 156 2368; x_wconf 88' lang='lat' dir='ltr'>ad</span> <span class='ocrx_word' id='word_1_129' title='bbox 178 2307 300 2389; x_wconf 90' lang='lat' dir='ltr'>iniqua</span> <span class='ocrx_word' id='word_1_130' title='bbox 323 2309 382 2370; x_wconf 91' lang='lat' dir='ltr'>vel</span> <span class='ocrx_word' id='word_1_131' title='bbox 407 2309 525 2390; x_wconf 90' lang='lat' dir='ltr'>turpia</span> <span class='ocrx_word' id='word_1_132' title='bbox 548 2308 705 2391; x_wconf 87' lang='lat' dir='ltr'>perduci,</span> <span class='ocrx_word' id='word_1_133' title='bbox 730 2328 846 2390; x_wconf 88' lang='lat' dir='ltr'>neque</span> <span class='ocrx_word' id='word_1_134' title='bbox 872 2307 978 2372; x_wconf 83' lang='lat' dir='ltr'>facile</span> <span class='ocrx_word' id='word_1_135' title='bbox 1002 2305 1218 2372; x_wconf 89' lang='lat' dir='ltr'>committam</span> <span class='ocrx_word' id='word_1_136' title='bbox 1234 2315 1273 2368; x_wconf 90' lang='lat' dir='ltr'>ut</span> <span class='ocrx_word' id='word_1_137' title='bbox 1290 2305 1386 2388; x_wconf 92' lang='lat' dir='ltr'>quip-</span> 
     </span>
     <span class='ocr_line' id='line_1_18' title="bbox 114 2413 1388 2498; baseline 0.001 -23"><span class='ocrx_word' id='word_1_138' title='bbox 114 2413 205 2493; x_wconf 91' lang='lat' dir='ltr'>piam</span> <span class='ocrx_word' id='word_1_139' title='bbox 229 2434 275 2475; x_wconf 84' lang='lat' dir='ltr'>ex</span> <span class='ocrx_word' id='word_1_140' title='bbox 298 2435 354 2477; x_wconf 90' lang='lat' dir='ltr'>me</span> <span class='ocrx_word' id='word_1_141' title='bbox 377 2414 541 2478; x_wconf 84' lang='lat' dir='ltr'>audiatur</span> <span class='ocrx_word' id='word_1_142' title='bbox 565 2425 800 2498; x_wconf 90' lang='lat' dir='ltr'>acceptatum,</span> <span class='ocrx_word' id='word_1_143' title='bbox 818 2417 914 2498; x_wconf 90' lang='lat' dir='ltr'>quod</span> <span class='ocrx_word' id='word_1_144' title='bbox 931 2416 989 2480; x_wconf 94' lang='lat' dir='ltr'>vel</span> <span class='ocrx_word' id='word_1_145' title='bbox 1013 2424 1153 2478; x_wconf 89' lang='lat' dir='ltr'>vestrae</span> <span class='ocrx_word' id='word_1_146' title='bbox 1170 2413 1388 2477; x_wconf 90' lang='lat' dir='ltr'>Beatitudini</span> 
     </span>
     <span class='ocr_line' id='line_1_19' title="bbox 113 2519 1388 2605; baseline -0.001 -23"><span class='ocrx_word' id='word_1_147' title='bbox 113 2521 295 2583; x_wconf 91' lang='lat' dir='ltr'>molestum</span> <span class='ocrx_word' id='word_1_148' title='bbox 310 2540 390 2584; x_wconf 88' lang='lat' dir='ltr'>esse</span> <span class='ocrx_word' id='word_1_149' title='bbox 402 2520 524 2604; x_wconf 88' lang='lat' dir='ltr'>possit,</span> <span class='ocrx_word' id='word_1_150' title='bbox 541 2525 599 2585; x_wconf 90' lang='lat' dir='ltr'>vel</span> <span class='ocrx_word' id='word_1_151' title='bbox 614 2544 670 2586; x_wconf 91' lang='lat' dir='ltr'>me</span> <span class='ocrx_word' id='word_1_152' title='bbox 682 2543 807 2605; x_wconf 89' lang='lat' dir='ltr'>parurn</span> <span class='ocrx_word' id='word_1_153' title='bbox 822 2523 985 2586; x_wconf 89' lang='lat' dir='ltr'>decuisse</span> <span class='ocrx_word' id='word_1_154' title='bbox 998 2522 1174 2596; x_wconf 86' lang='lat' dir='ltr'>videatur;</span> <span class='ocrx_word' id='word_1_155' title='bbox 1187 2519 1388 2602; x_wconf 89' lang='lat' dir='ltr'>arbitratus,</span> 
     </span>
     <span class='ocr_line' id='line_1_20' title="bbox 114 2627 1388 2713; baseline 0.001 -24"><span class='ocrx_word' id='word_1_156' title='bbox 114 2628 206 2707; x_wconf 92' lang='lat' dir='ltr'>quod</span> <span class='ocrx_word' id='word_1_157' title='bbox 229 2627 265 2689; x_wconf 91' lang='lat' dir='ltr'>in</span> <span class='ocrx_word' id='word_1_158' title='bbox 289 2628 383 2690; x_wconf 90' lang='lat' dir='ltr'>omni</span> <span class='ocrx_word' id='word_1_159' title='bbox 411 2649 491 2691; x_wconf 90' lang='lat' dir='ltr'>mea</span> <span class='ocrx_word' id='word_1_160' title='bbox 520 2628 677 2711; x_wconf 87' lang='lat' dir='ltr'>fortuna,</span> <span class='ocrx_word' id='word_1_161' title='bbox 706 2640 742 2692; x_wconf 91' lang='lat' dir='ltr'>et</span> <span class='ocrx_word' id='word_1_162' title='bbox 765 2650 940 2713; x_wconf 90' lang='lat' dir='ltr'>prospera</span> <span class='ocrx_word' id='word_1_163' title='bbox 976 2640 1012 2692; x_wconf 89' lang='lat' dir='ltr'>et</span> <span class='ocrx_word' id='word_1_164' title='bbox 1035 2629 1207 2708; x_wconf 89' lang='lat' dir='ltr'>adversa,</span> <span class='ocrx_word' id='word_1_165' title='bbox 1231 2627 1309 2708; x_wconf 89' lang='lat' dir='ltr'>ipsa</span> <span class='ocrx_word' id='word_1_166' title='bbox 1333 2646 1388 2690; x_wconf 90' lang='lat' dir='ltr'>me</span> 
     </span>
     <span class='ocr_line' id='line_1_21' title="bbox 113 2734 1388 2818; baseline 0 -22"><span class='ocrx_word' id='word_1_167' title='bbox 113 2754 181 2797; x_wconf 91' lang='lat' dir='ltr'>non</span> <span class='ocrx_word' id='word_1_168' title='bbox 205 2735 250 2798; x_wconf 90' lang='lat' dir='ltr'>sit</span> <span class='ocrx_word' id='word_1_169' title='bbox 274 2734 488 2799; x_wconf 91' lang='lat' dir='ltr'>derelictura</span> <span class='ocrx_word' id='word_1_170' title='bbox 511 2757 576 2818; x_wconf 92' lang='lat' dir='ltr'>pro</span> <span class='ocrx_word' id='word_1_171' title='bbox 602 2757 645 2798; x_wconf 95' lang='lat' dir='ltr'>ea</span> <span class='ocrx_word' id='word_1_172' title='bbox 669 2737 856 2800; x_wconf 87' lang='lat' dir='ltr'>clementia</span> <span class='ocrx_word' id='word_1_173' title='bbox 881 2747 916 2800; x_wconf 88' lang='lat' dir='ltr'>et</span> <span class='ocrx_word' id='word_1_174' title='bbox 938 2734 1157 2800; x_wconf 87' lang='lat' dir='ltr'>humanitate</span> <span class='ocrx_word' id='word_1_175' title='bbox 1181 2754 1252 2816; x_wconf 89' lang='lat' dir='ltr'>qua</span> <span class='ocrx_word' id='word_1_176' title='bbox 1273 2734 1388 2816; x_wconf 90' lang='lat' dir='ltr'>singu·</span> 
     </span>
     <span class='ocr_line' id='line_1_22' title="bbox 113 2839 1390 2927; baseline -0.002 -23"><span class='ocrx_word' id='word_1_177' title='bbox 113 2843 163 2906; x_wconf 90' lang='lat' dir='ltr'>los</span> <span class='ocrx_word' id='word_1_178' title='bbox 186 2841 240 2906; x_wconf 92' lang='lat' dir='ltr'>sui</span> <span class='ocrx_word' id='word_1_179' title='bbox 264 2853 301 2906; x_wconf 92' lang='lat' dir='ltr'>et</span> <span class='ocrx_word' id='word_1_180' title='bbox 324 2841 429 2908; x_wconf 90' lang='lat' dir='ltr'>Sedis</span> <span class='ocrx_word' id='word_1_181' title='bbox 452 2843 611 2927; x_wconf 77' lang='lat' dir='ltr'>Apost⁰⁸⁰</span> <span class='ocrx_word' id='word_1_182' title='bbox 630 2844 808 2908; x_wconf 88' lang='lat' dir='ltr'>studiosos</span> <span class='ocrx_word' id='word_1_183' title='bbox 832 2865 973 2927; x_wconf 89' lang='lat' dir='ltr'>semper</span> <span class='ocrx_word' id='word_1_184' title='bbox 1008 2853 1062 2907; x_wconf 90' lang='lat' dir='ltr'>est</span> <span class='ocrx_word' id='word_1_185' title='bbox 1091 2849 1299 2926; x_wconf 89' lang='lat' dir='ltr'>prosecuta;</span> <span class='ocrx_word' id='word_1_186' title='bbox 1334 2839 1390 2903; x_wconf 91' lang='lat' dir='ltr'>cui</span> 
     </span>
     <span class='ocr_line' id='line_1_23' title="bbox 114 2948 1388 3015; baseline -0.001 -2"><span class='ocrx_word' id='word_1_187' title='bbox 114 2972 166 3013; x_wconf 91' lang='lat' dir='ltr'>me</span> <span class='ocrx_word' id='word_1_188' title='bbox 181 2960 219 3014; x_wconf 93' lang='lat' dir='ltr'>et</span> <span class='ocrx_word' id='word_1_189' title='bbox 234 2950 429 3015; x_wconf 89' lang='lat' dir='ltr'>Ecclesiam</span> <span class='ocrx_word' id='word_1_190' title='bbox 445 2952 536 3015; x_wconf 90' lang='lat' dir='ltr'>hanc</span> <span class='ocrx_word' id='word_1_191' title='bbox 551 2972 649 3015; x_wconf 89' lang='lat' dir='ltr'>suam</span> <span class='ocrx_word' id='word_1_192' title='bbox 665 2952 910 3015; x_wconf 86' lang='lat' dir='ltr'>Tridentinam</span> <span class='ocrx_word' id='word_1_193' title='bbox 924 2953 1153 3015; x_wconf 89' lang='lat' dir='ltr'>vehementer</span> <span class='ocrx_word' id='word_1_194' title='bbox 1170 2948 1388 3012; x_wconf 87' lang='lat' dir='ltr'>commende.</span> 
     </span>
    </p>
   </div>
   <div class='ocr_carea' id='block_1_4' title="bbox 199 3072 1282 3156">
    <p class='ocr_par' dir='ltr' id='par_1_4' title="bbox 199 3072 1282 3156">
     <span class='ocr_line' id='line_1_24' title="bbox 199 3072 1282 3156; baseline -0.003 -18"><span class='ocrx_word' id='word_1_195' title='bbox 199 3075 255 3138; x_wconf 87' lang='lat' dir='ltr'>Ex</span> <span class='ocrx_word' id='word_1_196' title='bbox 279 3075 451 3140; x_wconf 90' lang='lat' dir='ltr'>Tridento</span> <span class='ocrx_word' id='word_1_197' title='bbox 476 3075 534 3140; x_wconf 90' lang='lat' dir='ltr'>die</span> <span class='ocrx_word' id='word_1_198' title='bbox 557 3076 689 3139; x_wconf 81' lang='lat' dir='ltr'>XXII·</span> <span class='ocrx_word' id='word_1_199' title='bbox 711 3075 805 3156; x_wconf 91' lang='lat' dir='ltr'>Junii</span> <span class='ocrx_word' id='word_1_200' title='bbox 830 3078 938 3140; x_wconf 91' lang='lat' dir='ltr'>Anno</span> <span class='ocrx_word' id='word_1_201' title='bbox 962 3073 1105 3138; x_wconf 91' lang='lat' dir='ltr'>Domini</span> <span class='ocrx_word' id='word_1_202' title='bbox 1129 3072 1282 3136; x_wconf 73' lang='lat' dir='ltr'>XXV‘0.</span> 
     </span>
    </p>
   </div>
   <div class='ocr_carea' id='block_1_5' title="bbox 889 3216 1318 3372">
    <p class='ocr_par' dir='ltr' id='par_1_5' title="bbox 889 3216 1318 3372">
     <span class='ocr_line' id='line_1_25' title="bbox 1006 3216 1233 3269; baseline -0.013 -3"><span class='ocrx_word' id='word_1_203' title='bbox 1006 3218 1088 3269; x_wconf 83' lang='lat' dir='ltr'>Ham.</span> <span class='ocrx_word' id='word_1_204' title='bbox 1106 3216 1233 3267; x_wconf 79' lang='lat' dir='ltr'>creatura</span> 
     </span>
     <span class='ocr_line' id='line_1_26' title="bbox 889 3304 1318 3372; baseline 0 -15"><span class='ocrx_word' id='word_1_205' title='bbox 889 3308 921 3361; x_wconf 87' lang='lat' dir='ltr'>B.</span> <span class='ocrx_word' id='word_1_206' title='bbox 943 3306 1140 3372; x_wconf 85' lang='lat' dir='ltr'>Episcopus</span> <span class='ocrx_word' id='word_1_207' title='bbox 1164 3304 1318 3357; x_wconf 68' lang='lat' dir='ltr'>trident.</span> 
     </span>
    </p>
   </div>
   <div class='ocr_carea' id='block_1_6' title="bbox 649 3530 855 3544">
    <p class='ocr_par' dir='ltr' id='par_1_6' title="bbox 649 3530 855 3544">
     <span class='ocr_line' id='line_1_27' title="bbox 649 3530 855 3544; baseline -0.005 0"><span class='ocrx_word' id='word_1_208' title='bbox 649 3530 855 3544; x_wconf 62' lang='lat' dir='ltr'>mm</span> 
     </span>
    </p>
   </div>
   <div class='ocr_carea' id='block_1_7' title="bbox 714 3797 789 3863">
    <p class='ocr_par' dir='ltr' id='par_1_7' title="bbox 714 3797 789 3863">
     <span class='ocr_line' id='line_1_28' title="bbox 714 3797 789 3863; baseline 0 -1"><span class='ocrx_word' id='word_1_209' title='bbox 714 3797 789 3863; x_wconf 77' lang='lat'><strong>225.</strong></span> 
     </span>
    </p>
   </div>
   <div class='ocr_carea' id='block_1_8' title="bbox 323 3911 1169 4018">
    <p class='ocr_par' dir='ltr' id='par_1_8' title="bbox 323 3911 1169 4018">
     <span class='ocr_line' id='line_1_29' title="bbox 323 3911 1169 4018; baseline -0.005 -21"><span class='ocrx_word' id='word_1_210' title='bbox 323 3917 521 4018; x_wconf 74' lang='lat' dir='ltr'>Episcopus</span> <span class='ocrx_word' id='word_1_211' title='bbox 547 3913 863 3995; x_wconf 80' lang='lat' dir='ltr'>wratislaviensis</span> <span class='ocrx_word' id='word_1_212' title='bbox 892 3911 1064 3993; x_wconf 75' lang='lat' dir='ltr'>Clementi</span> <span class='ocrx_word' id='word_1_213' title='bbox 1091 3912 1169 3993; x_wconf 84' lang='lat' dir='ltr'>VIL</span> 
     </span>
    </p>
   </div>
   <div class='ocr_carea' id='block_1_9' title="bbox 545 4060 936 4247">
    <p class='ocr_par' dir='ltr' id='par_1_9' title="bbox 545 4060 936 4247">
     <span class='ocr_line' id='line_1_30' title="bbox 545 4060 936 4136; baseline -0.008 -15"><span class='ocrx_word' id='word_1_214' title='bbox 545 4060 936 4136; x_wconf 60' lang='lat' dir='ltr'>mmmmm</span> 
     </span>
     <span class='ocr_line' id='line_1_31' title="bbox 616 4178 874 4247; baseline -0.012 -1"><span class='ocrx_word' id='word_1_215' title='bbox 616 4182 670 4246; x_wconf 61' lang='grc' dir='ltr'>(πθ.</span> <span class='ocrx_word' id='word_1_216' title='bbox 689 4182 764 4247; x_wconf 73' lang='lat' dir='ltr'>Junii</span> <span class='ocrx_word' id='word_1_217' title='bbox 787 4178 874 4243; x_wconf 74' lang='lat'>1525.)</span> 
     </span>
    </p>
   </div>
   <div class='ocr_carea' id='block_1_10' title="bbox 113 4329 1389 5043">
    <p class='ocr_par' dir='ltr' id='par_1_10' title="bbox 113 4329 1389 4953">
     <span class='ocr_line' id='line_1_32' title="bbox 200 4329 1388 4409; baseline -0.007 -10"><span class='ocrx_word' id='word_1_218' title='bbox 200 4334 431 4399; x_wconf 88' lang='lat' dir='ltr'>Sanctissime</span> <span class='ocrx_word' id='word_1_219' title='bbox 456 4356 496 4398; x_wconf 90' lang='lat' dir='ltr'>ac</span> <span class='ocrx_word' id='word_1_220' title='bbox 531 4332 741 4397; x_wconf 88' lang='lat' dir='ltr'>Beatissime</span> <span class='ocrx_word' id='word_1_221' title='bbox 775 4331 811 4394; x_wconf 89' lang='lat' dir='ltr'>in</span> <span class='ocrx_word' id='word_1_222' title='bbox 835 4330 975 4395; x_wconf 90' lang='lat' dir='ltr'>Christo</span> <span class='ocrx_word' id='word_1_223' title='bbox 1010 4330 1118 4392; x_wconf 89' lang='lat' dir='ltr'>Pater</span> <span class='ocrx_word' id='word_1_224' title='bbox 1152 4349 1193 4391; x_wconf 90' lang='lat' dir='ltr'>ac</span> <span class='ocrx_word' id='word_1_225' title='bbox 1224 4329 1388 4409; x_wconf 90' lang='lat' dir='ltr'>Domine,</span> 
     </span>
     <span class='ocr_line' id='line_1_33' title="bbox 114 4437 1389 4520; baseline -0.006 -13"><span class='ocrx_word' id='word_1_226' title='bbox 114 4443 262 4509; x_wconf 89' lang='lat' dir='ltr'>Domine</span> <span class='ocrx_word' id='word_1_227' title='bbox 287 4442 571 4508; x_wconf 89' lang='lat' dir='ltr'>clementissime.</span> <span class='ocrx_word' id='word_1_228' title='bbox 617 4442 705 4503; x_wconf 90' lang='lat' dir='ltr'>Post</span> <span class='ocrx_word' id='word_1_229' title='bbox 737 4441 870 4503; x_wconf 89' lang='lat' dir='ltr'>devota</span> <span class='ocrx_word' id='word_1_230' title='bbox 895 4443 1078 4501; x_wconf 87' lang='lat' dir='ltr'>beatorum</span> <span class='ocrx_word' id='word_1_231' title='bbox 1102 4438 1233 4520; x_wconf 90' lang='lat' dir='ltr'>pedum</span> <span class='ocrx_word' id='word_1_232' title='bbox 1257 4437 1389 4518; x_wconf 88' lang='lat' dir='ltr'>oscula,</span> 
     </span>
     <span class='ocr_line' id='line_1_34' title="bbox 113 4542 1388 4632; baseline -0.004 -19"><span class='ocrx_word' id='word_1_233' title='bbox 113 4551 339 4615; x_wconf 89' lang='lat' dir='ltr'>humillimam</span> <span class='ocrx_word' id='word_1_234' title='bbox 362 4549 417 4614; x_wconf 92' lang='lat' dir='ltr'>sui</span> <span class='ocrx_word' id='word_1_235' title='bbox 435 4549 546 4632; x_wconf 87' lang='lat' dir='ltr'>ipsius</span> <span class='ocrx_word' id='word_1_236' title='bbox 562 4547 913 4611; x_wconf 87' lang='lat' dir='ltr'>commendationem.</span> <span class='ocrx_word' id='word_1_237' title='bbox 931 4542 1210 4607; x_wconf 87' lang='lat' dir='ltr'>Clementissime</span> <span class='ocrx_word' id='word_1_238' title='bbox 1225 4543 1388 4608; x_wconf 90' lang='lat' dir='ltr'>Domine.</span> 
     </span>
     <span class='ocr_line' id='line_1_35' title="bbox 114 4650 1388 4739; baseline -0.006 -17"><span class='ocrx_word' id='word_1_239' title='bbox 114 4658 281 4739; x_wconf 82' lang='lat' dir='ltr'>Quamvis</span> <span class='ocrx_word' id='word_1_240' title='bbox 305 4677 471 4721; x_wconf 91' lang='lat' dir='ltr'>erumnas</span> <span class='ocrx_word' id='word_1_241' title='bbox 495 4666 531 4718; x_wconf 90' lang='lat' dir='ltr'>et</span> <span class='ocrx_word' id='word_1_242' title='bbox 554 4654 773 4718; x_wconf 89' lang='lat' dir='ltr'>calamitates</span> <span class='ocrx_word' id='word_1_243' title='bbox 802 4652 983 4715; x_wconf 88' lang='lat' dir='ltr'>Ecclesiae</span> <span class='ocrx_word' id='word_1_244' title='bbox 1007 4672 1047 4713; x_wconf 87' lang='lat' dir='ltr'>ac</span> <span class='ocrx_word' id='word_1_245' title='bbox 1072 4650 1158 4713; x_wconf 91' lang='lat' dir='ltr'>cleri</span> <span class='ocrx_word' id='word_1_246' title='bbox 1181 4650 1259 4730; x_wconf 87' lang='lat' dir='ltr'>mei,</span> <span class='ocrx_word' id='word_1_247' title='bbox 1283 4650 1388 4714; x_wconf 91' lang='lat' dir='ltr'>immo</span> 
     </span>
     <span class='ocr_line' id='line_1_36' title="bbox 115 4758 1389 4847; baseline -0.005 -19"><span class='ocrx_word' id='word_1_248' title='bbox 115 4764 267 4830; x_wconf 83' lang='lat' dir='ltr'>Sanctae</span> <span class='ocrx_word' id='word_1_249' title='bbox 299 4763 406 4829; x_wconf 88' lang='lat' dir='ltr'>Sedis</span> <span class='ocrx_word' id='word_1_250' title='bbox 436 4762 669 4847; x_wconf 90' lang='lat' dir='ltr'>Apostolicae</span> <span class='ocrx_word' id='word_1_251' title='bbox 700 4771 736 4824; x_wconf 90' lang='lat' dir='ltr'>et</span> <span class='ocrx_word' id='word_1_252' title='bbox 764 4760 961 4842; x_wconf 83' lang='lat' dir='ltr'>relligionis</span> <span class='ocrx_word' id='word_1_253' title='bbox 998 4766 1237 4843; x_wconf 89' lang='lat' dir='ltr'>contemptum</span> <span class='ocrx_word' id='word_1_254' title='bbox 1265 4758 1320 4822; x_wconf 92' lang='lat' dir='ltr'>his</span> <span class='ocrx_word' id='word_1_255' title='bbox 1352 4760 1389 4822; x_wconf 91' lang='lat' dir='ltr'>in</span> 
     </span>
     <span class='ocr_line' id='line_1_37' title="bbox 114 4863 1388 4953; baseline -0.005 -18"><span class='ocrx_word' id='word_1_256' title='bbox 114 4872 243 4936; x_wconf 87' lang='lat' dir='ltr'>finibus</span> <span class='ocrx_word' id='word_1_257' title='bbox 264 4872 395 4937; x_wconf 90' lang='lat' dir='ltr'>totiens</span> <span class='ocrx_word' id='word_1_258' title='bbox 418 4872 487 4934; x_wconf 90' lang='lat' dir='ltr'>iam</span> <span class='ocrx_word' id='word_1_259' title='bbox 512 4868 774 4953; x_wconf 89' lang='lat' dir='ltr'>deploraverim</span> <span class='ocrx_word' id='word_1_260' title='bbox 798 4867 1000 4948; x_wconf 87' lang='lat' dir='ltr'>totiensque</span> <span class='ocrx_word' id='word_1_261' title='bbox 1022 4863 1211 4927; x_wconf 89' lang='lat' dir='ltr'>Sanctitati</span> <span class='ocrx_word' id='word_1_262' title='bbox 1225 4864 1388 4947; x_wconf 88' lang='lat' dir='ltr'>Vestrae,</span> 
     </span>
    </p>

    <p class='ocr_par' dir='ltr' id='par_1_11' title="bbox 1178 4988 1229 5043">
     <span class='ocr_line' id='line_1_38' title="bbox 1178 4988 1229 5043; baseline 0.039 -2"><span class='ocrx_word' id='word_1_263' title='bbox 1178 4988 1229 5043; x_wconf 80' lang='lat' dir='ltr'>el*</span> 
     </span>
    </p>
   </div>
   <div class='ocr_carea' id='block_1_11' title="bbox 0 0 1718 5700">
    <p class='ocr_par' dir='ltr' id='par_1_12' title="bbox 0 0 1718 5700">
     <span class='ocr_line' id='line_1_39' title="bbox 0 0 1718 5700; baseline 0 0"><span class='ocrx_word' id='word_1_264' title='bbox 0 0 1718 5700; x_wconf 95' lang='lat' dir='ltr'> </span> 
     </span>
    </p>
   </div>
  </div>
 </body>
</html>
