3425 5700
638 550 886 609 Ηῖὃθὸἱμ

31 772 32 779 ¹
144 696 237 758 hever
264 696 496 777 resolutione,
527 698 563 760 la
593 698 676 780 qual
708 697 872 763 scriveva
900 699 965 761 che
994 694 1262 771 solicitarebbe3
1293 698 1401 761 credo

143 803 196 863 che
220 800 365 866 lacendo
391 813 523 886 quanto
547 804 662 867 scrive
687 805 731 867 V.
746 802 782 869 S.
808 804 955 886 gloveri
980 805 1083 884 assai,
1108 814 1143 868 et
1158 806 1217 869 del
1233 807 1402 868 mandare

140 909 199 971 alla
220 908 311 972 dieta
336 911 381 972 de
404 908 511 992 Spira
542 913 636 973 nella
659 910 774 974 forma
799 913 865 974 che
897 912 1025 975 dicono
1058 912 1176 974 iudico
1210 913 1244 974 el
1267 912 1401 975 medes·

140 1015 214 1078 simo
238 1025 272 1079 et
296 1018 361 1080 che
386 1017 466 1079 sari
490 1019 526 1081 in
550 1018 746 1101 proposito

215 1123 282 1185 Del
296 1124 366 1185 mio
382 1124 528 1204 ritorn0,
547 1126 774 1206 quantunche
791 1125 825 1187 io
844 1124 866 1188 'l
887 1124 1041 1188 desideri
1058 1146 1123 1208 per
1139 1126 1239 1188 molti
1252 1125 1403 1207 rispetti,

140 1249 197 1310 pur
217 1228 250 1292 io
274 1250 345 1293 non
370 1250 414 1293 ne
438 1234 550 1313 pario,
576 1242 611 1294 et
628 1233 789 1295 comeho
805 1233 927 1295 scritto
942 1231 977 1294 io
998 1232 1045 1294 mi
1067 1232 1207 1294 rimetto
1232 1234 1267 1295 al
1282 1234 1404 1295 volere

139 1336 169 1397 di
189 1332 222 1401 S.
246 1334 299 1399 St*
323 1357 423 1401 come
446 1338 482 1401 io
507 1339 625 1401 debbo
650 1338 685 1401 in
710 1347 836 1420 questo
861 1349 897 1401 et
920 1338 955 1401 in
980 1338 1066 1420 ogni
1090 1341 1181 1401 altra
1205 1359 1299 1402 cosa.

215 1443 255 1506 Li
277 1444 392 1507 advisi
417 1446 483 1507 che
508 1444 555 1507 mi
572 1447 667 1508 dona
682 1444 724 1509 V.
742 1444 779 1509 S.
792 1446 839 1507 mi
855 1466 944 1509 sono
961 1445 1154 1526 gratissimi
1176 1456 1211 1508 et
1239 1446 1403 1508 devendo

139 1550 222 1631 dopo
245 1551 279 1613 la
303 1550 427 1633 giunta
451 1553 496 1614 de
520 1572 630 1617 mons.
657 1555 701 1615 de
726 1552 760 1614 la
784 1552 923 1615 Roccia
945 1552 1067 1633 partit,
1093 1572 1205 1633 penso
1230 1554 1296 1615 che
1319 1556 1403 1616 hab·

139 1655 181 1717 bii
202 1658 244 1718 ad
268 1678 387 1721 essere
403 1678 469 1740 per
493 1660 557 1722 dar
581 1661 708 1722 alcuna
731 1661 827 1721 bona
842 1659 1070 1721 conclusione
1086 1680 1131 1721 ne
1147 1659 1172 1721 li
1186 1660 1405 1722 trattamenti

141 1765 178 1824 de
199 1764 231 1826 la
252 1786 341 1847 pace
366 1786 386 1828 0
411 1777 548 1848 tregua,
575 1766 610 1828 di
634 1768 699 1830 che
724 1767 793 1829 Dio
818 1770 851 1829 le
876 1787 921 1829 ne
945 1766 1004 1827 dia
1027 1766 1154 1848 gratia.

217 1871 350 1937 Perche
375 1873 422 1936 mi
445 1894 532 1955 pare
556 1876 813 1957 comprendere
838 1876 904 1936 che
928 1873 971 1937 V.
998 1870 1034 1936 S.
1059 1872 1263 1937 intendesse
1288 1876 1354 1937 che
1371 1875 1404 1937 la

139 1980 384 2058 protestatione
408 1982 554 2045 verbale
577 1982 668 2044 fatta
690 1982 726 2044 in
751 1981 965 2063 Ratispona,
989 1979 1055 2042 nisi
1080 1982 1115 2042 in
1132 1980 1229 2043 dieta
1244 1979 1404 2064 Spirensi

141 2085 223 2149 aliud
250 2087 491 2168 ordinaretur,
530 2110 568 2151 se
601 2088 784 2151 refferisca
817 2090 888 2151 alla
912 2088 1116 2151 conclusion
1140 2086 1261 2149 fecero
1286 2090 1405 2168 quoad

140 2194 309 2256 materiam
332 2194 416 2257 fidei
437 2205 472 2257 et
488 2196 737 2277 extirpationis
752 2194 923 2272 haeresis,
948 2194 1090 2276 quando
1107 2193 1142 2256 in
1158 2204 1283 2275 questo
1300 2212 1405 2256 senso

142 2298 187 2361 sia
206 2299 316 2363 intesa
340 2303 387 2363 da
412 2302 451 2365 N.
479 2299 514 2366 S.
541 2310 576 2364 et
600 2302 642 2365 V.
669 2302 708 2365 S.
733 2302 861 2383 sappia
884 2302 950 2363 che
974 2322 1013 2363 se
1035 2301 1132 2364 forse
1156 2302 1190 2364 le
1213 2303 1336 2382 parole
1362 2304 1407 2364 de

142 2406 244 2469 lamia
255 2409 383 2471 lettera
394 2408 418 2471 il
429 2428 598 2489 suonano,
616 2410 681 2471 che
698 2429 769 2471 non
786 2408 824 2471 fu
841 2428 880 2470 se
895 2428 966 2470 non
990 2429 1111 2471 errore
1125 2410 1257 2490 perche
1274 2429 1343 2489 quo
1360 2410 1406 2471 ad

143 2514 309 2577 materiam
323 2514 406 2578 fidei
419 2518 453 2579 la
466 2517 692 2579 conclusione
715 2515 754 2578 fu
770 2516 935 2577 absoluta
950 2514 1063 2578 libera
1080 2525 1115 2575 et
1134 2534 1285 2597 syncera
1301 2536 1408 2578 sanza

143 2622 256 2683 alcuna
279 2621 488 2686 condicione
513 2643 534 2685 o
557 2622 834 2704 protestatione,
865 2623 900 2683 la
936 2623 1040 2703 quale
1070 2642 1141 2685 non
1165 2622 1203 2684 fu
1227 2622 1318 2685 satta
1341 2622 1407 2686 nisi

145 2730 269 2807 quoad
294 2728 476 2793 materiam
501 2730 776 2808 reformationis,
800 2730 932 2811 perche
948 2731 1075 2794 alcuno
1093 2749 1155 2792 era
1169 2732 1234 2791 che
1258 2730 1408 2792 stimava

145 2834 200 2896 che
221 2837 252 2900 le
276 2858 338 2900 sue
363 2836 540 2900 ordinarie
566 2836 784 2901 iurisdicioni
815 2836 849 2900 in
875 2838 1026 2918 qualche
1057 2857 1141 2899 cosa
1164 2834 1302 2899 iussero
1328 2856 1406 2919 gra-

145 2956 215 3004 vate
237 2955 271 3005 et
299 2947 364 3007 che
396 2946 512 3007 ancho
547 2945 672 3007 ardiva
703 2953 796 3008 sotto
828 2945 987 3006 colorate
1018 2943 1158 3025 ragioni
1193 2943 1228 3006 di
1261 2942 1408 3025 opporsi

147 3052 265 3114 anchor
288 3053 354 3114 che
378 3052 465 3114 nihil
490 3062 702 3114 tractaretur
738 3060 862 3114 contra
897 3051 1190 3130 concubinariOS,
1227 3071 1248 3113 a
1283 3050 1339 3112 cui
1373 3050 1408 3112 io

145 3155 258 3239 risposi
281 3179 380 3221 come
405 3179 450 3222 ne
475 3157 495 3220 l'
513 3160 603 3222 altre
627 3159 697 3222 mie
721 3170 757 3220 et
781 3171 913 3240 quanto
937 3159 967 3221 si
991 3156 1198 3222 conveniva.

223 3263 322 3328 Circa
345 3266 379 3329 le
404 3286 487 3329 cose
510 3267 673 3329 boemice
698 3266 861 3329 existimo
886 3267 965 3328 chel
999 3269 1135 3327 barone
1167 3284 1234 3326 con
1270 3265 1303 3326 le
1336 3263 1407 3325 alli·

143 3378 218 3448 gate
239 3373 354 3435 scriva
377 3394 398 3435 a
421 3373 547 3455 pieno;
582 3377 639 3454 qul
671 3373 690 3435 ὲ
715 3383 846 3435 venuto
871 3394 893 3433 a
917 3380 1042 3453 questo
1067 3370 1291 3434 serenissimo
1316 3371 1407 3452 prin·

142 3475 215 3557 cipe
237 3489 270 3541 et
294 3480 339 3542 ad
364 3499 419 3542 me
444 3501 545 3546 mess,
573 3477 758 3561 Stephano
775 3479 971 3542 Broderico
995 3480 1061 3541 che
1086 3478 1325 3540 ultimamente
1349 3498 1410 3540 era

141 3590 222 3646 costi
245 3595 384 3650 oratore
401 3589 459 3650 del
477 3585 582 3650 serm
607 3589 650 3650 de
676 3587 864 3670 Hungaria
888 3595 925 3649 et
953 3586 999 3648 mi
1023 3588 1069 3648 ha
1091 3593 1234 3666 portate
1257 3595 1347 3646 tutte
1376 3585 1408 3646 le

139 3690 258 3755 lettere
281 3694 403 3756 scritta
428 3695 474 3757 da
498 3695 521 3756 li
546 3695 668 3775 agenti
693 3695 750 3756 del
776 3715 814 3756 re
851 3704 886 3756 et
921 3693 980 3754 del
1003 3693 1050 3754 R.
1076 3691 1341 3774 Strigoniense,
1372 3691 1408 3753 in

139 3799 176 3858 la
197 3798 284 3863 dieta
307 3800 344 3863 di
369 3797 406 3863 S.
432 3801 682 3880 Margheritta;
715 3803 750 3863 la
780 3821 865 3863 cosa
897 3821 958 3862 era
985 3799 1115 3863 ridotta
1149 3801 1214 3861 che
1238 3819 1303 3880 per
1327 3798 1408 3860 tutti

137 3903 162 3965 li
187 3907 289 3969 ordini
316 3907 345 3970 si
370 3908 591 3970 concludeva
627 3909 671 3969 de
708 3907 921 3989 extirpanda
952 3916 1050 3969 secta
1077 3906 1341 3969 Picardicorum
1375 3914 1410 3968 et

135 4012 201 4074 che
221 4013 246 4075 li
268 4013 429 4077 Calistini
453 4024 488 4078 et
512 4015 597 4078 boni
622 4014 805 4078 christiani
835 4013 1024 4076 unirentur
1054 4024 1089 4076 et
1120 4013 1180 4094 poi
1214 4013 1410 4074 dimandas-

133 4138 213 4182 sero
236 4121 361 4184 unione
387 4141 467 4184 cum
490 4122 657 4184 Romana
681 4121 844 4184 Ecclesia
868 4132 903 4183 et
929 4142 950 4183 a
975 4128 1099 4202 questo
1124 4120 1264 4181 dovevo
1293 4139 1412 4181 essere

132 4225 324 4308 chiamato,
359 4228 384 4291 il
421 4229 486 4290 che
519 4230 724 4309 procedeva
758 4229 868 4290 molto
903 4232 1017 4300 bene;
1055 4247 1110 4289 ma
1135 4227 1247 4289 credo
1270 4226 1411 4288 inimico

130 4333 254 4414 spiritu
277 4345 492 4417 procurante
522 4336 720 4398 havendosi
744 4355 765 4396 a
788 4335 866 4397 fare
898 4345 1024 4416 questa
1057 4334 1153 4396 dieta
1191 4351 1212 4394 a
1243 4333 1347 4394 Buda
1377 4331 1412 4393 in

129 4440 224 4504 festo
245 4443 429 4524 proximae
454 4441 649 4506 nativitatis
663 4443 800 4505 Beatae
813 4441 984 4524 Virginis,
1008 4462 1095 4523 pare
1119 4442 1185 4503 che
1203 4439 1226 4502 'l
1249 4461 1288 4502 re
1312 4439 1408 4501 dubi-

128 4549 241 4612 tando
257 4551 320 4614 che
337 4570 409 4613 non
425 4549 561 4612 vellent
578 4549 712 4630 eligere
729 4552 989 4630 gubernatores
1004 4546 1117 4628 regni,
1139 4567 1239 4609 come
1262 4547 1410 4608 intendo

129 4657 198 4718 che
222 4655 275 4719 fra
297 4655 462 4738 Hungari
487 4677 525 4718 se
550 4666 672 4735 tratta,
711 4675 817 4718 sanza
850 4663 979 4736 saputa
1009 4655 1067 4717 del
1099 4653 1247 4716 consilio
1278 4655 1322 4717 ne
1353 4654 1411 4715 del

127 4783 224 4847 gran
248 4764 458 4827 cancelliere
482 4763 609 4826 scrisse
634 4783 655 4826 a
679 4761 812 4826 XXIV
843 4782 998 4843 persone
1029 4763 1074 4823 de
1097 4760 1247 4823 Boemia
1277 4769 1313 4823 et
1336 4761 1414 4826 Mo.

126 4871 232 4938 ravia
245 4874 308 4935 che
326 4871 508 4934 venissero
533 4872 603 4934 alla
627 4869 723 4934 dieta
745 4869 876 4953 meglio
901 4867 1175 4953 accompagnati
1200 4876 1236 4931 et
1260 4885 1326 4931 con
1350 4867 1412 4951 piu
