3425 5700
642 597 871 653 &1304

126 747 311 811 residentia
334 747 395 810 ubi
419 733 633 809 clarissimus
657 765 700 807 ac
724 745 895 827 egregius
919 744 985 807 Vir
1000 746 1166 811 Andreas
1190 749 1308 814 Harer
1331 753 1396 814 Ar-

128 855 203 917 tium
228 866 263 918 et
286 853 381 934 Juris
405 854 587 932 utriusque
615 851 751 914 Ductor
784 851 818 913 in
850 851 1014 914 manibus
1045 853 1116 917 suis
1141 864 1266 919 tenens
1291 879 1396 939 quen·

129 964 198 1024 dam
223 961 340 1043 papiri
365 962 533 1024 schedam
550 959 667 1021 animo
692 970 728 1021 et
751 958 947 1022 intentione
964 963 1188 1040 protestandi
1209 984 1316 1046 super
1340 987 1397 1029 ne·

128 1069 224 1151 goeio
248 1071 284 1131 in
300 1069 396 1131 dicta
410 1065 679 1149 protestationis
694 1066 827 1128 scheda
843 1071 1112 1147 comprehenso,
1136 1090 1241 1150 quam
1256 1072 1397 1153 quidem

131 1177 287 1238 schedam
313 1176 428 1237 dictus
445 1173 616 1236 Dominus
633 1175 759 1237 doctor
774 1173 940 1236 Andreas
964 1175 1009 1236 de
1033 1176 1200 1239 mandato
1225 1178 1399 1243 dictorum

130 1284 349 1347 Dominorum
364 1282 532 1345 Rectoris
548 1279 742 1361 Magnifici,
761 1281 997 1360 Decanorum,
1022 1295 1301 1366 procuratorum,
1320 1307 1398 1350 con·

131 1391 331 1454 siliariornm
365 1400 401 1452 et
425 1409 643 1452 assessorum
667 1389 929 1469 predictorum,
960 1409 1079 1452 coram
1113 1412 1168 1454 me
1197 1394 1335 1457 notario
1365 1406 1400 1456 et

131 1499 271 1560 testibus
295 1496 533 1577 infrascriptis
558 1495 700 1578 publice
733 1507 767 1557 et
792 1497 863 1557 alta
888 1516 977 1557 voce
1002 1506 1037 1563 et
1061 1496 1276 1581 intelligibili
1301 1503 1399 1582 legit,

131 1605 220 1686 cujus
244 1616 345 1668 tenor
362 1603 520 1685 sequitur
538 1604 572 1664 in
589 1605 679 1665 haec
698 1605 824 1664 verba:
851 1602 925 1665 Nos
940 1603 1097 1682 Joannes
1114 1605 1280 1671 Ubeulhe
1298 1609 1397 1671 Heir-

132 1733 179 1774 ser
200 1713 328 1774 artium
357 1723 391 1774 et
417 1711 671 1774 saluberrimae
706 1711 904 1772 medicinae
936 1711 1062 1774 doctor
1093 1733 1134 1774 ac
1168 1715 1281 1777 almae
1318 1717 1398 1778 Uni·

131 1819 299 1882 versitatis
329 1817 435 1882 studii
460 1818 623 1880 Viennae
649 1817 798 1894 Rector,
825 1816 970 1898 Nosque
990 1817 1127 1880 Decani
1151 1835 1401 1901 procuratores

133 1925 324 1988 Consiliarii
357 1935 393 1988 et
418 1945 617 1987 assessores
648 1924 777 1986 dictam
803 1924 1081 1989 Universitatem
1112 1941 1402 2009 representantes

132 2035 276 2111 nomine,
302 2032 393 2112 vice,
418 2053 459 2094 ac
484 2033 529 2094 de
553 2030 800 2095 commissione
824 2033 932 2094 totius
956 2034 1195 2096 universitatis
1225 2047 1260 2098 et
1284 2037 1400 2120 singu·

131 2141 232 2203 larum
256 2160 489 2222 personarum
520 2150 556 2202 et
588 2142 824 2202 membrorum
857 2141 1013 2220 ejusdem
1044 2161 1163 2203 coram
1199 2144 1302 2206 vobis
1333 2145 1399 2206 No·

132 2248 212 2310 tario
232 2247 375 2330 publico
400 2257 435 2309 et
459 2247 609 2309 testibus
624 2247 848 2328 presentibus
874 2246 965 2308 infra
991 2258 1112 2309 notata
1135 2250 1342 2313 deducimus
1368 2263 1402 2313 et

132 2365 378 2434 protestamur:
401 2355 515 2435 Quum
532 2373 647 2434 nuper
661 2373 726 2434 per
744 2354 920 2434 quendam
938 2354 1110 2432 Joannem
1127 2357 1272 2420 Echium
1289 2359 1402 2420 Theo·

132 2464 244 2542 logum
260 2472 298 2523 ut
322 2461 512 2523 videbatur
534 2470 652 2523 certae
673 2460 812 2522 litterae
833 2461 999 2522 missivae
1016 2462 1061 2522 ad
1086 2482 1152 2525 nos
1176 2475 1212 2526 et
1235 2463 1404 2527 universi·

134 2579 231 2631 tatem
260 2567 456 2650 predictam
488 2567 677 2647 negocium
702 2567 843 2629 Domini
871 2567 1014 2629 Martini
1038 2569 1185 2632 Lutheri
1214 2582 1404 2653 tangentes

134 2676 250 2738 missae
281 2675 447 2738 fuissent:
497 2674 570 2736 Nos
601 2675 739 2737 Rector
770 2683 852 2736 ante
886 2675 1085 2737 nominatus
1116 2686 1154 2738 ut
1185 2679 1404 2742 debebamus

134 2783 246 2845 literas
270 2781 535 2865 prenominatas
560 2783 605 2844 ad
631 2792 796 2863 quattuor
820 2781 1009 2843 facultates
1034 2783 1288 2847 transmisimus
1313 2807 1404 2867 quae

134 2910 247 2954 omnes
271 2904 306 2953 et
331 2892 492 2973 singulae
517 2890 705 2971 negocium
721 2899 855 2953 mature
872 2899 908 2952 et
924 2889 1064 2972 digeste
1082 2892 1322 2954 deliberantes
1337 2894 1403 2955 sin·

133 2999 210 3078 gula
234 3009 316 3061 vota
329 3019 393 3061 sua
405 2999 508 3078 juxta
523 2996 764 3059 universitatis
781 2997 1074 3059 consuetudinem
1091 3002 1303 3062 attulerunt:
1329 3000 1402 3062 Nos

135 3106 248 3188 itaque
271 3108 409 3170 Rector
433 3106 631 3187 praefatus,
657 3104 741 3166 visis
765 3104 973 3166 facultatum
996 3105 1099 3186 votis,
1124 3116 1249 3186 aperte
1272 3106 1405 3170 inveni-

135 3234 205 3275 mus
230 3225 301 3277 tres
327 3214 514 3275 facultates
539 3210 707 3275 concordi
732 3223 816 3273 voto
841 3232 916 3273 rern
940 3220 1011 3272 tarn
1036 3214 1182 3274 arduam
1207 3214 1322 3275 causis
1337 3235 1406 3276 mo·

136 3321 293 3383 ventibus
326 3320 614 3401 suspendendam
650 3318 743 3389 fore;
776 3316 979 3379 considerat
1012 3338 1163 3399 namque
1194 3319 1406 3382 universitas

136 3447 207 3490 esse
238 3428 272 3491 in
304 3426 495 3491 Germania
524 3424 877 3488 Reverendissimum
911 3425 954 3487 D.
981 3426 1299 3507 Archiepiscopum
1331 3428 1404 3489 Ma-

136 3535 348 3611 guntinensis
371 3532 552 3597 Ecclesiae
578 3532 636 3614 qui
661 3540 700 3592 ut
714 3531 845 3613 primas
866 3530 1077 3594 Germaniae
1096 3532 1213 3595 extitit
1235 3546 1270 3595 et
1287 3534 1405 3596 Cardi-

137 3642 221 3705 nalis
251 3663 272 3704 a
309 3644 421 3704 latere
453 3639 630 3721 pontificis
663 3637 816 3700 romani:
851 3636 1021 3700 Similiter
1051 3640 1405 3704 Reverendissimum

136 3760 268 3826 patrem
297 3759 332 3811 et
353 3749 542 3811 Dominum
568 3746 887 3826 Archiepiscopum
913 3742 1201 3829 Saltzpurgensis
1223 3748 1406 3811 Ecclesiae

136 3855 262 3935 pariter
293 3878 313 3919 a
345 3858 455 3918 latere
488 3852 664 3935 pontificis
697 3852 820 3913 summi
854 3852 1084 3917 existentem:
1123 3864 1280 3918 tacemus
1313 3876 1406 3919 nunc

136 3962 176 4021 de
198 3962 340 4044 reliquis
367 3960 673 4042 ArchiepiscopiS,
708 3959 914 4042 Episcopis,
946 3961 1133 4041 Praelatis‚
1166 3962 1403 4044 Principibus,

138 4068 427 4149 universitatibus
453 4068 761 4131 communitatibus
786 4067 936 4128 ubilibet
950 4086 1016 4148 per
1031 4067 1259 4133 Germaniam
1281 4070 1404 4133 consti·

138 4176 215 4237 tutis
238 4178 283 4238 ad
306 4197 394 4258 quos
419 4197 540 4239 omnes
564 4176 689 4257 procul
714 4174 821 4236 dubio
838 4175 1037 4255 hujusmodi
1059 4186 1262 4258 tansumpta
1289 4179 1407 4239 bullae

140 4282 361 4363 Apostolicae
393 4291 650 4367 pervenerunt,
690 4282 749 4363 qui
781 4284 849 4343 huc
882 4301 993 4362 usque
1023 4302 1093 4344 non
1125 4283 1408 4364 publicaverunt,

141 4410 198 4451 nec
222 4395 391 4471 opuscula
415 4391 561 4453 Lutberi
584 4389 658 4471 igni
683 4388 924 4451 tradiderunt:
956 4400 1144 4469 praeterea
1168 4412 1246 4452 curn
1270 4390 1407 4453 univer-

140 4496 217 4558 sitas
246 4498 478 4562 samosissima
510 4498 616 4559 studii
641 4493 844 4577 parisiensis
874 4515 964 4575 quae
988 4506 1110 4558 nostra
1133 4507 1247 4559 mater
1271 4510 1337 4576 est,
1363 4500 1408 4559 ad

142 4604 229 4683 cujus
253 4606 362 4669 instar
388 4616 544 4667 nostram
578 4602 833 4666 universitaten
858 4601 1042 4664 fundatam
1067 4624 1146 4666 esse
1170 4604 1309 4667 litterae
1333 4604 1407 4666 fun-

142 4711 288 4775 dationis
318 4723 441 4796 aperte
480 4713 625 4791 docent,
658 4730 749 4791 quae
775 4709 927 4789 denique
957 4709 1164 4789 parisiensis
1197 4712 1409 4774 universitas

143 4836 201 4895 per
223 4818 411 4883 Martinum
446 4820 638 4881 Lutherum
670 4827 704 4878 et
729 4816 902 4894 Joannem
927 4816 1074 4879 Echium
1105 4818 1139 4879 in
1172 4818 1409 4899 disputatione

144 4923 294 5005 lipsiensi
321 4948 461 4990 suarum
487 4926 744 4988 dissensionum
768 4923 886 5001 Judex
911 4926 1026 4987 electa
1055 4945 1165 5008 usque
1197 4927 1232 4988 in
1263 4947 1410 5009 presens
