3425 5700
813 513 1043 570 0340&

284 665 333 729 lui
357 685 427 727 non
452 666 602 727 havesse
627 661 845 724 conscientia
870 660 906 721 di
929 668 1051 722 trovar
1075 680 1122 721 un
1147 669 1298 742 peccato
1322 660 1358 722 di
1380 661 1564 724 manifesta

285 772 440 854 buggia,
473 771 506 833 el
538 771 620 852 qual
645 789 715 831 non
740 749 856 830 havea
880 777 994 829 temor
1018 766 1054 829 di
1077 766 1197 829 ruinar
1221 769 1256 828 la
1280 767 1409 832 Chiesa
1433 768 1469 830 di
1490 769 1555 832 Dio

286 881 390 943 Adeo
425 898 491 940 con
523 885 613 938 tutte
643 878 677 938 10
707 874 764 937 vie
789 876 822 936 el
846 874 877 936 si
900 873 1016 936 sforza
1040 875 1176 936 condur
1199 876 1233 936 al
1257 874 1328 937 fine
1351 877 1387 938 la
1410 897 1474 938 sua
1499 875 1564 938 dia·

286 987 404 1052 bolica
427 985 591 1068 impresa.

372 1094 487 1158 Tanto
522 1091 589 1154 eil
619 1089 723 1154 favor
752 1094 817 1153 che
852 1089 969 1170 questi
1001 1089 1129 1152 ribaldi
1160 1087 1270 1150 fanno
1294 1110 1316 1150 a
1340 1090 1476 1152 Luther
1504 1093 1567 1154 che

286 1201 401 1263 alcuni
434 1199 468 1261 di
500 1200 577 1261 loro
611 1200 730 1260 hanno
762 1200 895 1260 havuto
929 1196 1026 1259 ardir
1055 1195 1199 1277 publice
1224 1216 1332 1278 sopra
1364 1199 1399 1259 la
1432 1197 1569 1278 piaccia

286 1307 377 1386 dire,
411 1307 636 1389 desputando
662 1316 787 1368 contra
811 1325 857 1367 un
882 1306 988 1367 homo
1014 1305 1061 1366 da
1086 1307 1154 1366 ben
1179 1306 1374 1386 spagnolo,
1407 1306 1474 1366 che
1500 1325 1568 1366 000

286 1413 541 1496 emeraveglia
566 1433 604 1476 se
621 1413 754 1476 Luther
774 1413 793 1474 e
817 1413 862 1475 da
885 1411 947 1493 piu
971 1414 1037 1475 che
1063 1409 1175 1474 Santo
1200 1410 1413 1492 Augustino,
1437 1411 1569 1493 perche

286 1532 387 1584 santo
413 1519 614 1604 Augustino
647 1520 685 1582 fu
715 1529 907 1601 peccatore
939 1530 975 1582 et
1005 1527 1114 1600 puote
1147 1538 1284 1597 errare,
1319 1528 1355 1581 et
1386 1519 1482 1598 erro,
1516 1540 1571 1581 ma

286 1629 420 1692 Luther
450 1636 504 1690 est
533 1627 608 1690 sine
633 1627 704 1689 ullo
729 1636 897 1708 peccato,
932 1635 968 1688 et
992 1625 1080 1707 pero
1105 1646 1177 1688 non
1200 1627 1248 1687 ha
1272 1625 1340 1688 mai
1364 1635 1503 1706 errato,
1537 1637 1571 1688 et

285 1739 352 1799 hoc
382 1735 551 1798 dicebant
581 1734 616 1796 in
649 1753 779 1815 magna
811 1734 935 1817 populi
967 1753 1100 1796 corona
1128 1733 1163 1794 in
1195 1733 1311 1795 medio
1340 1732 1429 1795 foro.
1478 1733 1571 1796 Pero

285 1843 307 1906 l'
325 1844 444 1905 hanno
470 1844 625 1922 depento
651 1842 696 1903 da
720 1861 837 1903 nuovo
864 1861 930 1902 000
955 1842 990 1902 10
1004 1842 1169 1902 columba
1185 1840 1221 1902 in
1238 1860 1340 1921 capo,
1365 1842 1450 1902 etia
1466 1860 1572 1902 croce

286 1950 322 2012 di
347 1950 477 2012 Nostro
503 1945 674 2029 Signore,
708 1958 743 2010 et
775 1950 811 2010 in
841 1949 931 2010 altre
962 1946 1117 2028 imagine
1148 1965 1214 2008 con
1240 1948 1274 2008 la
1299 1947 1463 2010 diadema
1488 1951 1571 2010 irra-

287 2056 393 2136 diata,
419 2067 453 2119 et
476 2058 511 2118 10
535 2035 719 2134 0000000,
745 2063 779 2116 et
803 2054 961 2117 lasciano
987 2064 1023 2116 et
1046 2064 1198 2135 portano
1223 2055 1282 2115 001
1308 2055 1452 2135 palazo:
1479 2055 1573 2116 veda

288 2164 420 2226 Vostra
444 2160 612 2244 Signoria
636 2161 954 2224 Reverendissima
977 2159 999 2222 0
1023 2161 1116 2222 mani
1148 2161 1193 2222 de
1224 2161 1292 2222 che
1315 2169 1424 2240 gente
1449 2161 1574 2240 siamo,

286 2273 320 2334 la
345 2273 427 2352 qual
450 2271 486 2333 in
511 2289 597 2332 vero
622 2289 693 2331 non
718 2269 737 2330 e
761 2267 821 2351 piu
846 2268 966 2348 quella
983 2267 1159 2329 catholica
1176 2265 1381 2348 Germania,
1406 2270 1471 2330 che
1490 2269 1575 2331 olim

287 2399 365 2450 era:
390 2397 458 2460 pur
482 2379 548 2440 che
572 2398 642 2439 non
667 2377 832 2439 vodiamo
856 2375 1003 2456 peggio,
1027 2377 1123 2456 quod
1147 2376 1245 2438 Deus
1269 2384 1418 2438 avertat.

375 2485 523 2548 Erasmo
548 2483 632 2566 ogni
657 2486 691 2545 (11
718 2485 846 2546 manda
870 2483 930 2564 qui
953 2485 1077 2561 lettre,
1102 2481 1329 2564 messagieri,
1356 2490 1391 2544 et
1415 2483 1575 2560 corrieri,

287 2591 526 2655 excusandosi
550 2593 642 2653 dove
669 2593 701 2653 01
726 2611 796 2653 000
822 2591 839 2653 o
865 2601 1043 2670 accusat0,
1068 2591 1134 2653 che
1159 2589 1207 2651 lui
1231 2610 1304 2652 non
1328 2610 1368 2651 sa
1392 2590 1514 2652 niente
1540 2588 1575 2651 di

287 2698 375 2762 certi
400 2697 489 2777 libri,
515 2698 540 2760 11
563 2698 658 2779 quali
683 2698 730 2760 lui
756 2697 882 2776 scrive,
908 2697 973 2760 che
989 2681 1144 2759 Martino
1170 2697 1189 2759 ὲ
1214 2717 1279 2778 per
1302 2716 1416 2778 negar
1435 2697 1577 2759 haverli

287 2805 481 2888 composti,
515 2816 549 2868 et
580 2803 783 2868 finalmente
816 2806 848 2867 01
878 2807 974 2867 buon
999 2803 1147 2867 Erasmo
1175 2803 1212 2866 fa
1245 2805 1296 2866 tal
1329 2803 1578 2884 excusatione,

287 2916 353 2976 che
378 2922 413 2975 et
438 2912 563 2991 Cesar,
591 2923 627 2975 et
650 2912 749 2975 multi
773 2912 818 2974 de
843 2910 979 2973 meliori
1005 2921 1091 2974 nota
1116 2912 1162 2973 da
1185 2932 1224 2973 se
1248 2910 1430 2974 medesimi
1453 2914 1578 2975 hanno

287 3041 393 3103 prese
418 3018 632 3099 suspitione,
657 3021 737 3081 chel
761 3038 831 3080 non
857 3018 909 3079 sia
932 3020 1051 3098 quello
1075 3020 1141 3081 che
1165 3018 1200 3081 io
1224 3019 1270 3081 ho
1295 3017 1355 3100 gia
1379 3018 1515 3098 scritt0‚
1543 3028 1580 3081 et

287 3128 434 3209 tengolo
467 3146 533 3207 per
564 3134 680 3206 certo,
714 3145 822 3188 ancor
852 3127 918 3187 che
953 3125 1012 3206 qui
1043 3124 1078 3186 io
1109 3126 1145 3186 lo
1177 3125 1369 3190 dissimulo
1424 3127 1504 3189 Bon
1530 3127 1579 3189 mi

289 3232 507 3315 meraveglia
539 3234 606 3295 che
637 3234 670 3295 le
703 3232 771 3295 mie
802 3234 907 3295 lettre
940 3230 1029 3294 costi
1054 3231 1144 3294 siino
1168 3234 1425 3296 communicate
1442 3233 1470 3295 a
1495 3254 1578 3315 per·

288 3362 388 3420 sone,
412 3341 507 3403 dalle
531 3339 627 3421 quali
648 3360 746 3420 pare,
771 3340 837 3402 che
851 3340 998 3402 Erasmo
1014 3339 1056 3401 sii
1074 3339 1236 3402 advisato
1252 3341 1297 3402 de
1312 3341 1346 3402 10
1364 3341 1429 3403 0110
1445 3342 1579 3423 scrivo,

289 3448 421 3529 perche
441 3468 496 3510 me
511 3467 556 3509 ne
572 3446 608 3509 fa
625 3466 689 3527 per
706 3466 769 3509 sue
786 3448 891 3509 lettre
908 3445 1036 3526 grandi
1054 3446 1222 3527 querelle‚
1247 3457 1283 3509 et
1300 3447 1345 3509 ad
1369 3447 1445 3511 suoi
1470 3449 1580 3511 amici

290 3554 479 3618 scrivendo
497 3554 542 3617 mi
561 3555 605 3615 da
630 3554 665 3614 di
681 3552 789 3616 strani
815 3554 932 3631 morsi,
957 3552 1002 3615 de
1026 3552 1122 3633 quali
1138 3553 1313 3635 pero'non
1338 3575 1393 3617 me
1410 3574 1455 3616 ne
1471 3574 1580 3624 curo;

288 3682 355 3744 pur
388 3682 426 3724 se
458 3664 636 3724 vorrebbe
667 3663 779 3723 haver
813 3660 964 3741 qualche
997 3660 1194 3741 resguardo
1226 3662 1343 3723 almeo
1370 3663 1442 3724 alla
1465 3681 1580 3725 causa

289 3768 468 3832 universal
501 3769 596 3830 (10110
627 3768 709 3831 fede
744 3776 779 3831 et
803 3766 932 3830 Chiesa
962 3767 999 3828 di
1023 3766 1110 3846 Dio,
1143 3788 1181 3829 se
1213 3789 1283 3830 non
1314 3770 1349 3831 al
1373 3767 1462 3831 fatto
1492 3768 1580 3847 mio,

289 3876 543 3957 specialmente
568 3886 703 3938 mentre
728 3876 794 3937 che
818 3883 874 3936 sto
898 3874 932 3935 in
958 3882 1083 3955 queste
1107 3874 1211 3956 parti,
1237 3884 1273 3937 et
1288 3876 1349 3955 poi
1370 3897 1408 3938 se
1424 3876 1581 3940 Erasmo

288 3982 524 4067 perseverarit
554 3981 608 4044 dir
632 3984 699 4045 mai
725 3982 758 4043 d’
775 3981 873 4060 altri,
908 3980 1052 4043 trovara
1079 3984 1149 4044 ben
1175 3981 1230 4044 chi
1256 3982 1333 4045 dira
1357 3993 1393 4046 et
1416 3983 1583 4048 scrivere

288 4090 424 4174 peggio
452 4088 487 4151 di
512 4088 560 4151 lui
585 4110 651 4152 con
676 4088 736 4171 piu
760 4086 876 4150 verita
901 4097 936 4149 et
960 4087 1101 4170 miglior
1124 4087 1366 4153 fundamento,

379 4199 479 4260 Bono
498 4200 664 4272 sarebbe,
690 4197 769 4258 anci
786 4195 999 4277 necessario,
1024 4217 1125 4259 come
1147 4198 1195 4260 ho
1219 4197 1342 4261 scritto
1366 4197 1425 4259 alli
1442 4199 1476 4259 di
1494 4218 1580 4279 pas·

290 4307 366 4386 sati,
392 4304 525 4367 scriver
545 4324 592 4366 un
610 4306 720 4366 breve
736 4323 757 4365 0
774 4301 883 4365 Cesar
904 4303 1185 4366 commendando
1204 4305 1320 4385 questi
1336 4303 1442 4367 buoni
1460 4303 1581 4369 effetti

290 4422 325 4475 et
349 4412 611 4476 exhortandolo
636 4433 657 4473 a
679 4430 913 4492 perseverare
938 4431 1004 4473 con
1030 4420 1171 4492 quattro
1195 4414 1320 4493 parole
1345 4412 1380 4474 di
1397 4413 1582 4477 credenza

289 4520 367 4582 acio
393 4518 422 4582 si
447 4516 634 4580 rinfreschi
659 4519 693 4579 10
718 4538 812 4580 cosa.

379 4623 598 4688 Similmente
623 4623 869 4687 alcuni'Brevi
894 4643 1004 4686 ancor
1027 4627 1072 4687 ad
1097 4625 1121 4687 li
1145 4625 1375 4688 commissarii
1400 4635 1435 4688 et
1459 4625 1580 4689 Card¹i

291 4741 326 4795 et
351 4734 477 4795 lettere
502 4731 537 4792 di
562 4730 606 4793 V.
632 4728 668 4793 S.
693 4731 769 4793 Rm·
792 4731 828 4793 in
852 4731 1016 4793 francese
1041 4753 1062 4793 a
1078 4732 1258 4813 ChievreS,
1283 4735 1438 4814 perche
1462 4736 1581 4799 molto

290 4837 528 4920 gioveranno,
552 4858 571 4899 e
597 4836 759 4919 supplico
791 4838 820 4900 si
851 4836 1021 4900 habbiino
1046 4838 1188 4901 subbito
1214 4850 1249 4902 et
1281 4860 1353 4902 non
1378 4840 1407 4902 si
1430 4843 1581 4904 manchi
