3425 5700
675 510 921 599 sassie*

161 680 282 745 tiorem
307 686 510 765 reddendo,
536 687 686 749 studebo
712 710 852 771 semper
876 689 1145 771 diligentissime
1171 699 1339 768 quantum
1375 687 1440 747 erit

159 788 191 849 in
221 810 277 852 me
311 800 349 853 ut
380 792 497 855 omnia
527 804 683 875 prestem
718 816 939 877 quecumque
972 816 993 857 a
1027 794 1234 857 fidelissimo
1266 792 1440 855 servitore

159 908 306 976 possunt
331 900 525 981 expectari,
551 901 658 982 idque
682 904 739 964 vel
765 906 811 965 ob
835 904 902 965 hoc
919 902 1124 984 diligentius
1148 920 1271 963 curare
1295 919 1439 981 possum

159 1015 347 1086 postquam
385 1006 482 1069 evasi
517 1006 585 1069 iam
621 1008 707 1072 illud
742 1010 937 1091 periculum
974 1010 1068 1091 quod
1093 1007 1192 1090 quasi
1217 1006 1379 1070 incautus
1404 1014 1440 1068 et

159 1130 201 1172 ex
228 1110 424 1193 improviso
457 1114 583 1176 diebus
616 1117 859 1197 superioribus
887 1116 1080 1179 incideram
1117 1136 1222 1195 quum
1256 1133 1312 1176 me
1337 1122 1372 1175 et
1396 1112 1440 1174 ci·

158 1217 303 1281 vitatem
339 1220 429 1282 hanc
465 1220 693 1284 tridentinam
727 1224 869 1286 Rustici
897 1225 1023 1285 horum
1054 1220 1243 1283 confinium
1274 1228 1309 1282 et
1333 1218 1439 1281 alieni

159 1334 190 1386 et
214 1324 284 1387 mei
308 1347 354 1388 ex
377 1326 558 1409 insperato
584 1328 926 1391 circumvelaverant
949 1332 1031 1391 dum
1057 1327 1318 1410 presensissent
1342 1326 1436 1405 quod

159 1430 252 1493 Serus
272 1432 444 1515 Princeps
468 1434 699 1497 constituerat
724 1458 770 1500 ex
794 1438 861 1499 hoc
887 1440 965 1499 loco
980 1435 1082 1499 sicuti
1099 1434 1283 1497 commodo
1300 1452 1439 1494 sumere

158 1540 326 1602 ultionem
351 1541 521 1603 adversus
545 1546 734 1605 nonnullos
758 1544 915 1625 ipsorum
940 1554 975 1605 et
999 1544 1066 1605 iarn
1091 1545 1160 1605 huc
1184 1541 1338 1622 cepisset
1361 1559 1437 1621 pre·

157 1646 296 1709 mittere
321 1648 456 1729 aliquot
482 1648 639 1729 pedites,
666 1650 764 1712 cuius
785 1650 836 1714 rei
862 1671 968 1713 causa
987 1672 1091 1732 quam
1116 1651 1304 1711 voluerant
1331 1644 1438 1708 iidem

157 1754 278 1815 rustici
289 1754 515 1835 praevenire;
530 1758 592 1817 sed
608 1776 728 1819 eorum
742 1768 890 1820 conatus
901 1757 989 1820 irriti
999 1758 1151 1820 fuerunt.
1163 1756 1281 1819 Unum
1290 1774 1360 1815 non
1370 1772 1438 1815 orn·
1482 1833 1493 1853 x

158 1860 291 1923 mittam
316 1861 361 1923 de
385 1882 454 1943 quo
486 1882 541 1924 me
565 1864 748 1944 praeteriti
767 1866 941 1927 ‘tumultus
966 1873 1002 1926 et
1024 1862 1218 1926 seditiones
1242 1861 1436 1924 admonent

157 1970 348 2048 plerosque
373 1969 578 2031 sacerdotes
602 1970 657 2032 his
688 1970 775 2054 ipsis
807 1971 1042 2034 seditionibus
1072 1969 1228 2033 irretitos
1263 1967 1372 2029 fuisse
1404 1974 1438 2027 et

158 2074 269 2136 debiti
294 2074 347 2136 sui
371 2095 496 2156 parum
521 2096 694 2139 memores
725 2076 844 2158 ignem
878 2098 1065 2140 accensum
1097 2096 1167 2139 non
1198 2084 1334 2137 tantum
1366 2092 1437 2135 non

157 2180 354 2245 extinxisse
378 2202 498 2245 verum
525 2182 632 2245 etiam
656 2193 694 2246 ut
718 2184 833 2246 acrius
866 2186 1141 2247 succenderetur
1171 2182 1318 2261 favisse,
1337 2178 1442 2253 ‚nihil

157 2308 302 2369 prorsus
326 2288 485 2351 omisisse
510 2292 688 2371 loquendo
714 2303 749 2353 et
773 2292 963 2355 scribendo
990 2292 1084 2372 quod
1108 2291 1153 2352 ad
1177 2310 1295 2352 rerum
1319 2286 1435 2349 interi·

157 2407 227 2457 tum
254 2404 290 2457 et
314 2396 501 2477 pernitiem
526 2396 677 2479 faceret,
712 2408 835 2461 contra
870 2418 958 2480 quos
981 2401 1074 2461 bene
1099 2397 1314 2459 conduceret
1337 2393 1435 2476 quip-

157 2501 250 2582 piam
282 2502 412 2564 remitti
441 2504 485 2563 de
517 2522 559 2565 eo
596 2505 690 2584 quod
727 2505 884 2587 alioquin
920 2506 996 2567 iura
1033 2511 1229 2567 sanxerunt
1265 2502 1436 2565 adversus

157 2608 362 2671 sacerdotes
385 2609 510 2671 horum
534 2610 676 2691 noxios,
701 2624 739 2672 ut
763 2613 876 2693 magis
901 2612 1145 2694 temporaliter
1167 2609 1276 2692 plecti
1299 2606 1436 2689 possint

158 2736 262 2795 quam
287 2714 530 2796 spiritualibus
554 2717 680 2798 poenis
705 2718 844 2799 subiici,
870 2740 961 2801 quae
986 2718 1140 2781 criminis
1164 2714 1342 2779 atrocitati
1366 2734 1436 2776 non

157 2820 241 2884 satis
274 2824 570 2904 correspondent;
605 2825 699 2905 quod
724 2824 774 2886 V·
802 2824 847 2887 Βο
883 2826 997 2906 magis
1030 2824 1128 2888 cordi
1163 2825 1305 2900 habeat,
1330 2820 1435 2885 velim

157 2930 251 2992 illam
277 2949 348 2992 non
373 2931 485 2993 latere
510 2931 601 2994 inter
624 2933 689 2994 hos
715 2933 852 3014 pedites
881 2933 940 3015 qui
971 2933 1028 2995 hic
1062 2932 1205 2995 fuerunt
1236 2950 1302 3012 pro
1334 2928 1436 2990 casti·

159 3035 361 3117 gationibus
392 3039 517 3100 horum
551 3039 770 3102 subditorum
808 3052 844 3103 et
881 3041 971 3103 ser11¹¹
1000 3038 1170 3121 principis
1205 3046 1241 3100 et
1279 3056 1435 3098 meorum

159 3154 359 3225 compertos
382 3143 492 3207 fuisse
517 3147 608 3207 ultra
638 3157 779 3210 centum
813 3148 1006 3210 monachos
1038 3155 1073 3209 et
1108 3146 1286 3208 seculares
1321 3163 1434 3204 sacer·

160 3252 259 3314 dotes
283 3250 344 3332 qui
375 3251 479 3313 huius
514 3251 646 3315 saeculi
681 3253 840 3317 militiam
877 3253 1023 3318 coelesti
1057 3251 1322 3334 preponendam
1358 3269 1437 3312 esse

160 3358 346 3434 duxerunt)
371 3368 407 3419 ut
432 3378 521 3440 opus
546 3379 624 3421 esse
649 3379 813 3422 censeam
836 3372 898 3422 v⁸¹²¹
922 3363 970 3423 b¹¹¹
996 3361 1191 3441 prudenter
1222 3368 1257 3421 et
1285 3361 1436 3421 solerter

160 3464 346 3526 advertere
369 3465 414 3526 ad
440 3485 559 3528 curam
572 3465 747 3529 Dominici
772 3466 905 3548 gregis,
922 3467 1080 3549 alioquin
1095 3465 1283 3547 plurimum
1307 3484 1435 3527 vereor

161 3572 253 3652 quod
289 3571 333 3632 de
358 3568 548 3634 Germania
579 3592 724 3655 prorsus
750 3573 815 3635 erit
839 3574 1122 3654 desperandum,
1158 3572 1187 3634 si
1216 3591 1354 3634 erorres
1386 3569 1436 3633 illi

162 3676 289 3740 diutius
321 3677 454 3740 fuerint
478 3679 679 3760 supportati
809 3681 864 3742 Ex
900 3679 1071 3742 Tridento
1102 3679 1241 3742 decima
1269 3677 1436 3742 Octobris

161 3783 358 3848 MDXXV.
