3425 5700
637 563 886 626 &latim-³

142 711 274 798 flagrare
305 714 488 796 incendio,
525 717 738 781 stabilienda
769 715 891 780 veniat
923 735 967 778 ne
996 713 1162 779 concidat
1193 713 1335 780 omnino
1366 711 1402 779 in

142 835 283 906 apertum
306 825 525 909 Reipublice
550 824 750 888 Christiane
784 826 925 904 malum,
951 843 1061 904 cogor
1095 823 1251 906 undique
1287 844 1401 886 corra-

142 933 212 994 dere
236 953 291 1013 es,
326 951 397 1014 quo
420 931 450 995 si
479 952 549 994 non
573 952 770 1013 emergam,
796 932 892 1014 quod
920 931 1064 994 tandem
1092 931 1267 993 concedat
1291 932 1402 1011 Deus,

142 1039 247 1100 saltem
280 1040 464 1101 sublevem
497 1047 533 1100 et
557 1037 766 1100 subfulciam
801 1037 1001 1101 notissimas
1035 1057 1132 1101 meas
1165 1035 1402 1102 difficultates.

141 1145 246 1227 ltaque
278 1143 439 1228 supplico
475 1144 694 1209 Beatitudini
725 1145 855 1208 Vestre
895 1154 932 1207 ut
965 1165 1135 1208 summam
1167 1144 1342 1226 prefatam
1374 1144 1403 1207 si

140 1252 278 1314 nondum
315 1261 409 1314 esset
444 1252 668 1332 demandata,
704 1251 818 1314 Nobis
849 1271 914 1334 per
945 1251 1205 1315 Nummularios
1229 1250 1401 1314 Fuccarei

140 1357 237 1420 banci
262 1360 470 1421 solvendam
493 1359 614 1422 iubeat
638 1358 714 1421 sine
739 1359 974 1423 cunctatione.
1014 1357 1308 1439 Quandoquidem
1333 1379 1404 1421 non

140 1464 257 1526 desisto
288 1465 378 1528 inire
402 1486 659 1548 quamcumque
682 1466 874 1548 rationem,
907 1486 976 1547 qua
1000 1465 1107 1528 liceat
1130 1465 1165 1527 in
1189 1465 1243 1528 his
1267 1465 1403 1548 pericu-

140 1571 306 1634 losissimis
341 1574 628 1655 Decumanisque
661 1573 827 1637 fluctibus
863 1574 1004 1636 cadenti
1040 1593 1247 1636 succurrere
1280 1571 1402 1636 Sacer-

140 1679 233 1759 dotio,
257 1700 279 1741 a
302 1700 373 1761 quo
388 1680 427 1759 si,
445 1683 611 1762 neglecta
633 1680 779 1762 pietate,
803 1679 957 1762 iniquior
980 1701 1059 1743 esse
1083 1682 1199 1761 velim,
1225 1682 1320 1744 haud
1345 1681 1404 1742 diu

139 1786 239 1847 aberit
272 1786 429 1850 exitium.
478 1784 551 1849 Sed
583 1787 714 1869 privati
748 1788 878 1850 oblitus
908 1787 1098 1863 commodi,
1134 1790 1306 1850 hactenus
1339 1807 1403 1868 pro

139 1894 325 1956 adserenda
341 1893 549 1977 Relligione
574 1904 609 1958 et
634 1897 880 1958 conservanda
896 1895 1145 1957 Ecclesiastica
1168 1915 1207 1956 re
1231 1895 1317 1956 nihil
1334 1913 1404 1956 non

137 2019 225 2061 ame
249 2002 416 2064 collatum
441 2013 513 2080 est,
549 2004 645 2084 quod
668 2002 779 2084 potui.
826 1991 951 2084 Neque
980 2013 1050 2065 tarn
1076 2002 1245 2083 gravibus
1269 2001 1403 2084 pericu-

138 2105 188 2182 lis,
221 2108 336 2170 donec
360 2109 517 2172 extincta
541 2121 677 2189 essent,
713 2130 889 2173 cessarem
914 2130 969 2172 me
994 2109 1149 2172 obiicere
1179 2109 1208 2170 si
1232 2108 1297 2170 soli
1322 2107 1405 2171 mihi

137 2215 387 2294 responderent
410 2235 515 2297 pares
540 2217 609 2279 illis
634 2225 811 2298 sumptus,
838 2236 926 2297 quos
951 2237 1059 2298 supra
1082 2215 1177 2278 vires
1200 2214 1281 2294 feci,
1315 2216 1406 2276 adeo

138 2330 171 2381 ut
195 2321 261 2383 nisi
286 2322 428 2386 aliunde
453 2323 590 2400 veniat,
626 2323 796 2387 auxilium
820 2311 1050 2406 pecuniarum
1080 2323 1223 2386 tandem
1247 2323 1406 2403 receptui

138 2447 248 2490 canam
273 2440 448 2510 oporteat,
474 2431 564 2493 sicut
575 2431 692 2493 ‘latius
714 2451 793 2493 cum
809 2429 1008 2492 Sanctitate
1026 2430 1156 2492 Vestra
1170 2449 1248 2492 meo
1264 2429 1406 2491 nomine

138 2532 356 2597 Consiliarius
372 2557 470 2599 meus
485 2536 661 2618 Magister
676 2537 804 2599 Petrus
821 2539 865 2598 de
883 2534 1093 2599 Salamanca
1110 2545 1205 2618 aget,
1230 2535 1285 2597 cui
1301 2535 1406 2597 fidem

137 2652 287 2719 prestare
312 2641 489 2723 dignetur.
536 2643 581 2706 Et
604 2643 807 2707 felicissime
831 2647 959 2708 valeat.

216 2748 298 2811 Dat.
322 2748 513 2832 Insprugg.
560 2751 629 2814 Die
653 2751 840 2814 undecima
863 2751 998 2814 Mensis
1022 2751 1115 2830 Julii,
1142 2751 1248 2812 Anno
1264 2750 1406 2812 Domini

138 2854 358 2921 Moxxvu.

286 2963 454 3027 Eiusdem
479 2962 686 3027 Sanctitatis
712 2966 864 3029 Vestrae

882 3108 999 3157 Humilis
1018 3114 1044 3156 et
1062 3108 1212 3173 obsequens
1231 3107 1300 3158 filius

834 3196 1028 3260 lordluuutlur
1048 3201 1186 3250 Archidux
1204 3203 1337 3251 Austriae.

667 3445 671 3452 ι
674 3441 873 3454 'ww-‘maxum

733 3726 796 3792 231

428 3853 589 3933 Clemens
618 3854 696 3933 VII.
726 3850 920 3933 Archiducl
947 3852 1123 3959 lustriae.

257 4001 347 4067 (clem.
368 4001 429 4058 vu
448 4000 538 4074 Epist.
557 4000 594 4059 ad
611 4001 749 4075 principes
766 4016 817 4075 per
836 4000 998 4059 andoletum
1016 4001 1138 4074 scriptae
1156 3999 1201 4058 rot.
1220 4000 1286 4070 181.)

651 4138 705 4193 (11.
724 4129 792 4194 Julii
814 4126 900 4196 1525.)

222 4270 358 4334 Dilecte
396 4270 456 4334 fili.
515 4269 730 4352 Accepimus
770 4271 972 4351 exemplum
1012 4269 1281 4351 responsionum
1323 4289 1409 4351 quas

145 4371 306 4440 Nobilitas
330 4388 392 4440 tua
415 4376 689 4458 prudentissime
713 4397 755 4439 ac
777 4374 1098 4439 consideratissime
1119 4376 1409 4439 tumultuantibus

144 4480 209 4543 suis
229 4484 460 4566 popularibus
490 4483 662 4562 reddidit,
698 4503 789 4564 quae
814 4484 919 4546 nobis
951 4480 1178 4564 dignissimae
1202 4484 1301 4545 visae
1330 4494 1410 4545 sunt

145 4606 184 4649 ea
204 4590 326 4654 virtute
359 4591 457 4654 cuius
485 4591 520 4652 in
545 4600 581 4653 te
605 4590 807 4671 opinionem
839 4610 1009 4651 summam
1041 4609 1182 4670 semper
1205 4588 1408 4661 habuimus;

145 4712 250 4775 neque
280 4699 381 4762 nobis
414 4699 526 4760 solum
558 4698 622 4759 sed
653 4706 688 4759 et
712 4696 802 4759 Ven.
834 4695 1004 4758 fratribus
1035 4695 1164 4757 nostris
1194 4694 1230 4757 in
1262 4716 1407 4777 quorum

147 4803 341 4868 consistorio
366 4807 481 4867 lectae
505 4804 661 4866 fuerunt:
696 4802 821 4883 Itaque
846 4803 890 4864 de
915 4802 957 4864 iis
982 4808 1017 4864 et
1041 4822 1062 4863 a
1084 4801 1188 4863 nobis
1213 4810 1249 4863 et
1271 4806 1317 4865 ab
1341 4802 1409 4866 illis

147 4903 206 4968 tibi
224 4911 395 4975 habentur
407 4909 544 4993 gratiae
567 4920 674 4992 teque
699 4911 880 4972 hortamur
904 4927 1117 4991 quamquam
1139 4918 1348 4993 currentem,
1371 4922 1409 4975 ut
