3425 5700
671 564 900 622 eous&

144 715 428 796 populorumque
446 732 619 775 consensu
638 715 906 794 comprobatam
921 713 957 775 in
974 713 1253 777 controversiam
1268 717 1425 785 trahere:

145 832 181 883 et
215 820 391 884 dementia
424 820 470 882 sit
502 821 546 882 de
579 820 778 882 cerimoniis
812 821 943 883 nostris
974 831 1010 882 et
1039 819 1111 883 fide
1135 822 1310 885 catholica
1334 824 1426 886 velle

145 928 340 1010 disputare,
365 937 401 990 et
424 928 534 1008 vulgo
559 927 764 990 scandalum
789 946 927 1008 parere,
952 947 1057 1008 quam
1081 930 1335 1010 prophetarum
1351 950 1426 992 ora-

144 1037 243 1114 cula,
267 1035 509 1116 apostolorum
534 1034 750 1114 testimonia,
776 1044 969 1116 martyrum
994 1035 1140 1115 sanguis
1148 1083 1157 1116 ,
1183 1035 1427 1099 confessorum

145 1141 309 1205 doctrina
332 1141 564 1206 consecravit.

236 1251 436 1312 Prudenter
459 1249 693 1311 admoneatur
717 1249 790 1310 dux
816 1257 851 1309 et
884 1247 1143 1330 interrogetur,
1177 1271 1222 1312 an
1254 1250 1321 1312 sibi
1353 1251 1427 1333 pul·

144 1359 268 1420 chrum
294 1357 473 1419 videretur
497 1356 526 1418 si
552 1375 672 1438 quern,
698 1377 717 1418 e
745 1356 818 1419 suis
851 1355 1002 1418 subditis
1032 1365 1093 1417 aut
1121 1356 1334 1436 corrigeret,
1368 1369 1428 1419 aut

144 1465 317 1528 rebellem
347 1467 497 1526 haberet
529 1465 584 1525 vel
613 1483 693 1525 eum
717 1463 776 1546 qui
801 1483 919 1526 secum
945 1465 1001 1525 vel
1027 1465 1071 1525 de
1095 1463 1238 1526 minimo
1263 1466 1356 1546 pede
1380 1464 1427 1526 di·

145 1571 254 1634 tionis
277 1591 362 1634 suae
387 1572 605 1632 contendere
629 1571 755 1650 vellet,
785 1591 829 1631 an
854 1570 931 1651 ipse
955 1569 990 1632 in
1015 1570 1292 1635 controversiam
1317 1571 1369 1634 ire
1394 1583 1429 1634 et

140 1679 321 1760 judicibus
349 1677 446 1758 ullis,
481 1677 761 1759 praesertimque
792 1677 1124 1758 incompetentibus,
1161 1680 1308 1742 subesse
1332 1680 1428 1742 velit.

145 1787 253 1868 Quod
277 1787 307 1849 si
330 1795 450 1867 negat,
475 1785 607 1847 ididem
631 1795 667 1848 et
691 1786 800 1847 multo
825 1784 950 1860 iustius
974 1784 1137 1846 Pontifici
1161 1785 1299 1848 dicatur
1321 1787 1429 1849 Petro

144 1895 219 1956 imo
244 1892 373 1955 Christi
398 1891 542 1955 Vicario
576 1913 646 1954 non
680 1895 824 1974 placere
848 1913 965 1974 neque
989 1893 1096 1956 licere
1121 1894 1155 1955 in
1181 1893 1234 1955 ius
1259 1895 1430 1956 adversus

146 2022 254 2063 unam
279 2022 297 2062 e
322 2000 394 2062 suis
418 1999 618 2064 errantibus
642 2000 780 2079 ovibus,
804 2001 988 2062 accedere.

239 2108 427 2170 Moneatur
451 2107 556 2170 etiam
573 2105 740 2187 benigne,
766 2116 892 2169 caveat
908 2106 976 2169 sibi
991 2110 1037 2169 ab
1054 2109 1430 2188 excommunicatione,

145 2225 185 2279 et
215 2215 420 2294 interdicto,
455 2234 570 2296 neque
599 2212 686 2276 fidat
711 2213 944 2296 appellationi
968 2215 1208 2278 Lutheranae:
1242 2236 1312 2277 non
1338 2217 1431 2279 enim

145 2321 361 2384 rationabile
386 2331 455 2401 est,
491 2341 606 2402 neque
630 2320 711 2401 paci
736 2319 1015 2383 Christianorum
1043 2333 1299 2404 opportunum,
1334 2324 1429 2385 utin

145 2432 257 2492 rebus
280 2427 540 2511 spiritualibus,
573 2429 690 2490 statim
716 2427 794 2508 quis
819 2427 865 2489 ad
890 2427 1086 2492 Concilium
1110 2431 1280 2510 generale
1304 2451 1430 2512 provo·

146 2546 225 2616 cet,
259 2536 351 2615 quod
384 2555 515 2617 magna
548 2555 626 2598 cum
658 2535 868 2598 difficultate
901 2537 1117 2618 congregari
1150 2547 1283 2619 potest;
1318 2550 1353 2600 et
1381 2538 1430 2598 sic

146 2643 259 2725 igitur
296 2643 420 2705 liceret
458 2642 646 2726 unicuique
683 2641 869 2728 (quidquid
901 2643 968 2705 sibi
1002 2644 1139 2706 libitum
1172 2647 1279 2725 esset)
1307 2654 1431 2706 contra

147 2749 257 2812 iidem
279 2750 421 2832 impune
445 2750 553 2830 loqui,
578 2761 613 2816 et
638 2751 682 2812 de
707 2771 750 2813 ea
772 2750 872 2812 iuxta
896 2771 997 2813 suum
1021 2751 1189 2833 cuiusque
1214 2772 1355 2814 sensum
1381 2755 1431 2833 (ut

147 2858 325 2921 Martinus
356 2877 464 2939 saepe
489 2857 575 2920 facit
599 2869 635 2920 et
658 2858 822 2937 consulit)
853 2867 1027 2939 statuere,
1061 2860 1259 2940 scripturae
1290 2880 1431 2922 sensum

148 2975 369 3049 pervertere,
394 2968 539 3028 decreta
563 2976 702 3047 patrum
727 2987 871 3048 negare,
896 2967 1055 3030 conciliis
1070 2968 1269 3045 detrahere,
1294 2977 1432 3029 senten·

148 3074 209 3137 tiis
232 3077 449 3155 prelatorum
474 3073 687 3155 diffinitivis,
722 3093 791 3137 non
817 3074 982 3153 obedire,
1017 3074 1103 3137 nihil
1127 3074 1270 3137 omnino
1294 3074 1329 3138 in
1353 3076 1431 3136 reli·

148 3180 260 3263 gione
276 3180 379 3262 pensi
393 3182 538 3258 habere,
563 3183 628 3243 sub
643 3181 711 3243 hoc
728 3182 773 3242 ad
790 3180 987 3244 Concilium
1001 3181 1208 3263 appellandi
1226 3190 1431 3262 praetextu:

148 3288 247 3370 quod
272 3288 374 3351 sicuti
398 3300 452 3351 est
481 3286 775 3367 enormissimum,
809 3288 1098 3351 absurdissimum
1130 3288 1371 3351 abominabile
1398 3301 1433 3349 et

147 3398 187 3458 in
219 3414 258 3457 re
290 3394 489 3458 Christiana
521 3395 870 3476 perniciosissimum:
904 3396 954 3458 ita
983 3415 1049 3477 pro
1082 3405 1179 3458 certo
1207 3404 1329 3458 teneat
1355 3397 1430 3457 lllu-

148 3501 341 3567 strissimus
365 3503 449 3563 Dux
473 3502 714 3583 hujuscemodi
739 3502 1000 3584 appellationes
1024 3512 1059 3564 et
1090 3500 1263 3583 pessimas
1293 3513 1329 3564 et
1361 3502 1431 3564 ina-

148 3632 217 3674 nes
241 3631 329 3692 esse,
355 3610 512 3691 nihilque
537 3611 719 3691 prodesse,
745 3609 932 3690 quominus
956 3610 1016 3690 qui
1039 3609 1118 3671 illas
1135 3608 1186 3670 sic
1203 3608 1433 3689 interponunt

149 3728 190 3783 et
213 3716 636 3783 excommunicationibus
656 3716 815 3779 innodati
840 3727 1083 3799 perseverent,
1108 3727 1144 3778 et
1167 3716 1358 3797 aliquando
1383 3717 1431 3777 di-

147 3825 236 3888 vino
257 3825 387 3907 judicio
415 3825 562 3887 veniant
590 3824 777 3904 puniendi,
810 3835 881 3886 tarn
905 3824 929 3885 ii
954 3823 1014 3905 qui
1037 3822 1172 3885 faciunt
1196 3844 1301 3904 quam
1326 3824 1350 3887 ii
1373 3823 1433 3905 qui

148 3933 203 3997 sic
233 3932 444 3995 iacientibus
469 3931 704 3994 consentiunt.

244 4040 398 4103 Possunt
417 4038 523 4102 etiam
540 4038 682 4101 Domini
700 4036 870 4101 Oratores
890 4038 1010 4121 aliqua
1024 4038 1141 4101 obiter
1157 4056 1434 4101 commemorare

145 4150 200 4212 de
225 4146 458 4228 confessione,
484 4145 720 4226 Eucharistia,
746 4155 907 4208 extrema
930 4145 1111 4208 unctione:
1137 4144 1181 4207 de
1202 4144 1329 4226 quibus
1344 4146 1433 4207 Mar·

144 4255 248 4319 tinus
272 4252 492 4337 apertissime
517 4273 560 4316 ea
584 4252 745 4331 somniat,
780 4274 871 4333 quae
896 4254 941 4315 ab
965 4252 1128 4315 Ecclesia
1143 4251 1327 4314 Catholica
1352 4262 1434 4314 sunt

146 4380 299 4445 prorsus
323 4360 451 4440 aliena,
475 4369 511 4424 et
535 4381 641 4442 quum
665 4360 752 4422 nihil
777 4360 862 4423 boni
886 4359 1037 4423 afferant
1063 4380 1106 4421 ea
1130 4379 1221 4439 quae
1239 4358 1357 4437 tradit,
1383 4370 1432 4420 to·

146 4480 227 4532 tum
252 4471 374 4531 orbem
397 4467 432 4530 in
458 4468 664 4530 scandalum
687 4478 817 4530 vocant
842 4476 878 4528 et
901 4468 1054 4529 trahunt.

244 4574 308 4637 His
333 4584 369 4637 et
392 4574 563 4638 similibus
587 4574 715 4656 topicis
732 4584 767 4637 et
781 4573 1029 4655 probabilibus
1045 4572 1263 4655 argumentis
1280 4573 1434 4634 adhunc

145 4702 253 4746 usum
278 4682 429 4745 maxime
458 4681 668 4745 necessariis
693 4682 757 4760 usi,
782 4679 925 4743 Domini
947 4680 1118 4744 Oratores
1142 4681 1285 4743 nomine
1309 4680 1433 4743 Caesa-

146 4808 238 4854 reae
261 4789 459 4871 Majestatis
483 4790 669 4852 hortentur
693 4799 883 4869 precentur
907 4797 943 4850 et
967 4798 1135 4851 moneant
1159 4788 1434 4850 illustrissimum

146 4899 302 4980 Ducem,
328 4908 365 4960 ut
387 4918 474 4981 prae
500 4896 610 4961 oculis
627 4898 760 4959 habeat
776 4896 905 4959 Deum:
930 4915 1047 4981 neque
1063 4915 1143 4960 curn
1158 4904 1257 4957 tanto
1274 4896 1434 4981 periculo
