3425 5700
806 559 864 615 ΜΒ
903 561 955 615 136
994 560 1052 614 [ἕω

287 709 445 790 simplice
470 708 562 771 laico
587 710 648 790 pol
673 708 869 790 dispensar,
894 710 953 771 vel
977 728 1054 771 cum
1072 707 1246 789 proxime,
1272 708 1329 770 vel
1346 728 1467 772 secum
1482 707 1562 788 ipse.

287 816 331 877 Et
362 816 455 879 mille
486 817 577 878 altre
609 815 820 878 crudelitate
852 818 918 878 che
949 816 1105 896 stupisco
1139 837 1159 878 a
1184 815 1284 877 dirle.
1332 814 1437 877 Fatto
1463 816 1515 877 ch'
1532 815 1562 876 io

286 923 396 984 hebbi
420 933 455 984 et
479 923 636 985 discorso
661 925 706 985 de
731 933 855 1003 queste
877 943 959 985 cose
984 925 1041 985 nel
1062 922 1209 986 consilio
1226 925 1446 1004 sopradetto,
1471 933 1562 984 certo

286 1029 366 1092 tutti
390 1030 518 1093 furono
536 1030 778 1093 animatissimi
799 1051 864 1113 per
883 1031 951 1109 noi,
977 1040 1012 1092 et
1028 1031 1160 1111 perche
1176 1051 1214 1093 se
1232 1039 1433 1111 expectava
1450 1031 1563 1111 quello

216 1169 219 1175 ·
286 1138 414 1218 giorno
445 1137 591 1219 proprio
622 1140 654 1200 el
678 1139 891 1218 Moguntino
924 1150 1015 1218 capo
1047 1138 1093 1200 de
1124 1139 1174 1199 tal
1204 1137 1353 1199 consilio
1378 1148 1414 1199 et
1437 1137 1564 1218 perche

286 1245 438 1307 voleano
471 1245 622 1326 expedir
655 1245 862 1326 monsignor
892 1245 937 1306 de
962 1243 1236 1325 Sennembergh
1266 1247 1300 1306 al
1330 1247 1493 1327 guberno
1524 1246 1563 1305 de

287 1350 566 1430 Wirtembergh,
592 1353 696 1413 homo
722 1351 766 1413 de
790 1371 927 1432 sangue
952 1361 988 1413 et
1011 1352 1122 1430 dotto,
1148 1351 1335 1415 Caesarei
1359 1352 1438 1414 fece
1458 1353 1562 1414 inten-

287 1458 350 1520 der
375 1459 439 1520 che
464 1460 673 1521 devessemo
699 1467 865 1539 expettar
889 1458 910 1520 l'
927 1459 1082 1520 advento
1107 1460 1153 1521 de
1176 1458 1400 1540 Mogontino.

376 1563 502 1645 Quello
527 1565 659 1647 giorno
691 1564 883 1627 medesimo
916 1564 1086 1628 Chievres
1117 1585 1196 1627 cum
1227 1565 1325 1629 molti
1354 1563 1501 1648 Signori
1533 1577 1565 1628 et

285 1671 438 1753 principi
469 1692 667 1754 pransorno
699 1672 794 1752 apud
819 1671 1068 1752 Leodiensem,
1104 1682 1139 1734 et
1162 1673 1197 1735 io
1221 1693 1300 1736 cum
1325 1673 1394 1735 essi
1419 1673 1564 1736 invitato

287 1782 331 1842 da
356 1781 454 1842 detto
480 1778 651 1862 Signore,
678 1789 713 1842 et
736 1779 774 1840 fu
799 1781 893 1841 assai
917 1781 1057 1861 parlato
1082 1780 1118 1841 di
1142 1788 1268 1861 questa
1292 1781 1450 1859 materia,
1476 1783 1564 1842 dove

286 1908 347 1949 era
378 1907 448 1950 uno
477 1888 532 1950 de'
557 1887 685 1969 grandi
711 1887 746 1948 di
771 1896 898 1967 questa
922 1896 1037 1968 corte,
1071 1888 1104 1949 el
1129 1889 1212 1968 qual
1236 1909 1275 1950 sa
1299 1889 1333 1950 le
1358 1907 1469 1969 opere
1495 1891 1563 1950 vul·

285 2015 372 2076 gare
407 1996 452 2058 de
484 1994 618 2058 Luther
651 1994 722 2056 alla
754 2003 872 2056 mente
904 2004 940 2057 et
970 1997 988 2058 ὲ
1021 1996 1130 2057 molto
1162 1997 1231 2057 ben
1264 1994 1408 2073 infetto,
1440 2005 1477 2057 et
1507 1996 1564 2076 poi

286 2122 416 2183 pranso
424 2151 433 2182 ,
465 2101 587 2164 chiusa
610 2104 645 2164 la
669 2102 760 2181 sala,
794 2100 899 2164 furno
924 2102 1086 2183 proposti
1109 2103 1208 2164 multi
1232 2102 1335 2183 punti
1358 2122 1423 2184 per
1448 2105 1564 2183 quello

286 2209 408 2288 signor
443 2209 541 2271 cuius
574 2229 703 2272 nomen
737 2210 820 2271 dum
851 2230 927 2271 sum
960 2209 995 2271 in
1019 2209 1074 2271 his
1097 2209 1185 2272 locis
1208 2213 1280 2273 non
1305 2209 1416 2272 ausim
1443 2209 1565 2272 litteris

286 2316 514 2388 committere,
539 2315 629 2378 sicut
651 2335 716 2378 nec
740 2315 886 2379 alterius
911 2316 1093 2379 cuiusdam
1117 2318 1226 2397 longe
1250 2316 1391 2379 maioris
1416 2325 1452 2379 et
1474 2317 1564 2398 peio-

285 2423 333 2485 ris
342 2472 351 2505 ,
385 2444 429 2486 ne
453 2423 482 2485 si
506 2423 542 2484 id
566 2423 756 2485 resciretur
781 2423 863 2485 dum
886 2423 922 2485 in
947 2421 1139 2485 Germania
1163 2444 1239 2486 sum
1263 2423 1297 2484 in
1322 2433 1429 2504 caput
1453 2444 1565 2486 meum

284 2532 373 2593 haec
405 2530 506 2594 ruina
541 2533 702 2604 caderet3
742 2539 777 2592 et
808 2530 841 2591 io
875 2529 910 2592 in
942 2530 1120 2612 presentia
1155 2531 1200 2592 de
1231 2530 1329 2609 tutti,
1361 2540 1459 2593 certe
1488 2551 1564 2592 cum

286 2637 370 2718 ogni
401 2639 586 2718 dextram,
617 2642 653 2700 in
684 2639 734 2699 tal
768 2646 864 2698 sorte
895 2636 920 2698 li
944 2637 1097 2718 resposi,
1132 2638 1198 2698 che
1231 2657 1296 2718 per
1329 2636 1399 2699 mia
1431 2637 1514 2699 fede
1547 2638 1586 2697 ὁ.

284 2745 373 2807 fatto
399 2748 489 2807 tutto
514 2755 651 2818 nostro;
677 2765 748 2806 non
773 2764 812 2806 so
837 2745 889 2805 sel
913 2743 1156 2824 perseverari.
1204 2744 1256 2806 La
1281 2744 1511 2806 conclusione
1528 2744 1564 2805 fu

286 2853 350 2915 che
383 2853 464 2915 tutti
495 2853 599 2915 furno
632 2854 725 2914 bene
757 2849 935 2914 aedificati
966 2861 1002 2913 et
1026 2850 1213 2934 presertim
1238 2850 1424 2931 Chievres,
1458 2852 1493 2914 in
1517 2855 1564 2914 tal

284 2962 390 3023 modo
415 2961 575 3043 disposto
600 2962 665 3022 che
682 2959 914 3022 cominciamo
929 2961 1040 3021 haver
1054 2962 1150 3022 bona
1166 2980 1338 3041 speranza
1353 2960 1388 3022 di
1405 2970 1566 3021 retornar

285 3070 317 3129 al
343 3068 552 3131 cominciato
577 3088 690 3131 corso

375 3175 508 3256 Questa
538 3175 739 3237 turbatione
773 3194 843 3236 non
875 3194 915 3235 so
946 3176 1015 3236 ben
1048 3194 1087 3235 se
1119 3174 1137 3236 ὲ
1171 3184 1302 3237 venuta
1325 3196 1392 3256 per
1414 3178 1565 3257 qualche

285 3284 407 3345 dubito
433 3284 498 3345 che
522 3293 690 3364 questoro
714 3283 877 3343 haveano
903 3283 947 3343 de
970 3280 1147 3362 dispiacer
1167 3283 1202 3343 al
1218 3281 1365 3344 Saxone
1382 3292 1417 3345 et
1432 3304 1452 3344 a
1468 3285 1564 3346 molti

285 3390 539 3471 gentilbomeni
573 3388 776 3467 adherenti,
810 3408 901 3469 opur
924 3408 989 3470 per
1013 3389 1116 3450 indur
1140 3388 1183 3452 N.
1208 3390 1244 3451 S.
1269 3410 1291 3451 a
1314 3392 1465 3471 qualche
1490 3392 1565 3452 loro

285 3500 463 3579 dessegno
489 3500 532 3559 de
557 3500 589 3560 le
614 3499 703 3559 altre
727 3496 878 3558 facende
903 3498 969 3557 che
993 3496 1023 3557 si
1047 3505 1213 3559 trattano.
1260 3497 1308 3559 Al
1335 3499 1400 3559 che
1415 3500 1462 3560 ho
1487 3518 1564 3580 pre-

285 3615 370 3686 gato
395 3606 502 3668 molte
526 3602 609 3666 fiate
634 3624 712 3665 cum
738 3603 876 3683 grande
900 3602 1070 3665 instantia
1087 3603 1256 3667 Chievres
1281 3613 1316 3666 et
1339 3604 1363 3666 li
1379 3605 1459 3667 altri
1475 3626 1565 3668 com·

285 3712 434 3774 missarii
468 3712 532 3773 che
564 3731 629 3791 per
661 3713 773 3773 lamor
806 3710 850 3771 de
884 3710 954 3772 Dio
988 3731 1057 3772 non
1089 3713 1271 3775 volessero
1303 3712 1503 3774 confundar
1531 3714 1565 3774 la

285 3840 392 3881 causa
416 3820 460 3880 de
485 3820 519 3881 la
543 3818 624 3880 tede
650 3839 729 3880 cum
753 3816 833 3879 altri
857 3817 1063 3898 particulari
1088 3818 1229 3899 negocii
1248 3819 1314 3881 che
1331 3819 1565 3882 intraveneno

284 3937 339 3988 tra
365 3926 404 3992 N.
431 3924 466 3988 S.
500 3934 535 3987 et
559 3925 707 4005 Cesare,
739 3925 764 3985 il
797 3925 881 4005 qual
912 3926 964 4004 (se
993 3925 1028 3985 la
1059 3925 1201 3988 dotrina
1224 3925 1260 3987 di
1285 3925 1419 3988 Luther
1443 3946 1564 4009 proce-

285 4032 402 4116 desse)
427 4034 579 4094 sarebbe
603 4052 668 4113 per
692 4032 822 4113 perdor
845 4031 949 4110 assai,
974 4033 1039 4094 che
1056 4032 1210 4095 Martino
1227 4032 1362 4095 Luther
1386 4033 1420 4095 in
1438 4044 1564 4115 questo

284 4160 348 4201 suo
372 4140 495 4201 ultimo
520 4139 609 4201 libro
634 4159 704 4202 non
726 4132 872 4201 attende
889 4140 934 4200 ad
952 4142 1043 4201 altro
1061 4140 1126 4201 che
1143 4141 1243 4202 levar
1258 4139 1343 4221 ogni
1360 4140 1565 4203 obedientia

285 4246 339 4308 de’
353 4245 507 4327 principi
537 4245 649 4327 prima
681 4244 874 4327 spirituali,
908 4245 1037 4307 deinde
1069 4245 1147 4331 (sed
1172 4248 1274 4322 clam)
1306 4246 1341 4307 di
1366 4246 1563 4328 temporali,

286 4374 384 4415 corne
409 4353 693 4415 evidentemente
717 4352 740 4414 li
764 4354 810 4415 ho
836 4362 1031 4416 monstrato
1055 4374 1121 4435 per
1137 4353 1161 4415 il
1176 4355 1276 4416 detto
1292 4352 1396 4416 libro.
1430 4354 1563 4434 Questo

284 4481 394 4522 ancor
419 4463 527 4523 molto
550 4462 597 4522 ha
621 4460 767 4541 giovato
792 4462 862 4523 alla
887 4480 971 4522 cosa
994 4471 1127 4523 nostra.

374 4567 491 4649 Quelli
523 4567 582 4631 doi
615 4568 742 4647 grandi
773 4566 917 4647 Signori
951 4568 985 4629 di
1017 4568 1112 4647 quali
1143 4570 1190 4630 ho
1220 4568 1311 4631 fatto
1339 4547 1496 4630 mention
1528 4568 1562 4629 di

284 4695 401 4756 sopra,
427 4696 497 4737 non
522 4694 693 4757 expresso
717 4684 834 4736 tamen
862 4674 1014 4753 nomine,
1038 4677 1157 4737 hanno
1181 4696 1321 4756 sempre
1345 4674 1379 4737 in
1410 4696 1515 4738 mano
1539 4675 1562 4735 li

284 4783 364 4844 libri
389 4782 422 4843 di
449 4782 581 4844 Luther
605 4782 733 4844 almani
758 4792 793 4843 et
817 4802 862 4843 ne
886 4784 1035 4862 parlano
1059 4785 1177 4863 palam
1202 4792 1237 4845 et
1262 4783 1474 4862 defendeno,
1506 4802 1561 4845 ma

285 4892 403 4951 buono
434 4890 452 4951 ὸ
486 4891 551 4951 che
582 4890 602 4952 l’
620 4891 709 4980 altro
741 4886 775 4951 di
808 4891 982 4970 parlando
1016 4909 1087 4951 uno
1120 4889 1155 4951 di
1186 4891 1263 4952 loro
1299 4900 1354 4952 sat
1383 4890 1496 4952 libere
1527 4888 1562 4949 di
