3425 5700
626 554 874 611 *emsa*

122 700 345 784 perpetratis,
375 700 589 785 commissis,
626 711 662 765 et
685 701 853 784 incursis,
889 704 1068 782 rebusque
1091 701 1187 781 aliis,
1222 700 1258 762 in
1293 700 1392 778 actis,

122 828 215 871 cause
249 817 284 871 et
309 828 494 871 causarum
525 808 744 889 huiusmodi,
778 829 898 873 coram
927 810 1048 889 nobis,
1081 808 1186 870 latius
1220 807 1391 889 deductis,

124 926 153 977 et
173 915 276 977 etiam
300 934 366 996 per
386 917 530 978 eosdem
547 916 708 999 singulos
724 915 961 993 adversarios,
986 915 1187 998 respective
1208 914 1392 995 confessis,

125 1032 153 1083 et
173 1021 309 1083 illorum
341 1020 530 1084 occasione
565 1022 726 1102 partibus
757 1042 803 1084 ex
835 1021 905 1084 alia
937 1042 1002 1104 per
1034 1022 1215 1104 predictos
1245 1020 1392 1105 Georgi-

126 1149 173 1190 um
196 1138 230 1190 et
254 1128 446 1191 Hectorem
470 1139 637 1207 rectores,
663 1146 705 1191 ac
725 1128 972 1211 Volsgangum
996 1129 1167 1211 priorem,
1191 1130 1392 1192 exadverso

127 1234 348 1316 principales,
374 1243 555 1298 eteorum
580 1235 792 1317 quemlibet,
826 1235 861 1298 in
887 1246 924 1299 et
947 1236 1042 1298 circa
1066 1235 1257 1318 premisssa
1281 1236 1393 1298 multi-

128 1340 252 1422 pliciter
275 1341 386 1405 fuisse
411 1351 447 1405 et
471 1362 548 1405 esse
574 1352 747 1423 erratum,
779 1362 821 1407 ac
855 1362 1045 1427 perperam
1076 1352 1112 1405 et
1142 1343 1234 1407 male
1262 1341 1394 1405 factum

129 1456 159 1511 et
182 1448 361 1521 delictum
398 1450 542 1513 eosdem
575 1468 717 1532 quoque
742 1448 958 1532 Georgium,
990 1449 1203 1527 Hectorem,
1235 1458 1272 1511 et
1295 1448 1394 1511 Vols-

129 1574 285 1637 gangum,
312 1557 512 1619 exadverso
546 1556 782 1639 principaleS,
814 1566 850 1621 et
881 1557 1077 1641 quemlibet
1107 1576 1228 1621 eorum
1252 1566 1393 1638 propte-

130 1682 181 1725 rea
201 1658 452 1742 inobedientie,
476 1672 513 1727 et
536 1663 741 1727 rebellionis
765 1661 898 1727 Sancte
921 1663 1083 1727 Ecclesia
1107 1662 1263 1744 prefate,
1287 1672 1395 1743 atque
1455 1716 1463 1735 Ι

131 1778 246 1849 nostre,
269 1790 311 1837 ac
327 1768 503 1833 scismatis
519 1770 676 1851 crimina,
698 1788 837 1835 necnon
854 1769 1229 1836 excommunicationis
1251 1769 1394 1833 maioris

131 1876 336 1957 sententiam,
362 1886 399 1943 et
413 1894 555 1941 suarum
571 1876 847 1959 parrochialium
865 1898 907 1939 ac
924 1876 1027 1941 offitii
1042 1876 1232 1959 prioratus,
1256 1896 1394 1958 respec-

132 1980 193 2047 tive
204 1984 413 2065 privationis
425 2004 548 2065 penas,
562 1978 813 2049 damnabiliter
825 1983 992 2049 incidisse
1016 1993 1052 2049 et
1076 1983 1276 2063 incurrisse,
1300 2004 1343 2047 ac
1357 1992 1397 2046 ut

131 2090 207 2153 tales
228 2088 384 2153 Sanctae
404 2090 565 2153 Ecclesia
581 2104 617 2154 et
634 2100 775 2155 nostros
790 2090 1037 2157 inobedientes
1054 2100 1090 2155 et
1112 2091 1266 2155 rebelles
1290 2100 1396 2172 atque

132 2196 334 2263 scismaticos
376 2218 442 2260 nec
479 2218 549 2261 non
587 2198 930 2277 excommunicatos,
963 2216 1006 2263 ac
1043 2196 1326 2278 parrochialibus
1360 2206 1397 2261 et
1483 2218 1486 2225 ·

133 2304 276 2382 prioratu
311 2304 483 2386 predictis
517 2304 717 2385 respective
749 2303 910 2387 privatos
933 2303 1076 2385 publice
1103 2306 1396 2383 denunctiandos,

134 2418 162 2473 et
182 2412 223 2473 ab
247 2411 411 2477 omnibus
436 2410 565 2476 Christt
588 2410 764 2492 fidelibus,
789 2410 921 2475 arctius
945 2409 1143 2490 evitandos,
1162 2409 1240 2475 fore
1255 2421 1291 2475 et
1306 2432 1397 2490 ease,

135 2518 340 2585 declaramus
361 2529 469 2601 atque
492 2520 709 2599 mandamus,
733 2520 871 2583 litteras
895 2518 1000 2582 etiam
1025 2518 1180 2598 desuper
1203 2528 1398 2599 oportunae

135 2624 351 2706 decernimus,
368 2626 554 2691 ulteriores
571 2646 713 2708 quoque
729 2624 1054 2689 administrationes
1067 2624 1397 2689 Ecclesiasticorum

136 2727 441 2813 Sacramentorum,
466 2753 531 2796 nec
556 2754 626 2797 non
651 2732 932 2795 ceremoniarum
957 2742 992 2793 et
1016 2730 1253 2795 sacerdotalia
1271 2730 1396 2812 quevis

137 2834 242 2918 offitia,
266 2837 402 2903 eisdem
427 2836 599 2922 Georgio,
628 2838 786 2918 Hectori,
812 2846 847 2903 et
870 2836 1096 2921 VolfgangO,
1128 2836 1269 2918 penitus
1293 2836 1409 2918 inter-¹

137 2942 277 3009 dicimus.
324 2945 507 3010 Novorum
532 2967 618 3010 vero
641 2955 829 3026 rectorum,
854 2943 1034 3008 addictas
1056 2942 1298 3026 parrochiales
1320 2963 1397 3026 pre·

139 3055 350 3136 sentationes,
375 3065 411 3120 et
434 3056 683 3137 institutiones,
707 3077 749 3118 ac
773 3055 904 3138 prioris
929 3053 1132 3119 monasterii
1155 3051 1285 3134 prefati
1310 3052 1397 3115 elec·

139 3155 263 3243 tionem,
289 3173 323 3225 et
340 3163 640 3246 subrogationem,
664 3163 715 3229 illi
739 3163 796 3226 vel
820 3162 890 3225 illis
913 3158 1086 3244 personis,
1108 3161 1238 3241 quibus
1262 3159 1306 3220 de
1323 3157 1399 3220 iure

142 3265 273 3330 debetur
297 3278 333 3333 et
353 3271 532 3352 competit,
556 3271 668 3334 libere
693 3271 817 3333 damus
841 3279 877 3331 et
891 3267 1119 3332 concedimus
1166 3264 1284 3328 Salvis
1299 3263 1399 3326 nihil·

143 3373 260 3437 ominus
283 3376 389 3440 etiam
414 3377 491 3441 aliis
516 3377 674 3442 censuris
699 3386 735 3440 et
752 3377 866 3460 penis,
882 3388 953 3439 tam
971 3374 1269 3457 Apostolicarum,
1294 3392 1399 3453 quam

143 3475 362 3562 imperialium
374 3485 579 3564 litterarum,
600 3495 724 3548 contra
740 3483 872 3548 similes
888 3483 1135 3563 delinquentes
1152 3497 1400 3542 concessarum

147 3597 174 3644 et
193 3601 425 3655 emanatarum
449 3592 583 3674 vigere,
607 3601 668 3656 aut
691 3591 779 3654 alias
803 3588 1086 3672 quomodolibet,
1115 3607 1137 3650 a
1152 3587 1227 3648 iure
1242 3581 1401 3666 prolatis,

148 3701 175 3752 et
194 3694 334 3778 inflictis,
359 3700 503 3766 easdem
528 3698 657 3762 debitis
681 3695 935 3760 executoribus
958 3691 1208 3774 relinquentes.

220 3823 270 3886 lta
290 3824 596 3908 pronuntiavimus
625 3843 690 3885 nos
713 3821 931 3904 Wygandus
954 3817 1154 3900 Episcopus
1186 3815 1304 3894 Judex
1335 3821 1403 3875 etc.
