3425 5700
808 568 1056 637 &mse

289 736 356 793 tur.
404 726 621 793 Gravamina
655 731 808 814 denique
833 736 996 802 Nationis
1020 737 1255 803 Germanicae
1285 757 1352 825 per
1374 736 1577 822 Principes,

291 843 327 899 et
350 832 473 899 Status
503 840 705 903 saeculares
737 854 863 906 contra
894 843 1026 910 Sedem
1051 845 1297 927 Apostolicam
1327 844 1363 907 in
1394 856 1577 909 conventu

289 941 453 1024 proximo
478 944 655 1027 imperiali
679 947 735 1009 hic
761 952 961 1033 celebrato,
992 952 1152 1016 similiter
1175 961 1211 1015 et
1234 952 1445 1035 gravamina
1473 973 1574 1017 secu·

278 1049 416 1117 ,larium
440 1062 564 1115 contra
587 1052 857 1121 Ecclesiasticos
881 1058 1085 1142 designata,
1116 1059 1326 1123 consiliariis
1350 1071 1386 1122 et
1408 1060 1577 1140 personis

289 1177 355 1238 per
378 1157 565 1240 Principes
589 1159 785 1243 Electores,
810 1165 997 1248 Principes
1021 1176 1057 1230 et
1081 1165 1204 1230 Status
1226 1168 1295 1249 ita,
1319 1176 1359 1230 ut
1382 1167 1576 1250 prefertur,

290 1264 515 1344 deputandos
539 1268 584 1329 ad
600 1268 873 1336 examinandum
899 1284 935 1337 et
953 1276 1225 1338 consultandum
1242 1275 1411 1337 committi
1427 1277 1576 1358 debent,

289 1379 328 1433 ut
352 1391 395 1434 ea
418 1374 585 1437 studeant
615 1377 710 1438 omni
733 1379 922 1444 sedulitate
946 1390 982 1444 et
1006 1382 1194 1464 diligentia
1225 1382 1445 1464 ponderare,
1481 1382 1575 1446 revi-

289 1479 394 1557 dere,
426 1488 462 1541 et
485 1500 609 1544 sanum
634 1484 814 1549 consilium
841 1508 942 1551 suum
971 1507 1040 1571 quo
1063 1498 1171 1572 pacto
1195 1489 1240 1551 ad
1264 1488 1471 1552 tolerabiles
1494 1488 1577 1552 vias

289 1585 418 1649 deduci
441 1588 581 1669 possint
604 1590 639 1652 in
657 1591 821 1672 proximo
843 1595 1020 1659 communi
1035 1603 1214 1659 conventu
1228 1593 1418 1677 Imperiali.
1457 1594 1575 1659 Nobis

288 1695 347 1757 vel
378 1694 649 1761 Locumtenenti
680 1709 802 1763 nostro
833 1701 1062 1786 Principibus
1092 1722 1234 1785 quoque
1257 1702 1500 1783 Elector-ibus,
1536 1712 1578 1767 et

288 1800 440 1864 statibus
462 1802 646 1886 impartiri,
672 1808 838 1889 quodque
863 1809 994 1873 deinde
1007 1810 1043 1873 in
1068 1808 1249 1893 premissis
1263 1830 1317 1890 ea,
1340 1828 1434 1891 quae
1449 1829 1574 1873 neces·

288 1908 382 1971 saria
414 1919 448 1971 et
473 1920 650 1993 oportuna
673 1913 752 1976 visa
781 1909 914 1979 inerint
938 1916 1130 1980 deliberari
1159 1926 1196 1981 et
1226 1916 1390 1979 concludi
1420 1915 1574 1999 possint.

288 2015 345 2079 Ex
368 2016 515 2099 speciali
540 2019 787 2084 commissione
811 2019 914 2085 Sacri
928 2022 1087 2087 Romani
1109 2022 1255 2107 Imperii
1276 2031 1431 2086 statuum
1445 2022 1573 2087 Simon

287 2122 441 2186 Ribisen
464 2122 550 2188 iuris
573 2126 755 2209 utriusque
771 2129 909 2193 Doctor
922 2129 1121 2195 Canonicus
1144 2130 1287 2194 maioris
1310 2138 1345 2193 et
1367 2121 1453 2193 Divi
1466 2129 1577 2195 Pauli

286 2229 561 2295 Wormatiensis
575 2232 905 2300 Ecclesiasticorum
921 2237 1125 2321 prepositus
1139 2236 1448 2301 Reverendissimi
1463 2236 1573 2300 Wor·

287 2336 469 2401 mafiensis
492 2339 659 2405 antistitis
692 2343 739 2405 ad
762 2345 856 2406 hunc
881 2354 1095 2409 conventum
1117 2346 1246 2409 missus
1269 2351 1392 2408 orator
1413 2342 1574 2408 fideliter

286 2444 476 2527 transtulit,
501 2448 597 2528 quod
619 2468 726 2512 manu
748 2449 897 2534 propria
918 2451 1031 2516 refert
1054 2462 1091 2516 et
1112 2459 1269 2517 attestat.

890 2882 964 2948 152.

311 2999 504 3104 Responsio
522 3003 562 3086 B„
577 3003 720 3086 Domini
734 3005 936 3089 Gudindis
955 3006 1137 3110 compegit
1149 3006 1278 3109 Legati
1297 3007 1343 3087 od
1361 3028 1545 3090 recessum

823 3136 1031 3214 conventus.

723 3271 807 3341 (dota
824 3270 1041 3330 Wormsoisrsia
1059 3271 1125 3343 nt.)

374 3405 608 3472 Considerato
632 3417 757 3472 tenore
780 3409 1008 3473 resolutionis
1032 3428 1137 3489 quam
1160 3407 1349 3472 intendunt
1373 3403 1476 3471 Sacri
1492 3408 1577 3473 Ro·

286 3515 381 3578 mani
404 3515 548 3598 Imperii
571 3515 776 3599 Principes,
800 3526 837 3579 et
860 3525 974 3579 status
997 3515 1033 3578 in
1056 3515 1126 3578 hoc
1149 3513 1461 3594 Norembergense
1484 3535 1576 3580 con·

286 3631 406 3702 ventu,
430 3641 500 3704 quo
524 3623 571 3685 ad
594 3643 718 3704 novas,
741 3622 811 3686 imo
832 3621 1006 3705 antiquas,
1032 3631 1068 3684 et
1083 3621 1171 3685 alias
1186 3622 1371 3684 damnatas
1386 3622 1578 3704 haereseS,
1691 3700 1692 3705 γ

286 3729 370 3793 mihi
394 3749 459 3812 per
483 3749 604 3794 eorum
629 3732 818 3812 deputatos
842 3729 1013 3793 exhibita.

374 3829 551 3919 Imprimis¹
573 3837 661 3900 illud
686 3837 766 3900 dico
790 3839 946 3917 placere,
971 3838 1066 3920 quod
1091 3836 1136 3898 de
1152 3833 1382 3899 revocatione
1406 3836 1578 3900 mandati
1690 3884 1691 3931 5

285 3943 559 4008 Wormatiensis
583 3943 715 4025 dicunt,
740 3955 846 4026 atque
870 3944 906 4006 in
930 3946 998 4009 hoc
1023 3963 1085 4007 eos
1110 3942 1263 4006 maxime
1286 3941 1427 4023 hortor,
1455 3952 1496 4005 ut
1530 3963 1580 4007 re
1690 3998 1691 4005 ,

285 4051 364 4134 ipsa
381 4049 554 4132 efficiant,
587 4053 683 4132 quod
706 4051 929 4134 praedictum
950 4051 1156 4115 mandatum
1179 4047 1415 4113 effectualiter
1438 4067 1579 4113 execu·
1689 4106 1690 4125 ,

285 4157 374 4221 tioni
396 4158 593 4239 mandetur,
618 4167 655 4222 et
678 4161 899 4223 observetur.

375 4263 542 4329 Secundo
566 4265 827 4329 consideranda
850 4285 929 4329 esse
951 4267 1065 4328 verba
1088 4263 1150 4327 illa
1175 4263 1213 4326 in
1241 4262 1404 4345 prefatae
1433 4263 1580 4327 resolu-

286 4371 392 4435 tionis
416 4370 508 4434 serie
532 4371 675 4454 scripta,
699 4377 732 4436 et
752 4393 795 4436 ne
817 4372 942 4436 bonum
964 4391 1042 4435 cum
1064 4371 1154 4433 malo
1174 4368 1426 4455 supprimam,
1447 4372 1582 4434 attan-

286 4481 359 4543 dsm
383 4477 544 4542 resolutio
564 4477 654 4563 ficri,
677 4499 738 4542 seu
752 4477 977 4544 adamussim
991 4476 1193 4542 examinari
1205 4476 1326 4562 possit,
1350 4497 1452 4560 quam
1474 4474 1582 4544 etism

287 4585 326 4651 in
348 4586 412 4650 hac
434 4607 472 4649 re
494 4584 639 4669 quisque
660 4585 772 4650 dabam
791 4584 952 4670 amplecti
969 4591 1026 4650 etc.
1080 4585 1136 4648 Ex
1164 4585 1293 4667 quibus
1321 4603 1446 4648 sensus
1468 4584 1582 4651 vide-

286 4703 344 4757 tur
367 4693 541 4757 resultare
565 4713 636 4757 non
661 4693 878 4757 conveniens
909 4693 1059 4756 statibus
1089 4689 1192 4755 Sacri
1221 4691 1379 4755 Romani
1410 4690 1583 4777 Imperii,

288 4821 395 4883 quum
418 4801 567 4864 innuant
590 4800 686 4882 quod
709 4800 803 4864 inter
825 4821 884 4864 res
906 4799 1053 4863 istorum
1077 4798 1337 4863 haereticorum
1360 4798 1431 4862 sint
1445 4797 1585 4881 aliqua

287 4910 399 4991 bona,
428 4927 520 4991 quae
543 4907 628 4971 dato
652 4908 748 4990 quod
771 4915 903 4989 essent,
926 4925 1006 4970 cum
1028 4926 1168 4970 veneno
1192 4905 1281 4969 illita
1303 4903 1389 4985 sint,
1419 4913 1456 4968 et
1478 4903 1585 4974 nihil
