3425 5700
660 600 718 656 oe
758 575 838 656 ivri
877 574 936 655 aa

152 759 186 806 to
220 739 304 807 Sedi
335 743 569 826 Apostolicae
602 746 790 809 veritatem
829 745 1038 828 patefacere
1079 746 1125 808 de
1164 741 1243 828 ipso
1276 727 1434 808 auderet.

151 851 267 914 Testis
291 851 425 914 Eckius
456 851 544 934 ipse,
577 873 648 916 non
680 853 823 916 timidus
853 852 1015 916 veritatis
1045 861 1199 933 amator,
1224 853 1284 933 qui
1314 863 1433 917 tamen

151 957 309 1039 pontifici
334 959 440 1021 anxie
472 958 654 1022 scribebat
677 981 783 1022 orans
807 970 914 1041 atque
939 962 1124 1022 obtestans
1151 967 1191 1021 ut
1214 960 1301 1022 nulli
1325 959 1432 1022 homi-

153 1086 230 1127 num
257 1085 348 1148 quae
372 1066 417 1127 de
442 1065 588 1129 Erasmo
614 1077 751 1129 secrete
776 1067 968 1150 scripserat
990 1066 1266 1132 innotescerent.

238 1173 407 1234 Attamen
420 1171 603 1236 Erasmum
621 1173 811 1237 maximum
826 1172 1040 1236 Germaniae
1056 1176 1275 1235 turbatorem
1291 1171 1432 1234 dixerat

151 1277 378 1364 Aleander¹);
413 1279 599 1361 ipsumque
639 1281 795 1343 Luthero
829 1279 1119 1363 periculosiorem
1150 1278 1432 1361 praedicaverat,

150 1395 364 1466 conquestus
394 1405 464 1449 non
501 1389 610 1450 semel
635 1387 767 1451 Brevia
801 1387 999 1470 apostolica
1022 1387 1171 1449 Erasmo
1203 1385 1327 1466 scribi,
1360 1386 1430 1468 qui·

148 1493 214 1554 bus
244 1492 305 1555 ille
337 1491 562 1573 impudenter
598 1495 739 1574 abusuS,
775 1495 957 1558 doctrinas
988 1515 1071 1557 suas
1107 1495 1309 1572 tutabatur,
1349 1494 1431 1556 dum

148 1601 273 1662 eadem
305 1601 486 1663 scribebat
515 1621 606 1682 quae
640 1601 708 1664 iam
741 1602 935 1684 scripserat
967 1601 1145 1664 Lutherus
1181 1600 1295 1680 „circa
1324 1609 1430 1662 mate-

147 1703 235 1768 riam
254 1705 498 1787 confessioniS,
522 1707 834 1790 indulgentiarum,
861 1706 1251 1788 excommunicationis,
1275 1706 1431 1787 divortii,

146 1812 337 1896 potestatis
361 1813 495 1895 Papae,
518 1816 583 1876 sed
607 1835 684 1877 cum
709 1816 967 1897 periculosiore
990 1834 1131 1878 veneno
1154 1812 1236 1896 quia
1252 1813 1431 1876 Lutherus

145 1929 295 2004 propter
319 1940 420 1982 acres
451 1929 487 1983 et
521 1920 678 1984 famosos
709 1923 849 1986 libellos
881 1923 995 1985 minus
1024 1931 1101 1985 erat
1131 1919 1203 1984 fide
1234 1919 1428 2003 dignus“¹).

145 2027 191 2090 Et
215 2048 342 2091 revera
365 2026 401 2090 in
427 2027 619 2090 Hollandia
643 2029 786 2112 publice
810 2029 958 2092 Lutheri
974 2028 1137 2091 doctrina
1153 2027 1431 2111 praedicabatur

145 2135 212 2196 sub
236 2133 448 2197 auctoritate
477 2135 623 2216 Erasmi,
658 2146 694 2199 et
722 2135 888 2200 Saxones
918 2137 987 2218 ipsi
1017 2136 1211 2199 veridicum
1235 2156 1314 2198 esse
1337 2135 1428 2197 Mar·

144 2240 256 2304 tinum
293 2241 523 2322 dictitabant,
557 2241 640 2324 quia
670 2243 836 2310 Erasmus
861 2265 938 2306 cum
971 2243 1049 2324 ipso
1087 2245 1273 2306 sentiebat.
1326 2241 1428 2306 Flan-

144 2347 225 2410 dria
260 2347 428 2412 universa
462 2348 598 2412 Erasmi
633 2351 739 2432 culpa
779 2350 914 2413 infecta
946 2350 1194 2432 habebatur³);
1236 2348 1345 2411 dubia
1384 2351 1428 2411 de

140 2455 300 2518 falsitate
324 2456 450 2518 Bullae
486 2455 617 2520 Leonis
641 2457 690 2520 X.
699 2507 707 2538 ,
752 2458 869 2540 deque
911 2457 1140 2520 damnatione
1176 2456 1322 2519 Lutheri
1352 2455 1427 2518 ubi-

141 2583 213 2644 que
245 2565 292 2625 ab
327 2563 475 2626 Erasmo
514 2562 878 2644 disseminabantur⁴).
933 2565 983 2626 At
1012 2565 1094 2626 dum
1125 2563 1215 2625 haec
1245 2562 1427 2625 Aleander

141 2671 334 2732 Romanae
359 2670 541 2734 Ecclesiae
567 2669 872 2734 Vicecancellario
897 2669 1133 2752 significabat,
1158 2669 1325 2731 Erasmus
1349 2689 1427 2751 gra-

139 2777 236 2839 viter
268 2779 313 2840 de
345 2778 529 2841 Aleandro
564 2777 659 2859 apud
691 2775 901 2839 Pontificem
938 2780 1153 2860 querebatur
1194 2777 1346 2839 eundem
1388 2786 1427 2840 ut

139 2884 354 2948 maledicum
391 2896 427 2948 et
464 2886 752 2948 calumniatorem
788 2905 980 2964 accusans,
1016 2885 1067 2947 ita
1100 2894 1139 2946 ut
1168 2883 1242 2946 Leo
1267 2883 1427 2964 graviter

139 3002 428 3056 commoveretur
452 3002 488 3055 et
511 2993 695 3055 Aleander
726 2992 971 3055 vehementius
1004 2992 1143 3054 doleret
1170 2992 1250 3073 plus
1278 2989 1425 3054 Erasmo

139 3100 226 3163 fidei
257 3100 335 3163 dari
367 3120 472 3180 quam
509 3100 577 3162 sibi
610 3099 793 3181 religionis
824 3097 1043 3177 defensor-1⁶).
1097 3098 1182 3178 Leo,
1208 3096 1425 3159 eruditorum

138 3206 299 3269 virorum
328 3216 363 3267 et
387 3206 731 3288 elegantissimorum
755 3205 967 3288 scriptorum
995 3204 1032 3267 in
1064 3202 1187 3285 primis
1211 3202 1424 3286 amplissime

137 3313 273 3394 fautor,
298 3312 452 3376 fortasse
476 3322 512 3376 et
535 3314 682 3375 Erasmo
706 3314 786 3395 plus
811 3331 925 3393 aequo
950 3312 1177 3393 indulgebat;
1202 3320 1239 3373 at
1265 3309 1426 3373 virilibus

136 3420 347 3502 apertisque
363 3420 536 3483 Aleandri
552 3418 671 3483 verbis
692 3419 868 3483 excitatus
891 3418 1077 3500 pristinum
1091 3417 1251 3481 favorem
1268 3416 1423 3499 aliquan·

136 3528 254 3610 tisper
278 3527 498 3607 imminuens,
524 3528 727 3591 recentibus
750 3526 908 3591 eiusdem
931 3526 1068 3589 Erasmi
1092 3526 1219 3587 litteris
1243 3524 1425 3606 rescripsit

134 3636 426 3717 gratulabundus
464 3635 509 3697 de
545 3634 751 3697 confirmata
783 3635 896 3715 ipsius
927 3633 1014 3697 lide:
1051 3635 1296 3715 ,declararunt
1331 3632 1423 3694 enim

134 3742 283 3805 litterae
320 3751 402 3804 tuae
435 3742 471 3804 id
504 3743 550 3804 de
581 3762 650 3823 quo
691 3741 904 3804 addubitare
941 3741 1158 3821 aliquantum
1182 3758 1428 3821 coeperamus.

134 3869 259 3931 neque
283 3856 420 3911 tantum
444 3869 489 3911 ex
515 3849 736 3929 quorundam
761 3846 923 3928 quamvis
938 3845 1162 3928 prudentium
1179 3855 1214 3907 et
1230 3848 1424 3926 proborum

131 3956 359 4035 testimoni0,
391 3964 561 4038 quantum
590 3976 637 4017 ex
679 3954 822 4035 scriptis
856 3952 1033 4017 nonnullis
1064 3955 1132 4015 tuis
1162 3972 1254 4032 quae
1278 3955 1421 4015 circum-

132 4062 334 4125 feruntur“.
381 4062 466 4144 Nos,
490 4062 541 4124 ait
564 4061 750 4141 Pontifex,
777 4061 979 4143 „paulisper
1008 4079 1054 4122 ex
1087 4079 1130 4121 ea
1161 4058 1330 4140 opinione
1362 4060 1421 4123 de·

130 4170 275 4233 turbati
299 4170 406 4233 valde
429 4168 582 4232 iucunde
607 4168 799 4249 accipimus
823 4167 1021 4230 restitutam
1045 4167 1080 4230 in
1106 4168 1210 4229 nobis
1234 4187 1312 4230 esse
1327 4187 1420 4230 men-

131 4288 208 4341 tem
235 4276 420 4359 pristinam
444 4276 616 4357 diligendi
640 4277 754 4356 tui“⁶).
802 4275 937 4337 Tamen
971 4274 1116 4337 dubium
1140 4276 1175 4336 in
1201 4276 1309 4337 corde
1332 4273 1419 4337 Leo·

130 4384 189 4447 nis
228 4382 346 4447 haesit
370 4393 416 4464 et,
449 4385 634 4446 Aleandro
670 4383 803 4445 maiore
838 4382 967 4445 exhinc
1003 4381 1075 4444 fide
1109 4382 1285 4461 adhibita,
1315 4381 1421 4445 enixe

129 4492 422 4556 commendatum
436 4500 499 4570 est,
517 4491 700 4553 Erasmum
714 4488 872 4552 suaviter
887 4490 934 4551 ad
948 4488 1042 4552 viam
1056 4498 1190 4551 rectam
1206 4489 1378 4551 reducere
1384 4486 1418 4573 7).

211 4704 234 4774 ¹)
252 4708 320 4759 Doc.
340 4718 384 4756 21.
402 4720 463 4769 pag.
484 4714 526 4767 55.
864 4701 888 4769 ²)
907 4706 974 4756 Doc.
994 4714 1037 4764 32.
1056 4719 1117 4769 pag.
1137 4704 1179 4754 80.

206 4782 321 4854 ³)1bid.
340 4801 400 4851 pag.
422 4797 455 4848 79
475 4792 500 4833 et
520 4785 562 4838 81.
864 4784 885 4849 ⁴)
907 4787 973 4833 Doc.
992 4786 1036 4843 36,
1055 4800 1081 4849 p.
1105 4796 1161 4836 101.

207 4866 233 4932 ⁸)
251 4868 319 4916 Doc.
339 4866 383 4926 36.
402 4882 427 4929 p.
452 4876 508 4914 100.
864 4862 884 4926 ⁰)
904 4868 971 4913 Doc.
993 4875 1034 4926 53.
1054 4866 1079 4913 d.
1103 4878 1162 4925 1²9·

207 4945 232 5014 τ)
249 4948 319 5000 Doc.
342 4957 399 5009 117.
419 4960 445 5010 p.
465 4946 525 4994 281.

156 5054 243 5105 Busa,
258 5054 403 5094 Documenta
413 5052 549 5115 Luthorsua.
