3425 5700
631 579 879 637 *431be

135 734 235 789 tamen
256 725 317 788 vix
341 727 466 807 decem
482 729 596 791 verba
618 727 652 789 in
675 748 768 791 anno
792 727 953 810 proferat
975 748 1092 791 merus
1107 727 1395 791 melanchonicus
1416 709 1422 720 ¹

134 842 163 894 et
182 842 297 915 stupor
320 832 409 917 ipse.
889 906 894 917 ‚

207 940 247 1004 El
259 940 479 1023 Lantgravio
495 941 528 1004 d'
542 940 673 1005 Hassis
687 942 935 1024 potentissimo
952 941 1076 1025 signor
1092 942 1265 1005 ancorche
1281 952 1394 1024 putto,

133 1049 242 1110 made
263 1047 422 1129 ingegno
445 1050 583 1131 grande
607 1058 642 1111 et
657 1051 750 1112 malo
774 1059 811 1111 et
834 1058 926 1112 tutto
942 1048 1157 1129 Lutheran0‚
1182 1069 1282 1111 come
1299 1051 1394 1130 quel-

133 1154 232 1217 luido
253 1156 311 1218 chi
335 1158 368 1218 el
384 1157 486 1218 Duca
501 1153 648 1218 Saxone
672 1158 719 1219 ha
742 1160 778 1220 la
801 1176 896 1235 cura,
920 1155 1161 1238 favoreggera
1185 1157 1230 1219 ad
1246 1158 1279 1219 le
1296 1175 1393 1219 enor-

133 1261 202 1323 mit‘a
224 1262 258 1325 di
281 1261 429 1326 Hutten.

205 1367 277 1431 Sed
307 1371 404 1451 quod
434 1368 536 1451 peius
559 1379 614 1432 est
637 1366 858 1449 Sichinghen
890 1390 957 1432 con
988 1378 1080 1432 tutta
1110 1370 1145 1433 la
1176 1388 1311 1451 povera
1335 1390 1395 1433 no·

131 1475 204 1537 bilta
232 1476 267 1538 di
297 1475 472 1539 coniurati
500 1477 548 1537 de
570 1475 764 1539 Germania
796 1465 950 1561 nutrisce
976 1478 1073 1540 detto
1098 1476 1257 1539 Hutteno
1291 1487 1326 1540 et
1356 1498 1394 1539 se

131 1601 220 1645 serve
242 1582 277 1644 di
301 1582 350 1645 lui
374 1583 419 1645 ad
444 1581 525 1645 altri
548 1583 626 1645 suoi
651 1582 836 1665 propositi,
857 1584 991 1665 percite
1010 1582 1117 1645 melio
1134 1582 1208 1645 tien
1220 1584 1314 1663 ,uniti
1330 1604 1396 1667 per

131 1708 184 1750 suo
212 1690 356 1773 meggio
389 1690 470 1752 tutti
502 1689 618 1771 questi
642 1689 738 1753 conti
771 1699 808 1752 et
840 1688 951 1752 nobili
975 1690 1117 1771 poveri,
1153 1710 1231 1775 con·
1253 1690 1276 1752 li
1300 1690 1397 1773 quali

134 1792 312 1876 Sichingen
337 1816 478 1879 sempre
501 1797 548 1859 ba
571 1796 662 1859 fatto
687 1806 724 1860 et
747 1796 921 1878 pretende
945 1795 1000 1858 far
1017 1798 1051 1858 le
1067 1816 1130 1859 sue
1146 1814 1275 1878 guerre
1291 1817 1396 1860 senza

130 1922 206 1982 gran
234 1924 350 1985 spesa
397 1903 443 1965 Et
474 1903 509 1966 in
532 1922 619 1966 vero
653 1903 752 1966 detto
776 1902 972 1985 Sichingen
1004 1904 1111 1966 rebus
1141 1902 1191 1967 sic
1221 1904 1395 1967 stantibus

130 2018 175 2071 est
201 2020 312 2074 terror
337 2009 569 2091 Germaniae,
606 2029 652 2072 ex
680 2030 751 2092 quo
777 2030 900 2074 omnes
930 2010 989 2075 alii
1020 2020 1237 2091 torpescunt.
1284 2009 1338 2073 No
1362 2010 1394 2072 ci

131 2118 209 2179 vedu
235 2120 355 2180 buona
379 2138 552 2201 speranza
577 2117 611 2179 di
637 2120 736 2180 detto
758 2116 978 2199 Sichinghen
1002 2137 1067 2199 per
1092 2116 1161 2196 noi,
1186 2118 1237 2179 sel
1262 2137 1332 2181 non
1357 2138 1395 2181 se

130 2223 340 2287 dechiarasse
370 2224 551 2307 francese,
587 2245 608 2286 o
633 2227 772 2287 almeno
803 2226 955 2288 havesse
980 2232 1118 2286 secreta
1148 2223 1394 2305 intelligentia,
1502 2210 1504 2215 ⁵

130 2328 171 2390 dil
189 2331 252 2393 che
276 2352 321 2394 ne
345 2332 393 2393 ho
417 2332 568 2413 qualche
584 2330 781 2413 suspitione
805 2329 940 2412 perche
955 2330 1120 2393 Roberto
1137 2330 1232 2392 della
1247 2329 1395 2393 Maroha

130 2437 168 2497 ha
187 2458 254 2501 uno
268 2458 333 2501 suo
354 2440 577 2501 ambassator
600 2441 634 2501 al
652 2448 819 2520 presente
844 2446 881 2499 et
903 2436 1005 2517 quasi
1026 2434 1205 2498 ordinario
1222 2456 1394 2518 appresso

132 2544 217 2607 delto
239 2543 478 2626 Sichingben;
502 2566 566 2628 per
590 2547 641 2608 tal
664 2545 723 2608 via
746 2545 774 2607 si
799 2545 977 2626 potrebbe
1000 2540 1055 2604 far
1079 2543 1158 2604 chel
1182 2542 1394 2606 christianis-

131 2648 206 2713 simo
228 2654 406 2715 usarebbe
431 2654 582 2734 qualche
606 2655 678 2715 bon
702 2652 846 2732 meggio
867 2672 892 2712 a
916 2651 1059 2713 sbassar
1082 2648 1117 2711 la
1138 2649 1335 2731 petulantia
1360 2660 1395 2713 et

129 2758 156 2819 la
182 2758 400 2823 coniuration
432 2761 477 2821 de
501 2758 638 2822 Hutten
669 2758 730 2841 gia
753 2758 819 2820 che
843 2755 958 2838 questi
983 2754 1156 2818 cesariani
1186 2776 1252 2837 per
1275 2756 1395 2824 niente

129 2885 187 2928 non
210 2869 339 2930 voleno
364 2866 442 2931 fare
465 2865 652 2930 mutationi
677 2887 698 2929 o
722 2865 862 2929 tumulti
886 2865 921 2927 in
939 2874 1063 2945 questa
1081 2861 1281 2944 Germania,
1306 2885 1395 2946 quos

129 2981 232 3037 tamen
266 2975 349 3037 dum
383 2974 537 3037 maxime
570 2972 718 3055 cupiunt
753 2972 895 3036 blandis
929 2970 1042 3033 modis
1075 2971 1209 3033 evitare
1242 2971 1395 3035 maxime

129 3077 303 3144 incurrunt.
561 3153 567 3164 ,
1363 3144 1366 3152 ,

204 3188 243 3251 In
267 3207 403 3252 summa
427 3187 569 3252 Revme
593 3197 628 3250 et
652 3186 886 3250 illustrissime
903 3183 1066 3263 Domine,
1092 3183 1208 3264 agitur
1231 3204 1324 3248 nunc
1349 3185 1394 3248 de

130 3291 246 3357 aliare
269 3315 375 3378 quam
400 3296 445 3357 de
470 3295 644 3375 Luthero,
668 3293 818 3376 perche,
844 3312 944 3355 corne
969 3290 1047 3353 dice
1071 3291 1227 3371 Hutten,
1250 3293 1409 3372 quando

129 3398 210 3464 mille
226 3404 321 3465 volte
335 3402 493 3465 Luthero
508 3401 605 3484 fusse
620 3410 745 3483 mortu,
767 3420 806 3465 se
822 3398 1102 3482 descopriranno
1119 3405 1224 3460 cento
1237 3399 1393 3479 Lutheri,

130 3515 160 3567 et
179 3507 235 3588 gia
257 3530 345 3591 pare
375 3510 443 3572 che
474 3529 554 3571 esso
578 3509 714 3572 Hutten
738 3510 916 3571 vorrebbe.
946 3504 1098 3587 quadam
1123 3503 1256 3568 invidia
1280 3516 1395 3571 motus

129 3615 303 3679 vendicare
327 3615 397 3678 sibi
420 3615 552 3698 primas
576 3625 707 3698 parteS,
732 3615 757 3678 il
781 3616 847 3678 che
872 3613 1021 3676 farebbe
1044 3612 1230 3675 volentieri
1255 3633 1294 3676 se
1318 3635 1393 3697 spe-

130 3738 214 3784 rasse
243 3724 323 3786 chel
356 3725 491 3806 populo
525 3722 549 3786 li
582 3723 733 3785 havesse
765 3730 864 3784 tanta
897 3719 981 3781 fede
1016 3728 1148 3800 quanta
1181 3740 1201 3781 a
1226 3720 1393 3785 Luther0.

131 3825 257 3893 Ancora
280 3832 315 3892 el
338 3829 472 3892 scrivet
497 3831 640 3911 quando
665 3849 745 3892 esso
769 3826 962 3890 medesimo
985 3825 1082 3889 fusse
1099 3835 1213 3888 morto
1236 3846 1307 3890 non
1324 3847 1393 3890 res-

129 3933 194 3996 teri
221 3935 244 4000 il
266 3945 365 4000 resto
399 3937 495 3999 della
518 3936 666 3999 nobilita
700 3934 842 4017 seguire
877 3941 1001 4015 questa
1025 3941 1189 3994 concetta
1222 3931 1413 4024 impresa3,

130 4039 166 4101 ni
188 4043 205 4104 ὸ
228 4045 271 4107 da
295 4043 466 4106 dubbitar
489 4045 556 4106 che
580 4046 614 4106 la
637 4045 757 4106 hanno
781 4041 840 4124 gia
865 4040 1041 4102 destinata
1070 4038 1130 4121 piu
1154 4049 1274 4121 tempo
1298 4039 1334 4102 fa
1358 4049 1395 4103 et

130 4165 185 4210 con
207 4153 342 4232 grande
366 4169 513 4214 numero
538 4152 584 4213 de
608 4149 790 4214 coniurati.
837 4148 898 4211 Ad
922 4167 1002 4210 esso
1020 4145 1151 4209 Hutten
1170 4149 1228 4210 nel
1245 4148 1412 4210 castello.

131 4253 167 4314 de
180 4253 368 4340 Sichingen
392 4277 611 4339 concorreno
635 4256 716 4320 tutti
740 4255 856 4337 questi
877 4252 1091 4316 accademici
1107 4253 1276 4316 Rhenani
1301 4265 1336 4339 et
1359 4254 1393 4344 la

131 4361 204 4438 ogni
224 4385 292 4428 uno
315 4375 423 4427 mette
447 4363 471 4427 il
496 4364 659 4447 symbolo
684 4383 751 4426 con
769 4371 868 4426 tanto
884 4358 1000 4423 studio
1025 4367 1060 4422 et
1077 4369 1176 4423 tanta
1191 4359 1393 4430 elimatione

132 4467 188 4529 che
209 4470 226 4531 ὲ
247 4493 331 4552 cosa
356 4473 543 4554 stupenda.
583 4471 622 4534 Io
646 4473 681 4533 lo
705 4491 744 4532 so
768 4489 835 4551 per
857 4467 997 4530 diverse
1020 4466 1077 4528 vie
1103 4476 1139 4530 et
1154 4467 1394 4531 ultimamente

131 4573 169 4633 mi
190 4573 210 4635 ὸ
229 4589 361 4642 venuta
391 4579 427 4641 in
451 4578 545 4642 mani
576 4599 645 4641 una
676 4576 856 4647 cartecina
880 4575 915 4637 di
939 4574 1037 4636 detto
1062 4573 1197 4637 Hutten
1232 4576 1297 4638 che
1328 4595 1393 4657 par

130 4679 187 4741 che
217 4683 254 4746 sii
286 4705 357 4748 una
390 4685 564 4767 particula
598 4685 693 4748 della
725 4683 859 4746 minuta
892 4682 928 4745 di
962 4682 1079 4764 quella
1110 4682 1275 4764 Epistola¹
1304 4683 1394 4770 latta

38 4862 39 4867 ἵ
131 4798 239 4853 contra
267 4791 378 4874 preti,
413 4793 480 4856 che
512 4791 752 4854 &cancellata
781 4789 816 4852 in
850 4789 910 4870 piu
935 4788 971 4851 di
996 4798 1100 4851 cento
1131 4789 1267 4872 luocbi,
1303 4798 1393 4853 tutte

131 4895 220 4973 quasi
239 4897 272 4959 le
295 4900 420 4980 parole
444 4899 482 4961 X
507 4889 612 4961 volte
629 4907 779 4977 mutate,
813 4896 884 4958 alla
907 4898 1020 4960 barba
1052 4897 1107 4959 de’
1125 4898 1392 4986 nostrioratori
