3425 5700
684 518 931 581 0-435390*

167 675 271 729 tenus
296 667 486 749 diligenter
510 690 573 732 suo
599 670 718 733 officio
742 670 885 734 functus
909 680 980 750 est,
1015 679 1050 732 et
1072 689 1160 751 prae
1184 668 1347 732 omnibus
1371 666 1448 732 aliis

168 772 292 835 maiori
315 776 427 855 pollet
451 776 662 839 auctoritate
687 779 783 860 apud
807 799 929 842 omnes
946 777 1149 860 Principes;
1175 796 1254 839 cum
1278 778 1344 839 hoc
1377 761 1446 838 om-

167 878 253 942 nino
277 890 362 961 agat
386 890 507 945 orator
531 881 576 947 S:
593 884 632 947 T.
659 892 693 947 et
718 884 793 947 eius
822 885 944 948 audiat
975 883 1141 957 consilia;
1180 884 1297 965 quoad
1328 883 1447 965 aliqua

168 986 271 1066 (nihil
304 989 349 1050 ad
373 987 479 1052 fidem
511 991 738 1073 pertinentia)
767 991 877 1054 satius
901 1000 956 1054 est
988 991 1117 1054 cedere
1148 987 1205 1055 Se.
1241 988 1312 1071 Ap.
1343 1009 1448 1072 quam

169 1095 298 1157 cadere
323 1097 419 1177 apud
443 1096 622 1161 Ecclesiae
646 1097 878 1171 Germaniae;
911 1118 993 1161 nam
1016 1099 1127 1161 multa
1157 1107 1239 1160 sunt
1270 1117 1362 1179 quae
1391 1118 1448 1160 ne·

167 1200 243 1283 quit
268 1203 363 1265 ferre
388 1204 484 1268 natio
508 1214 641 1285 nostra,
674 1226 721 1267 ex
745 1206 874 1288 quibus
897 1206 995 1268 nulla
1018 1203 1157 1268 accedit
1181 1201 1265 1267 Sed.
1290 1205 1360 1287 Ap.
1384 1202 1447 1266 uti·

169 1308 251 1371 litas
276 1318 312 1372 et
343 1320 460 1374 tamen
486 1311 573 1375 mire
597 1312 787 1375 infamatur
810 1332 877 1395 per
901 1314 1019 1392 dolos,
1052 1321 1088 1373 et
1111 1310 1365 1394 sycophantias
1388 1310 1447 1373 ali·

166 1436 315 1497 quorum
332 1418 526 1484 curialium.
563 1418 649 1501 Quis
666 1419 758 1481 enirn
776 1420 930 1483 tolerare
953 1429 1077 1501 posset
1092 1419 1179 1481 istas
1193 1417 1448 1481 beneficiorum

167 1524 459 1605 nundinationeS,
495 1526 696 1608 ingressus,
721 1546 923 1608 regressus,
946 1525 1156 1608 pensionum
1182 1520 1448 1604 cumulationes

165 1630 278 1693 litium
290 1632 548 1713 divexationes,
561 1655 602 1696 ac
613 1634 707 1697 mille
717 1634 917 1697 huiusmodi
929 1654 1058 1716 perme
1072 1654 1142 1696 non
1156 1632 1265 1695 semel
1278 1633 1449 1694 adnotata

166 1758 209 1799 ac
230 1736 266 1801 S.
280 1739 320 1803 T.
340 1749 375 1801 et
397 1741 735 1821 praedecessoribus
754 1740 866 1804 Leoni
880 1742 928 1804 X.
947 1752 982 1803 et
1002 1740 1163 1803 Adriano
1177 1737 1291 1803 Sexto
1305 1740 1449 1802 oblata?

166 1844 205 1907 S.
214 1846 253 1907 T.
267 1866 346 1908 cum
359 1845 470 1909 Sacro
485 1846 724 1911 Cardinalium
737 1858 840 1911 coetu
854 1848 999 1929 cogitet,
1012 1859 1048 1910 ut
1062 1868 1132 1910 non
1145 1850 1258 1909 solum
1272 1853 1448 1907 oratorem

167 1951 380 2016 mittendum
415 1955 572 2035 eleganti
605 1975 646 2017 ac
672 1962 797 2017 ornata
821 1954 972 2030 instruat
996 1954 1177 2034 oratione,
1201 1948 1265 2015 sed
1288 1961 1324 2015 et
1351 1952 1448 2014 facto

165 2058 246 2139 ipso
283 2059 453 2123 exhibeat
493 2062 550 2124 vel
586 2060 738 2142 aliquam
774 2062 898 2125 saltem
934 2062 1114 2125 curialium
1150 2059 1449 2123 reformationem.

166 2165 347 2245 Quantum
371 2166 464 2229 enirn
488 2169 649 2231 scandali
673 2168 806 2231 oriatur
832 2190 877 2230 ex
909 2189 951 2231 eo
984 2169 1079 2251 quod
1112 2166 1196 2231 Sed.
1223 2166 1292 2249 Ap.
1316 2166 1450 2247 patitur

167 2292 226 2333 me
251 2272 396 2335 militem
421 2294 521 2337 suum
546 2274 708 2337 omnibus
739 2275 906 2357 periculis
938 2296 1003 2357 pro
1031 2277 1167 2338 honore
1201 2273 1358 2337 eiusdem
1386 2270 1447 2334 Se-

167 2380 223 2441 dis
259 2380 461 2461 expositum
486 2381 591 2443 toties
625 2382 777 2444 inaniter
813 2392 847 2444 et
880 2382 1124 2445 fraudulenter
1158 2379 1336 2459 divexari7
1371 2398 1449 2441 cum

166 2487 260 2548 enim
289 2506 354 2568 per
385 2488 545 2569 regulam
576 2508 675 2551 suam
713 2489 934 2551 constituerit
969 2490 1149 2552 Adrianus
1183 2508 1354 2551 concessa
1384 2508 1450 2570 per

165 2593 298 2673 Julium
332 2593 425 2656 infra
466 2615 529 2657 sex
565 2616 705 2657 menses
735 2596 913 2676 expediri,
948 2595 1174 2659 adversarius
1204 2616 1303 2659 meus
1335 2596 1448 2657 solum

164 2702 283 2762 soluta
308 2700 460 2782 pecunia
484 2702 517 2764 in
543 2701 670 2765 officiis
694 2703 842 2783 expedit
865 2703 1007 2765 lieteras
1030 2704 1095 2765 sub
1119 2713 1246 2784 quarto
1265 2700 1448 2775 Pontifice,

165 2816 294 2870 contra
318 2807 434 2870 stilum
462 2808 587 2872 Curiae
611 2808 816 2889 Romanae,
848 2830 918 2873 non
951 2812 1065 2873 solum
1098 2818 1181 2892 post
1208 2829 1273 2872 sex
1297 2828 1448 2884 menses

165 2915 231 2976 sed
261 2923 344 2997 post
367 2924 422 2978 ter
446 2936 510 2977 sex
535 2935 684 2978 menses.
732 2916 776 2979 Et
800 2915 882 2998 quia
907 2916 1069 2980 Ecclesia
1098 2916 1159 2979 illa
1187 2936 1266 2979 mea
1288 2915 1447 2998 parochi·

165 3021 232 3084 alis
266 3041 372 3102 quam
397 3022 523 3102 accepi
545 3043 592 3084 ex
616 3024 877 3104 permutatione
900 3045 966 3106 pro
991 3023 1211 3087 Canonicatu
1235 3023 1447 3105 Augustano

166 3131 286 3209 (quem
314 3138 391 3191 tuto
423 3129 607 3209 possidere
637 3150 707 3192 non
738 3141 900 3211 poteram
933 3135 980 3194 ob
1013 3141 1143 3195 metum
1172 3122 1448 3208 ldtheranorum)

165 3256 234 3318 per
257 3235 411 3298 heresim
436 3238 668 3315 lutheranam,
694 3247 729 3299 et
753 3240 876 3300 cedem
901 3238 1110 3300 rusticorum
1125 3237 1175 3299 ibi
1190 3236 1332 3315 factam,
1356 3237 1447 3299 adeo

165 3353 223 3407 est
239 3352 444 3422 extenuata,
461 3345 556 3424 quod
573 3343 708 3406 fructus
722 3343 796 3406 eius
810 3363 881 3406 non
898 3346 1008 3406 solum
1026 3364 1097 3406 non
1112 3343 1292 3425 attingunt
1303 3343 1449 3424 duplum

164 3449 368 3533 pensioniS,
393 3451 455 3512 sed
481 3469 546 3512 nec
571 3450 683 3532 ipsam
708 3451 926 3531 pensionem.
972 3450 1165 3532 Impetraui
1194 3471 1215 3513 a
1249 3452 1285 3513 S.
1314 3449 1354 3512 T.
1399 3449 1447 3510 iu-

164 3557 281 3620 dicem
298 3556 585 3620 Commissarium
596 3556 774 3620 Vicarium
800 3556 967 3638 Episcopi
991 3555 1204 3637 Augustani,
1229 3556 1287 3637 qui
1311 3553 1448 3617 vicinus

164 3665 294 3727 melius
320 3663 419 3726 novit
444 3665 692 3727 detrimentum
726 3663 910 3727 Ecclesiae
944 3663 1164 3746 intelligere,
1188 3671 1227 3724 ut
1249 3665 1308 3725 vel
1332 3663 1377 3724 ad
1402 3660 1449 3723 iu·

163 3781 258 3833 stam
283 3771 518 3852 quantitatem
542 3770 667 3852 pensio
691 3771 769 3853 ipsa
792 3771 1031 3832 reduceretur.
1067 3770 1223 3832 Dolosus
1247 3779 1364 3830 autem
1388 3767 1448 3829 ille

163 3879 309 3941 vetulus
334 3877 532 3940 curtisanus
557 3877 741 3940 fraudibus
764 3887 932 3939 consutus
954 3875 1121 3957 impetrat
1144 3897 1166 3938 a
1189 3873 1225 3937 S.
1242 3875 1281 3936 T.
1307 3893 1449 3937 causam

163 3984 339 4047 advocari
364 3984 410 4046 ad
434 3983 588 4062 Rotam,
622 3994 656 4046 et
689 3983 723 4045 in
755 3983 834 4065 ipsa
867 3982 1126 4063 supplicatione
1150 3982 1281 4043 nullam
1305 3979 1447 4043 omnino

165 4111 313 4154 causam
340 4091 500 4171 assignat
524 4091 722 4172 repellendi
746 4091 896 4153 iudicem
926 4110 948 4152 a
980 4087 1037 4152 Se.
1063 4089 1133 4169 Ap.
1167 4088 1297 4150 datum.
1354 4085 1448 4168 Quid

164 4217 260 4262 nunc
290 4197 405 4260 dicam
431 4197 535 4260 facile
569 4197 736 4280 intelligit
769 4195 804 4259 S.
829 4196 869 4259 T.
899 4216 977 4258 cum
1002 4193 1208 4257 'Ecclesiam
1239 4195 1448 4256 decrescere

163 4305 201 4367 in
226 4303 404 4366 fructibus
429 4303 473 4365 sit
497 4304 582 4366 facti
607 4325 676 4367 non
710 4303 808 4384 iuris,
842 4323 886 4365 an
921 4323 991 4364 non
1023 4302 1147 4366 melius
1175 4301 1351 4382 potuisset
1379 4301 1448 4362 hoc

163 4411 390 4474 intellexisse
414 4411 532 4488 Judex
564 4411 623 4492 qui
654 4422 708 4474 est
738 4411 772 4472 in
804 4411 898 4487 loco,
931 4429 1035 4490 quam
1060 4408 1173 4486 Judex
1210 4406 1448 4488 transalpinus

164 4519 333 4580 Rornae?
380 4517 493 4580 Porro
514 4518 692 4599 quomodo
722 4537 790 4579 non
815 4515 967 4597 provide
991 4513 1140 4576 dederat
1164 4511 1199 4575 S.
1224 4513 1263 4576 T.
1287 4513 1447 4593 Judicem

163 4628 260 4688 hunc
285 4623 320 4686 in
346 4643 450 4704 quem
474 4624 543 4685 iarn
568 4624 643 4686 sine
668 4622 762 4686 omni
787 4641 894 4684 causa
917 4622 962 4682 ad
977 4620 1107 4683 nudam
1124 4617 1332 4700 petitionem
1356 4617 1449 4681 illius

166 4729 351 4794 Curtisani
375 4740 537 4793 revocat:
570 4750 662 4812 quae
686 4728 838 4792 facilitas
863 4738 1032 4809 quantum
1057 4726 1239 4788 imminuat
1263 4725 1447 4789 auctorita·

163 4851 237 4901 tem
263 4835 345 4902 Sed.
371 4838 440 4918 Ap.
472 4856 538 4918 pro
569 4833 812 4918 magnitudine
844 4831 1055 4916 prudentiae
1084 4853 1169 4894 suae
1201 4831 1236 4898 S.
1270 4833 1309 4896 T.
1342 4831 1448 4896 facile
