3425 5700
843 558 1091 624 &ledii-⁶

325 709 500 796 possimus
525 709 704 778 devotioni
730 724 811 778 tuae
835 713 1013 778 affirmare
1038 715 1125 779 nihil
1150 734 1215 778 nos
1239 731 1305 777 nec
1329 710 1513 777 iucundius
1534 709 1590 775 hoc

326 833 499 904 tempore,
524 841 589 884 nec
614 831 652 884 ut
677 819 783 886 etiam
807 822 1020 886 arbitramur
1044 824 1089 886 ad
1122 843 1306 886 comunem
1336 822 1490 886 omnium
1519 819 1591 883 fide-

326 928 410 990 lium
444 929 593 992 salutem
626 928 891 992 accomodatius
922 929 1087 1011 accipere
1120 930 1290 1012 potuisse.
1338 928 1377 992 Si
1408 929 1502 992 enim
1523 926 1591 990 huic

326 1033 480 1098 Sanctae
506 1033 591 1098 Sedi
617 1036 858 1116 Apostolicae‚
883 1035 939 1099 cui
963 1037 1085 1100 divina
1107 1037 1339 1100 Providentia
1363 1036 1592 1119 praesidemus

327 1143 445 1205 omnia
474 1145 649 1206 debentur
674 1163 696 1205 a
728 1143 845 1223 nobis,
879 1143 1116 1223 gratissimam
1148 1146 1342 1208 habeamus
1373 1162 1520 1205 necesse
1548 1149 1594 1202 est

326 1250 402 1312 eius
425 1269 490 1330 per
514 1259 549 1312 te
573 1261 775 1332 susceptam
800 1251 1144 1332 propugnationem
1176 1251 1206 1314 si
1230 1272 1317 1314 vero
1341 1271 1407 1332 pro
1432 1248 1593 1312 catholica

326 1356 477 1418 veritate
509 1357 643 1419 tuenda
667 1366 703 1418 et
726 1376 791 1439 pro
816 1375 930 1438 grege
954 1367 1076 1420 nostro
1101 1379 1123 1420 a
1146 1358 1285 1441 laqueis
1313 1356 1492 1420 Sathanae
1521 1354 1593 1417 libe·

325 1465 438 1526 rando
473 1471 509 1526 et
533 1463 650 1526 omnia
681 1462 842 1544 perferre
875 1464 1036 1545 quamvis
1067 1485 1195 1547 aspera
1230 1476 1266 1528 et
1298 1464 1424 1544 gravia
1454 1474 1490 1526 et
1518 1460 1594 1524 mori

325 1571 430 1633 etiam
455 1588 656 1652 possumus,
680 1590 750 1652 quo
775 1570 990 1652 accipiemus
1013 1571 1146 1652 gaudio
1163 1575 1270 1635 talem
1293 1593 1358 1653 per
1383 1581 1417 1632 te
1441 1569 1594 1652 publicae

326 1676 430 1740 saluti
454 1686 620 1740 navatam
644 1697 801 1758 operam,
826 1699 872 1738 ex
896 1698 967 1758 qua
991 1678 1107 1740 aditus
1130 1677 1247 1741 factus
1271 1679 1331 1759 sit,
1362 1680 1407 1740 ad
1431 1679 1523 1739 hanc
1545 1675 1594 1736 im·

327 1806 466 1848 manem
490 1795 628 1866 pestem
653 1805 698 1846 ex
723 1784 892 1847 cordibus
916 1795 952 1847 et
976 1785 1152 1848 mentibus
1177 1784 1361 1848 christiani
1392 1782 1516 1867 populi
1545 1801 1594 1843 ex-

326 1893 538 1955 cidendam?
586 1891 688 1973 Quod
715 1910 794 1954 cum
818 1891 868 1953 ita
893 1891 948 1971 sit,
973 1912 1101 1973 resque
1118 1893 1198 1954 Deo
1215 1896 1361 1974 auspice
1384 1894 1477 1953 bene
1501 1896 1595 1969 cepta

324 2021 390 2082 per
425 2011 521 2062 tuam
555 1999 721 2062 virtutem
757 2009 791 2060 et
825 1998 1022 2061 charissimi
1055 1999 1089 2060 in
1124 1998 1265 2061 Christo
1289 1997 1352 2060 filii
1387 1996 1497 2060 nostri
1521 1993 1596 2058 Cae·

325 2107 413 2170 saris
458 2104 564 2168 animi
607 2105 877 2182 excellentiam,
919 2115 1213 2186 caeterorumque
1250 2125 1438 2186 procerum
1473 2113 1596 2165 rectam

326 2215 545 2275 voluntatem
571 2214 616 2275 ad
642 2221 737 2275 tuum
763 2222 943 2294 speratum
968 2211 1074 2274 finem
1098 2212 1235 2274 directa
1258 2211 1314 2291 sit,
1338 2222 1373 2274 te
1399 2231 1469 2272 non
1494 2211 1596 2271 solum

325 2321 556 2382 vehementer
592 2320 880 2382 commendamus
917 2318 952 2380 in
993 2319 1157 2396 domino,
1193 2321 1255 2381 sed
1292 2319 1438 2398 insuper
1472 2315 1597 2398 gratias

326 2427 481 2507 agimus,
516 2445 717 2507 quanquam
746 2435 781 2486 te
813 2426 974 2487 volumus
1007 2427 1041 2486 in
1076 2435 1152 2487 toto
1176 2428 1244 2488 hoc
1269 2425 1422 2504 negocio
1446 2445 1514 2487 non
1539 2441 1597 2484 nos

325 2533 424 2614 ipsos
448 2534 646 2614 gratiamve
664 2542 830 2611 nostram,
856 2534 920 2593 sed
936 2532 1051 2594 Deum
1072 2542 1108 2594 et
1121 2533 1189 2595 Dei
1212 2532 1317 2594 fidem
1336 2544 1371 2593 et
1387 2530 1596 2612 reipublicae

325 2642 473 2702 salutem
499 2639 637 2704 intueri.
686 2637 818 2700 Verum
843 2639 932 2700 haec
957 2658 1099 2720 quoque
1123 2659 1312 2702 accessura
1335 2648 1417 2700 sunt
1442 2656 1530 2719 quae
1553 2635 1597 2696 ita

326 2748 429 2810 nobis
452 2747 486 2809 in
513 2746 630 2809 animo
655 2755 735 2808 sunt
760 2743 872 2808 infixa
896 2756 934 2808 ut
958 2748 1070 2808 donec
1096 2757 1191 2808 tuam
1225 2744 1408 2827 egregiam
1442 2744 1597 2806 virtutem

324 2855 443 2937 aliquo
469 2865 611 2918 nostrae
635 2854 860 2917 liberalitatis
880 2854 1012 2937 insigni
1036 2854 1238 2917 testimonio
1264 2874 1334 2916 non
1351 2852 1597 2926 ornaverimus,

325 2983 394 3026 non
432 2962 517 3025 satis
542 2961 725 3023 videamur
750 2980 828 3023 esse
862 2962 1034 3042 quieturi,
1070 2962 1160 3024 sicut
1195 2960 1299 3024 latius
1334 2971 1452 3023 tecum
1485 2955 1596 3020 nuncii

324 3069 434 3133 nostri
452 3080 574 3131 nostro
591 3069 732 3131 nomine
749 3070 947 3149 loquentur,
972 3071 1100 3150 quibus
1123 3069 1229 3131 fidem
1246 3067 1407 3129 habebis.
1456 3067 1533 3128 Dat.
1564 3062 1596 3124 in

324 3178 408 3240 villa
433 3186 555 3239 nostra
579 3176 760 3247 Malliana,
784 3175 842 3237 die
867 3176 982 3256 prima
1006 3175 1091 3238 Maii
1122 3197 1216 3254 ¹52¹·

937 3623 989 3688 86.

643 3739 710 3820 Lao
739 3740 781 3821 ll
809 3740 1033 3820 Electoribus
1063 3736 1282 3819 Germaniae.

777 3887 878 3957 (Nuut.
897 3887 1022 3946 German.
1040 3886 1072 3943 11.
1090 3886 1144 3956 80.)

739 4006 816 4073 (Cum
836 4008 931 4055 litteris
954 4020 992 4069 14.
1013 4008 1078 4056 Maii
1102 4004 1187 4074 1521.)

412 4133 487 4195 Etsi
517 4132 645 4195 litteris
675 4151 817 4213 quoque
848 4130 1055 4193 nunciorum
1088 4140 1289 4193 nostrorum
1321 4130 1594 4209 testimoniisque

324 4244 528 4318 multorum,
560 4250 632 4301 tum
665 4239 744 4319 ipsa
774 4236 946 4318 imprimis
979 4236 1074 4299 fama
1105 4237 1313 4320 divulgante
1345 4259 1438 4320 quae
1470 4239 1592 4301 nullum

322 4350 450 4411 clarius
475 4347 606 4409 lactum
632 4347 744 4407 latere
779 4343 883 4424 sinit,
919 4344 964 4406 ad
989 4363 1054 4405 nos
1085 4346 1261 4426 perlatum
1294 4358 1348 4407 est
1373 4345 1593 4409 Nobilitatem

323 4467 419 4518 tuam
443 4455 476 4515 in
502 4455 569 4515 hac
595 4472 701 4514 causa
725 4450 760 4512 in
786 4470 855 4531 qua
873 4450 1070 4513 catholicae
1094 4449 1177 4514 fidei
1194 4454 1289 4514 salus
1314 4462 1349 4515 et
1372 4453 1505 4515 veritas
1521 4470 1594 4513 con·

323 4563 490 4641 sistebat,
525 4570 661 4622 tantam
693 4556 890 4640 prestitisse
916 4557 1079 4620 virtutem
1112 4579 1153 4621 ac
1182 4558 1391 4621 damnandis
1422 4558 1597 4622 erroribus

323 4666 467 4730 Martini
492 4665 638 4728 Lutheri
661 4665 812 4746 ipsoque
837 4683 903 4744 pro
926 4663 1106 4726 haeretico
1116 4713 1124 4745 ,
1157 4674 1196 4727 ut
1220 4666 1363 4747 quidem
1396 4679 1471 4742 est,
1500 4684 1597 4748 repu-

323 4776 433 4838 tando
465 4784 599 4836 tantam
631 4771 835 4835 adhibuisse
868 4780 904 4831 et
933 4770 1142 4851 religionem
1173 4772 1274 4835 simul
1307 4782 1343 4834 et
1366 4773 1598 4855 prudentiam,

322 4894 361 4949 ut
395 4894 491 4943 certe
525 4881 602 4943 lleo
638 4878 773 4961 gratias
806 4877 978 4940 maximas
1014 4899 1123 4960 agere
1157 4880 1351 4943 debeamus
1380 4883 1476 4963 quod
1512 4883 1598 4944 tales
