3425 5700
813 570 1060 631 metue*

297 722 471 807 cipalibus
494 721 680 787 terminum
705 730 741 785 et
764 724 881 786 locum
904 723 950 785 ad
981 721 1196 785 audiendum
1225 740 1292 804 per
1325 740 1390 786 nos
1424 722 1572 787 diffiniti-

297 854 378 895 vam
401 832 437 894 in
461 830 602 912 scriptis
627 829 712 895 ferri
737 840 773 892 et
796 828 1041 911 pronunctiari
1064 828 1287 910 sententiam,
1312 850 1383 913 quo
1407 831 1465 893 die
1488 832 1575 894 hora

298 950 334 1004 et
360 942 440 1003 loco
472 938 699 1020 presentibus
732 935 1002 1017 assignavimus.
1071 934 1118 999 Et
1152 956 1198 999 ne
1232 938 1420 1000 clementie
1457 949 1574 1001 nostre

298 1046 430 1129 aliquid
454 1047 490 1108 in
515 1055 587 1109 tam
610 1043 713 1127 gravi
730 1043 876 1125 negotio
902 1042 1028 1106 deesse
1044 1038 1236 1124 videretur,
1260 1043 1405 1107 eosdem
1419 1054 1576 1107 rectores

299 1163 335 1217 et
357 1154 512 1236 priorem
537 1160 685 1235 paterne
719 1162 802 1214 tunc
836 1170 978 1234 quoque
1009 1150 1288 1214 commonuimus
1321 1161 1356 1214 et
1388 1172 1450 1216 seu
1488 1172 1576 1214 com·

298 1260 433 1325 moneri
458 1260 626 1339 fecimus,
663 1279 732 1341 quo
762 1261 807 1321 ab
832 1259 992 1321 erroneis
1016 1278 1136 1321 corum
1162 1258 1390 1341 dogmatibus
1412 1269 1449 1323 et
1472 1260 1578 1322 sectis

299 1367 507 1432 scismaticis
530 1368 597 1429 hac
621 1375 834 1447 tempestate
857 1367 953 1429 haud
982 1382 1157 1447 quaquam
1193 1364 1348 1428 inventis
1376 1375 1412 1429 et
1435 1367 1578 1449 excogi-

298 1475 401 1557 tatis,
432 1475 495 1537 sed
529 1472 664 1555 antiqui
692 1471 785 1536 illius
809 1472 986 1554 serpentis
1010 1470 1190 1535 afflatibus
1213 1471 1447 1553 resuscitatis,
1471 1484 1577 1554 atque

299 1584 345 1645 ab
368 1579 560 1647 universali
584 1578 746 1643 Ecclesia
769 1578 837 1641 iam
862 1578 994 1642 dudum
1019 1577 1194 1641 damnatis
1218 1589 1254 1640 et
1281 1580 1484 1660 reprobatis
1507 1581 1577 1661 qui-

299 1691 366 1751 bus
388 1684 455 1770 ipsi
479 1686 628 1750 involuti
650 1704 729 1749 esse
746 1688 1086 1769 cognoscesbantur,
1109 1684 1371 1767 resipiscerent,
1395 1692 1434 1749 et
1455 1687 1580 1750 adcor

300 1804 336 1859 et
359 1803 481 1857 sancte
508 1792 634 1857 histris
658 1790 819 1856 Ecclesia
842 1792 1015 1855 unitatem
1044 1792 1160 1855 redire
1182 1792 1333 1873 vellent,
1368 1812 1431 1856 eos
1453 1794 1490 1859 in
1513 1794 1580 1857 vis·

300 1902 440 1965 ceribus
464 1898 645 1963 charitatis
668 1898 922 1980 benignissime
945 1896 1134 1979 recepturi.
1174 1898 1260 1961 Cum
1285 1907 1403 1963 autem
1421 1912 1581 1963 rectores

300 2018 336 2072 et
359 2007 457 2089 prior
480 2007 681 2070 exadverso
705 2004 923 2087 principales
945 2004 1098 2086 predicti
1129 2004 1243 2087 magis
1272 2004 1438 2069 indurato
1471 2009 1579 2071 corde

300 2115 335 2179 in
368 2134 489 2179 eorum
521 2112 701 2176 erroribus
729 2122 764 2175 et
795 2111 935 2178 delictis
964 2110 1172 2194 persistent,
1210 2110 1287 2174 Nos
1316 2130 1389 2175 non
1419 2116 1581 2177 valentes

301 2242 421 2285 eorum
445 2220 724 2283 inobedientiam
748 2230 784 2284 et
807 2219 1064 2300 temeritatem,
1097 2239 1140 2281 ac
1163 2218 1221 2299 pie
1245 2219 1362 2300 plebis
1386 2219 1580 2285 animarum

300 2329 458 2410 pericula
483 2327 613 2390 diutius
644 2328 780 2406 celare,
816 2326 1005 2407 prehabita
1028 2324 1138 2407 igitur
1167 2325 1202 2385 in
1227 2324 1377 2407 singulis
1390 2328 1581 2409 premissis,

301 2454 380 2497 cum
404 2432 627 2515 peritissimis
651 2434 737 2500 viris
767 2433 873 2497 nobis
903 2434 957 2518 ob,
973 2432 1010 2493 id
1042 2430 1212 2495 adhibitis
1239 2442 1378 2495 matura
1408 2435 1580 2498 delibera·

301 2542 413 2621 tione,
446 2562 487 2603 ac
524 2541 678 2624 cognitis
715 2540 915 2603 huiusmodi
948 2560 1055 2603 cause
1082 2539 1236 2620 meritis,
1272 2537 1406 2602 suffulti
1439 2560 1580 2623 quoque

301 2659 374 2711 tum
399 2649 610 2731 Apostolica
633 2648 736 2712 nobis
760 2649 795 2711 in
827 2650 895 2711 hac
925 2660 1028 2729 parte
1052 2667 1242 2721 concessa,
1271 2658 1309 2711 et
1337 2658 1458 2711 nostra
1489 2650 1581 2712 ordi·

302 2755 412 2833 naria,
437 2754 617 2836 Imperiali
641 2774 783 2837 quoque
819 2754 1105 2835 auctoritatibus,
1141 2767 1176 2817 et
1213 2753 1479 2837 Omnipotentis
1514 2756 1582 2819 Dei

302 2863 411 2926 nostri
434 2862 516 2926 freti
532 2863 699 2944 presidio,
725 2874 882 2926 nostram
906 2863 942 2926 in
966 2863 1107 2944 scriptis
1131 2861 1274 2925 tulimus
1298 2873 1334 2924 et
1357 2862 1581 2945 pronunctia-

302 2970 415 3036 vimus
449 2969 668 3033 Sententiam
700 2967 925 3033 diffinitivam
957 2969 993 3032 in
1024 2970 1115 3032 hunc
1149 2968 1209 3050 qui
1242 2968 1402 3049 sequitur
1429 2971 1584 3035 modum.

303 3077 432 3140 Christi
457 3075 661 3140 Servatoris
685 3076 795 3140 nostri
820 3077 962 3140 nomine
986 3076 1153 3140 invocato
1177 3095 1243 3157 pro
1266 3074 1436 3138 tribunali
1460 3078 1583 3140 seden-

302 3195 375 3264 tes,
401 3195 436 3247 et
460 3187 573 3247 solum
607 3185 720 3247 Deum
754 3204 819 3265 pre
849 3185 963 3248 oculis
986 3185 1178 3263 habenteS,
1206 3202 1272 3264 per
1298 3183 1392 3245 hanc
1426 3192 1586 3247 nostram

303 3289 526 3353 diffinitivam
543 3291 764 3370 sententiam,
791 3310 896 3372 quam
912 3293 957 3353 de
973 3291 1168 3372 peritorum
1191 3289 1342 3378 consilio
1366 3299 1404 3352 et
1425 3310 1588 3372 assensu,

302 3397 338 3460 in
362 3397 429 3460 hiis
453 3397 593 3479 scriptis
617 3396 780 3478 serimus,
810 3397 1119 3479 pronunctiemus,
1144 3395 1383 3477 decernimus,
1407 3405 1444 3459 et
1467 3397 1585 3461 decla·

304 3524 432 3585 ramus,
456 3504 491 3566 in
518 3525 591 3568 cau·
605 3525 626 3566 a
641 3514 677 3566 et
693 3504 820 3586 causiS,
845 3525 915 3586 que
931 3525 1052 3567 coram
1069 3505 1173 3567 nobis
1189 3503 1386 3585 Wygando
1402 3499 1588 3585 Episcopo

305 3619 341 3672 et
363 3610 479 3674 iudice
503 3611 661 3692 prelato,
694 3631 760 3693 per
787 3611 881 3674 viam
912 3611 1166 3693 inquisitionis,
1190 3620 1324 3692 agente
1344 3609 1590 3674 Procuratore

304 3715 381 3780 fisci
411 3718 523 3780 nostri
557 3739 601 3781 ex
638 3738 722 3800 una,
748 3728 783 3781 et
807 3718 1004 3801 Georgium
1029 3719 1169 3797 Pesler,
1201 3717 1325 3780 Sancti
1350 3713 1519 3798 Sebaldi,
1544 3739 1590 3781 ac

305 3823 498 3887 Hectorem
524 3825 691 3906 Poemer,
716 3825 831 3888 sancti
855 3825 1055 3905 Laurentii,
1083 3823 1339 3908 parochialium
1364 3823 1591 3890 Ecclesiasti-

305 3951 425 3994 carum
454 3930 552 4013 opidi
575 3931 885 4014 Nurenbergensis
909 3942 1082 4012 rectores,
1118 3931 1325 4013 Prepositos
1349 3941 1593 4015 nuncupatos,

304 4057 347 4100 ac
360 4037 605 4119 Volfgangum
622 4037 831 4120 Volprecht,
855 4037 1062 4101 monasterii
1085 4037 1234 4101 fratrum
1257 4037 1393 4100 ordinis
1414 4036 1592 4104 Eremita·

304 4164 381 4207 rum
405 4141 528 4206 Sancti
553 4145 755 4225 Augustini,
780 4145 938 4208 eiusdem
963 4145 1071 4227 opidi,
1098 4155 1218 4208 nostre
1243 4143 1405 4224 diocesis,
1428 4146 1592 4227 priorem

305 4260 492 4333 pretensos
517 4251 759 4331 adversarios,
785 4252 987 4314 exadverso
1011 4251 1230 4333 principales
1260 4250 1505 4331 supradictos,
1543 4256 1592 4318 de

306 4368 341 4419 et
365 4377 482 4439 super,
507 4359 701 4420 eorundem
726 4359 926 4421 exadverso
951 4357 1199 4440 principalium
1230 4365 1266 4418 et
1299 4375 1419 4418 eorum
1443 4358 1592 4423 cuiusli-

304 4465 377 4544 bet,
401 4472 567 4545 pretensa
593 4463 788 4528 variatione
813 4473 849 4528 et
872 4465 1075 4546 novatione,
1100 4484 1141 4527 ac
1165 4464 1200 4527 in
1217 4464 1335 4526 multis
1357 4463 1593 4546 obmissione,

305 4589 484 4633 sacrorum
495 4571 634 4651 rituum,
648 4591 690 4634 ac
701 4569 1011 4636 Sacramentorum
1025 4570 1355 4634 Ecclesiasticorum
1369 4569 1406 4634 in
1414 4567 1595 4638 Sanctam

305 4675 500 4739 Ecclesiam
516 4677 702 4758 prefatam,
721 4687 827 4760 atque
841 4689 1008 4761 nostram,
1025 4678 1199 4742 scismatis
1214 4696 1355 4760 quoque
1369 4676 1596 4764 criminibus,

305 4781 453 4864 aliisque
478 4784 710 4866 excessibus,
738 4792 774 4847 et
798 4785 959 4866 delictis,
992 4804 1057 4868 per
1081 4785 1242 4866 prefatos
1266 4786 1468 4848 exadverao
1491 4787 1594 4868 prin·

304 4889 459 4972 cipales,
493 4899 530 4954 et
553 4890 747 4972 quemlibet
771 4908 912 4975 eorum,
948 4892 1148 4974 respective
1172 4890 1360 4956 temerarie
1392 4902 1429 4954 et
1451 4890 1596 4982 illicite,
