3425 5700
40 4805 55 5058 Ρ)

662 559 891 616 0-43438Η

157 707 182 768 d'
198 707 276 770 altri.
324 706 440 768 Tanto
465 707 530 768 che
555 706 650 768 dicto
675 705 781 768 Mess.
807 706 961 768 Micheie
985 707 1079 768 ando
1104 705 1221 768 subito
1246 705 1282 767 di
1310 725 1417 787 sopra

156 815 183 874 al
204 814 264 893 Re,
288 814 382 875 dove
408 833 469 876 era
493 811 703 878 Sedunense
728 835 749 874 a
774 814 1044 876 lamentarsene.
1093 812 1198 875 Dicto
1222 813 1329 876 Mese.
1354 813 1416 874 Mi-

156 922 240 982 chele
267 921 386 983 hebbe
418 921 555 1000 grande
580 940 705 1001 paura;
739 925 766 982 sl
799 922 865 982 che
896 919 1011 1001 questi
1035 918 1180 982 barbari
1204 940 1243 982 se
1266 930 1417 1001 porteno

157 1030 248 1090 molto
269 1028 370 1091 male.
417 1027 457 1090 ln
482 1026 666 1090 Vormatia
692 1027 806 1088 XXII
830 1027 909 1113 (sic)
933 1026 1092 1106 Januarii
1116 1025 1298 1089 MDXXI.

756 1459 805 1522 16.

455 1591 845 1672 vicecancellarius
874 1593 1091 1673 llecndrc.

546 1739 689 1809 (Nuntiat.
710 1739 835 1798 comm
853 1739 884 1797 L.
902 1737 947 1798 ici
966 1739 1012 1809 li)

214 1857 259 1922 (Ex
279 1861 344 1909 Palo
366 1861 519 1909 Ponuensis
539 1861 668 1908 dioecesis
689 1861 729 1908 28.
750 1862 860 1924 Jenuar.
879 1886 913 1897 -
933 1859 1098 1908 Wormatiae
1116 1872 1142 1920 9.
1161 1861 1240 1908 Febr.
1263 1861 1347 1922 1521.)

350 1985 569 2047 Reverende
594 1994 697 2066 pater
724 1982 848 2046 Amice
873 1982 919 2045 mi
947 1983 1151 2064 praecipue.

233 2109 278 2172 ica
302 2111 430 2172 lettera
446 2121 482 2172 et
499 2129 610 2190 opera
630 2117 667 2171 et
682 2107 815 2171 fatiche
831 2118 951 2170 vostre
969 2129 1076 2190 sopra
1092 2128 1200 2172 causa
1216 2107 1419 2170 lutheriana

157 2233 230 2276 sono
252 2215 485 2278 accettissime
510 2237 531 2276 a
555 2215 686 2277 Nostro
712 2213 885 2296 Signore,
919 2214 978 2296 qui
1002 2215 1227 2278 commendat
1250 2214 1285 2276 in
1310 2235 1354 2277 ea
1379 2233 1418 2276 re

157 2321 299 2400 studium,
325 2321 430 2385 fidem
456 2343 497 2384 ac
521 2321 747 2404 prudentiam
772 2329 937 2401 vestram,
960 2324 1193 2403 hortaturque
1217 2320 1420 2403 perduretis

158 2437 277 2492 etcum
301 2429 475 2493 modestia
500 2449 541 2492 ac
565 2428 737 2511 patientia
761 2428 896 2510 geratis
920 2428 1195 2510 sustineatisque
1221 2428 1347 2492 omnia.
1397 2467 1405 2478 -

232 2535 387 2600 Havrete
418 2557 485 2599 con
512 2547 638 2618 questa
670 2557 741 2598 una
772 2535 808 2598 di
838 2535 977 2598 cambio
1003 2536 1037 2598 di
1063 2556 1128 2613 400
1152 2534 1281 2598 Ducati
1306 2534 1418 2598 d'oro

156 2641 290 2706 drizzata
316 2665 338 2706 a
362 2643 551 2716 Foccheri;
585 2643 712 2707 usateli
738 2665 781 2707 ne
813 2642 956 2724 bisogni
983 2643 1094 2706 vostri
1119 2653 1155 2706 et
1178 2643 1273 2705 della
1297 2661 1418 2712 causa;

156 2768 214 2811 non
244 2751 400 2814 dubitate
433 2751 468 2813 vi
495 2771 533 2814 sc
557 2751 667 2814 haubi
691 2772 713 2814 a
738 2770 921 2830 mancare,
952 2753 1029 2814 solo
1054 2771 1092 2812 se
1116 2752 1152 2812 vi
1176 2748 1374 2812 advertisse
1398 2771 1419 2811 a

156 2859 317 2937 spenderli
342 2861 525 2923 utilmente
551 2870 586 2923 et
610 2880 681 2922 non
706 2860 741 2922 in
767 2880 850 2923 cose
875 2858 1064 2941 superflue,
1089 2879 1190 2923 come
1214 2878 1311 2923 semo
1332 2857 1418 2920 certi

154 2962 262 3029 farere.

230 3074 385 3137 Havrete
410 3076 567 3136 anchora
591 3076 660 3137 due
685 3076 781 3137 boile
805 3074 987 3157 piombate
1012 3084 1225 3139 novamente
1249 3074 1339 3137 fatte
1366 3094 1418 3136 so·

153 3198 208 3259 pra
229 3182 261 3243 la
283 3201 393 3244 causa
416 3180 453 3243 di
477 3182 621 3262 Luther‚
646 3180 681 3244 in
706 3202 777 3245 una
801 3190 855 3245 est
879 3182 1030 3246 facultas
1055 3182 1291 3246 substituendi
1316 3202 1337 3245 a
1360 3201 1419 3243 vo·

152 3286 199 3349 bis
220 3288 342 3368 petita;
367 3289 537 3353 vederete
562 3290 583 3351 l’
600 3308 671 3353 una
695 3297 731 3352 et
755 3290 776 3351 l'
790 3291 882 3353 altra
905 3300 941 3353 et
964 3291 986 3353 l’
1001 3300 1141 3353 usarete
1165 3291 1361 3372 prudenter
1385 3298 1420 3350 et

152 3396 314 3476 modeste,
347 3416 415 3477 pro
446 3396 498 3459 rei
530 3397 799 3480 opportunitate
830 3407 866 3461 et
897 3398 1067 3479 temporis
1099 3397 1301 3471 commodo;
1335 3394 1371 3457 vi
1401 3395 1421 3458 ὲ

152 3504 252 3565 anche
282 3523 352 3566 uno
377 3502 495 3566 Breve
519 3524 541 3565 a
565 3502 695 3568 Cesare
723 3524 831 3585 super
855 3506 981 3568 eodem
1006 3504 1161 3586 Negotio
1186 3513 1222 3568 et
1246 3522 1419 3585 appresso

151 3606 283 3673 insieme
317 3608 443 3673 XXV.
479 3610 582 3692 copie
617 3621 793 3694 stampate
827 3623 863 3675 et
898 3613 1138 3676 authenticate
1176 3612 1270 3675 della
1305 3610 1420 3693 prima

153 3716 245 3798 bolla,
268 3718 329 3799 poi
352 3718 387 3780 in
414 3738 483 3779 una
508 3738 609 3781 cassa
633 3716 668 3779 di
693 3719 828 3781 lattone
845 3740 972 3801 grossa
986 3720 1153 3801 parecchi
1168 3719 1269 3781 brevi
1284 3739 1306 3780 a
1322 3716 1418 3779 Prin-

156 3820 215 3901 cipi
243 3845 346 3906 sopra
375 3827 410 3887 la
434 3824 627 3887 medesima
652 3825 798 3888 materia
823 3826 1130 3889 commendandoli
1155 3826 1191 3888 di
1216 3836 1348 3907 quanto
1371 3823 1419 3885 fin

157 3926 206 4006 qui
235 3932 300 3993 han
332 3930 423 3993 fatto
457 3942 493 3993 et
524 3932 748 3994 exhortando
779 3932 813 3995 in
839 3933 975 4006 futur0;
1008 3934 1064 3996 evi
1095 3934 1151 3997 fra
1182 3934 1205 3996 ii
1237 3932 1317 3994 altri
1349 3952 1420 3993 uno

161 4034 187 4091 al
201 4036 395 4101 confessore
409 4038 445 4099 di
460 4037 602 4119 Cesare‚
627 4040 736 4102 molto
761 4043 868 4119 bono,
893 4042 951 4103 nel
976 4040 1081 4121 modo
1106 4040 1127 4101 l'
1145 4049 1249 4102 avete
1274 4038 1420 4113 chiesto,

163 4139 208 4199 evi
234 4162 297 4207 una
326 4152 450 4209 nostra
480 4146 585 4208 lettre
609 4166 630 4207 a
655 4144 730 4209 Sua
754 4146 894 4210 Maesti
927 4147 961 4209 in
995 4146 1157 4210 francese
1182 4167 1282 4209 come
1307 4146 1338 4208 ci
1364 4147 1419 4207 ha·

166 4254 231 4309 vete
257 4250 446 4333 ricercat0‚
481 4254 629 4316 havrete
660 4253 696 4316 in
729 4255 784 4317 un’
812 4256 903 4318 altra
936 4266 1091 4317 cassetta
1124 4254 1158 4315 di
1195 4257 1329 4316 lattone
1361 4252 1420 4334 piri

170 4348 253 4415 hassa
274 4358 295 4419 il
330 4361 442 4421 breve
474 4379 540 4422 con
573 4361 609 4422 la
640 4360 772 4423 minuta
805 4382 827 4423 a
850 4361 981 4424 Cesare
1015 4381 1080 4443 per
1112 4361 1134 4423 l’
1150 4360 1374 4423 absolutione
1399 4381 1419 4422 0

174 4464 371 4537 suspensione
397 4486 418 4527 a
443 4467 600 4529 censuris
625 4488 724 4530 come
750 4488 814 4548 per
839 4469 938 4531 detta
962 4469 1095 4532 minuta
1118 4470 1298 4530 vederete.

243 4565 285 4631 La
312 4573 437 4635 cedola
468 4585 589 4636 vostra
620 4574 656 4636 di
680 4574 819 4637 cambio
844 4594 910 4656 per
934 4598 998 4654 400
1022 4575 1152 4638 Ducati
1177 4575 1196 4637 e
1220 4576 1315 4637 nella
1340 4574 1419 4637 Cas·

180 4674 247 4730 setta
271 4680 447 4761 maggiore
481 4700 547 4743 con
580 4680 603 4743 li
634 4682 736 4745 brevi
768 4684 863 4763 quali
889 4705 976 4746 sono
1000 4684 1067 4748 XI.
1115 4684 1165 4744 Le
1190 4685 1280 4745 altro
1304 4682 1419 4763 provi-

183 4768 248 4835 sioni
272 4784 309 4847 de
335 4786 393 4869 qui
418 4786 453 4848 vi
479 4787 743 4869 bisogneranno
769 4789 904 4853 avisate
928 4792 994 4853 che
1020 4811 1090 4853 non
1114 4789 1143 4852 si
1169 4788 1360 4852 mancheri
1384 4788 1420 4850 di

186 4891 246 4940 cosa
263 4890 387 4967 alcuna3
413 4894 590 4976 segnitate
615 4916 683 4978 pur
706 4895 741 4958 di
766 4898 861 4959 bono
885 4917 1002 4960 anrmo
1028 4910 1062 4959 et
1086 4908 1178 4961 tutto
1203 4896 1233 4962 si
1257 4896 1348 4963 sacci
1363 4906 1420 4963 tra
