3425 5700
757 560 1003 618 cp‘3.3568t}·<>

241 729 296 771 me
322 728 387 790 pro
413 727 492 771 mea
513 707 718 771 innocentia
742 728 764 770 a
786 707 1040 771 maledicorum
1064 706 1239 770 morsibus
1262 708 1359 789 apud
1382 717 1443 768 v*m
1458 708 1521 769 b⁰¹¹¹

241 836 321 878 mea
338 815 567 878 excusatione
582 815 651 878 iam
674 815 760 879 satis
784 815 985 897 defensum,
1008 826 1081 877 tum
1106 816 1202 895 quod
1226 812 1520 876 Bm·Pate1-nitas

242 931 363 986 vestra
393 942 458 1003 pro
489 943 552 984 sua
583 923 776 985 clemencia
805 935 841 986 et
871 923 978 985 totius
1009 920 1201 986 Germanic
1233 931 1270 983 et
1304 941 1383 983 mee
1413 918 1519 983 saluti

245 1041 280 1091 et
304 1028 470 1110 dignitati
501 1029 531 1091 si
563 1029 648 1111 quid
682 1033 728 1093 ab
760 1050 803 1092 ea
832 1029 910 1093 fieri
944 1037 1110 1111 oporteat
1144 1048 1183 1091 se
1213 1047 1285 1090 non
1319 1028 1521 1089 defuturum

244 1135 441 1217 pollicetur.
489 1135 553 1199 Est
577 1136 752 1218 siquidem
775 1138 881 1199 modo
907 1134 1224 1199 ecclesiasticarum
1249 1154 1365 1197 rerum
1389 1134 1522 1216 passim

244 1261 310 1324 per
334 1241 561 1305 Germaniam
584 1242 614 1306 is
639 1220 750 1306 stalus
778 1254 817 1306 ut
849 1244 918 1307 Bml
941 1245 980 1306 P.
1005 1253 1126 1305 vestro
1151 1241 1299 1305 consilio
1324 1240 1455 1304 auxilio
1485 1250 1523 1303 et

246 1348 455 1413 auctoritate
480 1350 631 1414 maxime
655 1351 824 1432 indigeat.
872 1351 979 1413 Unde
995 1350 1089 1412 Bm·m
1104 1361 1153 1431 p¹11
1171 1360 1327 1412 vestram
1342 1368 1408 1429 pro
1421 1346 1523 1409 filiali

245 1456 464 1520 subiectione
489 1478 532 1519 ea
555 1459 672 1521 celare
697 1478 767 1521 non
792 1478 936 1539 possum
961 1477 1029 1539 que
1054 1458 1204 1519 eandem
1220 1456 1312 1519 scire
1334 1454 1522 1537 plurimum

245 1561 365 1628 refert.
412 1564 555 1648 Nempe
572 1564 607 1627 in
631 1564 843 1627 Diocesibus
868 1564 954 1627 meis
979 1572 1060 1627 sunt
1083 1563 1241 1645 quidem,
1273 1562 1408 1626 scilicet
1430 1562 1521 1644 prin·

246 1688 331 1749 ceps
355 1670 599 1753 Wolfgangus
638 1672 682 1735 de
722 1672 857 1736 Anhalt
894 1681 930 1735 et
969 1672 1058 1733 duos
1097 1669 1243 1732 comites
1275 1671 1320 1732 de
1343 1667 1524 1732 Mansfeld

246 1773 460 1841 Gebhardus
485 1787 520 1841 et
536 1779 708 1841 Albertus
730 1777 870 1859 fratres,
895 1778 955 1860 qui
979 1777 1155 1861 virginum
1173 1777 1388 1840 monasteria
1411 1796 1526 1857 nuper

248 1904 268 1946 a
299 1884 483 1966 sacrilegis
518 1896 553 1948 et
588 1884 764 1949 seditiosis
797 1885 937 1948 rusticis
964 1885 1060 1947 ferro
1089 1894 1125 1947 et
1155 1884 1240 1965 igne
1271 1895 1411 1948 vastata
1444 1902 1525 1945 cum

247 1990 350 2053 bonis
375 2001 411 2054 et
434 1992 634 2055 attinenciis
659 1994 822 2056 omnibus
846 2002 1023 2074 occupant
1046 2001 1082 2054 et
1105 1991 1141 2054 vi
1165 1992 1335 2072 detinent,
1358 1990 1526 2073 potencia

247 2098 506 2180 quamplurium
532 2098 722 2163 Germanic
746 2100 947 2181 principum
972 2108 1008 2161 et
1022 2098 1185 2161 comitum
1211 2119 1283 2161 non
1300 2097 1525 2182 aspernanda

248 2204 407 2285 potentie
436 2216 473 2269 et
505 2208 726 2270 auctoritatis
755 2206 908 2287 suffulti,
942 2207 1002 2288 qui
1033 2207 1219 2269 lutherane
1250 2204 1356 2269 Secte
1383 2205 1527 2288 publice

248 2310 372 2374 favent
389 2312 562 2394 ,illamque
586 2315 867 2395 amplectuntur,
898 2316 1087 2395 palamque
1111 2324 1274 2377 asserunt
1296 2311 1527 2377 monasticam

249 2419 357 2481 vitam
382 2440 460 2483 esse
484 2421 739 2503 blasphemiam
764 2432 800 2484 et
821 2432 945 2485 contra
968 2421 1140 2484 honorem
1164 2420 1242 2502 Dei,
1267 2430 1392 2483 contra
1409 2418 1528 2500 fidem,

251 2544 389 2589 necnon
415 2537 538 2590 contra
554 2528 708 2610 proximi
725 2529 935 2591 charitatem
956 2528 1162 2591 institutam.
1208 2528 1254 2590 Et
1278 2538 1331 2591 est
1354 2527 1528 2609 siquidem

249 2632 389 2696 illorum
414 2634 473 2715 qui
498 2653 604 2716 super
629 2655 672 2698 ea
695 2655 734 2698 re
758 2635 1007 2717 conspirarunt
1030 2644 1130 2699 tanta
1152 2634 1318 2717 potencia
1340 2643 1380 2695 ut
1411 2653 1477 2696 nec
1507 2654 1529 2696 a

251 2759 307 2801 me
338 2760 404 2803 nec
438 2743 483 2804 ab
514 2742 585 2805 alio
618 2743 844 2824 quantumvis
872 2763 1003 2825 magno
1035 2741 1198 2825 principe
1229 2739 1305 2804 solo
1328 2740 1434 2804 facile
1459 2740 1529 2803 illis

251 2846 368 2910 resisti
383 2848 524 2930 poterit,
542 2849 608 2913 nisi
625 2849 724 2914 Caes.
740 2850 819 2933 ipsa
834 2849 1005 2914 Maiestas
1017 2849 1062 2916 V.
1080 2849 1149 2912 Β’ὼ
1160 2848 1282 2912 innixa
1295 2846 1441 2912 consilio
1459 2846 1529 2911 illis

251 2956 358 3018 rebus
375 2975 515 3020 manum
533 2965 568 3020 et
584 2955 726 3039 quidem
749 2956 879 3020 fortem
896 2966 1063 3039 apponat.
1088 2957 1168 3040 Ego
1183 2955 1276 3020 enim
1293 2976 1371 3019 cum
1395 2954 1529 3019 eisdem

252 3060 440 3125 comitibus
473 3063 518 3126 de
549 3061 720 3127 Mansfelt
750 3063 895 3128 vasallis
931 3073 966 3126 et
1008 3063 1161 3126 subditis
1191 3062 1279 3126 meis
1309 3082 1376 3144 pro
1408 3061 1528 3124 debito

252 3169 450 3250 personalis
474 3169 582 3233 officii
606 3170 674 3234 mei
698 3170 968 3253 diligentissime
982 3171 1051 3253 egi,
1075 3169 1246 3252 persuasi,
1262 3169 1393 3250 monui,
1408 3167 1530 3251 petivi,

253 3275 396 3338 tandem
421 3276 527 3340 etiam
552 3278 781 3340 comminatus
806 3299 882 3341 sum
913 3287 949 3341 et
972 3279 1105 3340 nullum
1128 3278 1284 3359 lapidem
1314 3296 1385 3339 non
1418 3274 1529 3346 movi:

254 3381 340 3445 nihil
364 3391 482 3446 tamen
506 3384 680 3466 promovi,
704 3405 785 3447 nam
809 3384 877 3467 ipsi
901 3385 935 3447 in
961 3384 1184 3448 contumacia
1206 3404 1270 3447 sua
1286 3392 1530 3466 perseverant,

253 3500 485 3571 asseruntque
516 3492 597 3573 plus
624 3491 704 3556 Deo
738 3512 841 3575 quam
865 3491 1065 3556 hominibus
1089 3491 1326 3555 obediendum
1350 3510 1439 3554 esse.
1485 3489 1532 3576 Et

254 3596 418 3677 quotiens
442 3616 520 3659 cum
545 3597 596 3660 eis
620 3618 728 3680 super
751 3618 794 3664 ea
817 3619 856 3662 re
880 3601 1103 3662 tractandum
1126 3608 1181 3662 est
1205 3597 1374 3680 princeps
1398 3596 1532 3660 elector

255 3703 339 3764 Dux
364 3700 520 3766 Saxonie
545 3703 731 3786 Philippus
754 3705 1004 3788 Landgravius
1027 3704 1156 3768 Hassie
1188 3713 1224 3767 et
1253 3704 1354 3767 multi
1384 3702 1444 3767 alii
1476 3723 1531 3765 ea·

255 3809 335 3870 dem
370 3809 452 3873 labe
488 3809 611 3873 insecti
646 3821 807 3875 oratores
849 3822 885 3875 et
921 3814 1062 3894 legatos
1101 3830 1184 3902 suos
1222 3809 1293 3873 illis
1324 3809 1531 3892 adiungunt,

255 3935 404 3996 quorum
429 3916 582 3980 consiliis
606 3917 675 4000 ipsi
711 3916 866 3982 Comites
903 3919 1020 3982 omnia
1055 3926 1176 4001 agunt.
1236 3916 1349 3980 Porro
1382 3915 1533 3999 predicti

254 4023 435 4105 principes
460 4033 495 4086 et
518 4023 666 4088 comites
689 4024 819 4089 Missas
851 4035 888 4090 et
914 4035 1080 4108 preterea
1113 4044 1235 4094 omnes
1264 4022 1415 4087 ecclesie
1445 4023 1534 4085 ritus

256 4141 291 4192 et
330 4130 549 4194 ceremonias
582 4151 647 4212 per
684 4141 797 4196 terras
831 4151 954 4196 eorum
983 4132 1126 4214 penitus
1160 4133 1357 4212 abrogant,
1388 4150 1530 4193 omnem

255 4237 415 4301 Ecclesie
449 4237 708 4301 ordinationem
741 4239 999 4321 blasphemiam
1038 4259 1116 4302 esse
1152 4238 1291 4322 dicunt,
1328 4247 1363 4301 et
1397 4237 1535 4300 interea

255 4346 346 4426 proh
382 4347 512 4408 scelus!
550 4345 767 4427 paupercule
791 4347 870 4408 Deo
904 4346 1021 4409 dicate
1054 4345 1225 4427 Virgines
1259 4365 1281 4407 a
1307 4343 1533 4408 monasteriis

259 4451 333 4514 suis
355 4450 482 4532 fugate
506 4451 679 4534 simulque
703 4455 810 4515 rebus
834 4453 905 4515 suis
929 4451 1236 4535 patrimonialibus
1251 4471 1340 4533 quas
1362 4462 1534 4514 monaste·

257 4558 317 4621 riis
342 4560 537 4621 attulerunt
551 4561 686 4638 orbate,
704 4560 953 4623 miserabiliter
969 4560 1101 4642 passim
1116 4568 1302 4641 vagantur,
1319 4577 1385 4622 nec
1402 4567 1535 4622 certam

258 4667 392 4728 habent
429 4668 551 4730 sedem
584 4667 644 4730 ubi
675 4675 876 4749 morantur,
911 4686 983 4730 non
1017 4665 1093 4729 sine
1123 4683 1254 4747 magno
1283 4665 1442 4746 periculo
1473 4684 1537 4727 sue

258 4771 439 4855 pudicitie,
470 4782 505 4836 et
536 4773 706 4846 honoris:
735 4793 801 4836 nec
837 4774 952 4836 minus
980 4774 1210 4837 ecclesiarum
1242 4771 1397 4835 omnium
1429 4774 1537 4836 rebus

258 4879 454 4962 periculum
477 4882 599 4943 subest
622 4899 710 4962 quas
735 4882 861 4944 eodem
885 4890 1052 4962 pretextu
1075 4878 1143 4962 ipsi
1163 4881 1343 4944 seculares
1356 4878 1539 4962 principes
