3425 5700
692 591 939 652 cottas*

173 739 270 804 ionia
293 738 345 824 gli
368 740 421 804 aia
445 751 631 822 occupatu,
656 759 692 805 et
725 741 754 804 si
785 741 802 804 ὸ
835 744 959 806 doluto
994 744 1061 806 che
1085 742 1252 807 instando
1276 744 1301 807 il
1324 743 1374 810 fin
1398 744 1456 808 del

155 866 439 929 'compromesso
464 859 590 930 questa
615 849 712 911 dieta
736 849 770 911 di
804 849 978 913 Possonio
1008 853 1104 914 vada
1139 851 1173 914 in
1204 851 1302 914 fumo
1326 852 1456 915 diman-

175 955 296 1019 dando
319 976 341 1018 a
364 957 436 1019 casi
462 956 537 1018 suoi
563 950 738 1038 oportuno
763 956 926 1025 rimedio.
961 967 997 1020 et
1030 958 1095 1020 che
1126 958 1151 1020 li
1175 958 1309 1038 arbitri,
1334 979 1355 1022 0
1379 961 1456 1023 loro

174 1062 356 1125 substituti
380 1063 614 1126 determinino
640 1074 767 1145 questa
794 1065 871 1126 lora
900 1062 1112 1128 defferentia
1129 1063 1345 1128 offerendosi
1361 1077 1456 1130 stare

175 1190 198 1230 a
221 1170 308 1251 ogni
332 1171 408 1233 loto
434 1169 743 1245 determinatione;
769 1170 805 1233 fu
830 1171 996 1252 risposto,
1020 1173 1086 1234 che
1110 1172 1256 1235 dessero
1280 1171 1314 1234 in
1333 1175 1457 1236 scritto

176 1277 209 1338 le
234 1275 413 1356 dimande‚
437 1297 502 1358 per
525 1275 655 1359 poterli
680 1280 998 1340 consultatamente
1022 1279 1242 1360 rispondere.

268 1383 306 1445 In
333 1395 459 1465 questa
483 1403 590 1446 causa
614 1403 684 1447 non
709 1386 901 1447 manchard
925 1386 985 1448 dai
1009 1385 1131 1448 debito
1155 1386 1225 1449 mio
1250 1387 1411 1450 mirando
1436 1407 1458 1451 a

176 1489 312 1552 servire
337 1493 435 1554 detto
459 1511 547 1571 gran
563 1490 731 1571 Maestro,
756 1511 812 1554 ma
837 1490 872 1554 di
896 1492 1056 1555 maniera
1080 1494 1147 1556 che
1171 1496 1253 1576 quel
1277 1494 1335 1557 Re
1361 1494 1456 1557 Chri-

177 1573 390 1660 stianiisimo
415 1610 450 1660 et
475 1601 605 1661 devoto
630 1600 674 1662 de
703 1601 738 1662 la
773 1597 868 1663 Sede
900 1601 1111 1682 Apostolica
1145 1621 1215 1664 non
1249 1601 1301 1664 sia
1333 1602 1457 1683 offeso,

177 1705 210 1766 el
236 1706 341 1785 quale
365 1726 429 1787 per
454 1707 581 1769 essersi
607 1704 715 1769 molto
740 1702 948 1769 alontanato
972 1706 1008 1768 di
1032 1725 1103 1789 qua
1127 1718 1163 1770 et
1186 1728 1251 1789 per
1268 1729 1365 1770 esser
1384 1708 1457 1772 cosi

176 1808 315 1874 innanzi
341 1811 364 1873 il
383 1811 454 1874 fine
476 1813 520 1874 de
539 1816 573 1876 le
597 1824 724 1894 tregue
740 1811 863 1876 dubito
889 1814 1000 1876 chesi
1022 1814 1120 1896 possi
1135 1813 1213 1877 fare
1230 1833 1313 1877 cosa
1328 1817 1457 1897 buona,

178 1929 214 1980 et
237 1919 350 1999 parmi
375 1921 518 2000 vedere,
542 1921 608 1984 che
633 1921 796 1984 dittoRe
821 1922 973 1984 essendo
998 1931 1091 1984 stato
1115 1924 1224 1984 molte
1239 1923 1338 1984 volte
1357 1943 1457 1985 come

178 2025 292 2088 diiuso
318 2027 364 2089 da
387 2027 488 2090 detto
512 2046 602 2109 gran
622 2028 781 2092 Maestro
806 2041 842 2090 et
867 2027 1095 2108 danniftcato,
1119 2029 1252 2090 habbia
1276 2029 1392 2091 animo
1422 2029 1458 2090 di

178 2133 351 2196 sauciatio
376 2131 410 2196 in
436 2144 527 2197 tutto
552 2146 588 2196 et
611 2137 772 2216 segondo
798 2137 864 2198 che
895 2135 942 2198 mi
966 2135 1047 2198 dice
1070 2135 1095 2197 il
1110 2135 1254 2197 Barone
1271 2137 1317 2196 ha
1341 2136 1458 2198 animo

179 2239 225 2302 de
249 2239 413 2304 risormar
437 2241 497 2323 poi
522 2253 613 2304 tutto
637 2245 758 2324 quello
784 2242 908 2306 ordine
937 2253 973 2306 et
1002 2241 1185 2305 restituirli
1220 2242 1245 2304 il
1280 2251 1386 2320 tutto,
1423 2252 1459 2305 et

177 2343 265 2409 iorsi
290 2367 360 2410 non
386 2349 465 2411 sara
490 2346 600 2430 malo,
629 2349 759 2430 perch&
794 2350 840 2411 da
871 2359 997 2431 questo
1028 2349 1187 2412 Maestro
1216 2365 1285 2411 non
1311 2351 1405 2413 vedo
1429 2350 1459 2413 si

177 2473 286 2536 possa
309 2474 455 2537 sperare
480 2476 563 2518 cosa
588 2460 706 2519 buona
730 2468 924 2539 propterea
947 2457 1013 2518 che
1038 2457 1055 2518 ὸ
1081 2457 1295 2520 Lutherano.

268 2561 377 2626 Detto
402 2581 491 2644 gran
517 2563 675 2626 Maestro
699 2565 747 2627 ha
770 2566 940 2627 condutto
966 2564 1025 2646 qui
1049 2572 1085 2626 et
1107 2563 1203 2626 tiene
1227 2563 1261 2627 in
1287 2583 1351 2626 suo
1375 2585 1457 2627 con·

178 2667 283 2750 siglio
309 2689 379 2733 uno
404 2672 469 2732 che
493 2670 530 2732 fu
556 2671 727 2734 canonico
744 2671 997 2753 herbipolense
1021 2671 1056 2733 in
1082 2671 1203 2750 sacriS,
1229 2671 1288 2751 qui
1318 2680 1457 2753 aposta·

176 2775 267 2838 tavit
291 2786 326 2838 et
350 2775 451 2839 duxit
467 2795 627 2859 uxorem,
652 2780 684 2840 el
709 2778 813 2860 quale
830 2797 892 2840 era
913 2779 1028 2842 ancho
1044 2777 1079 2839 in
1092 2777 1341 2860 Nuremberga
1364 2798 1457 2861 seco,

175 2884 331 2964 promise
356 2885 434 2947 sino
458 2886 582 2949 aihora
605 2888 789 2948 mandatio
814 2886 882 2965 via,
907 2895 943 2948 et
965 2886 1004 2948 fu
1027 2886 1186 2948 cacciato
1210 2885 1268 2946 del
1285 2884 1457 2965 consigiio

175 2990 361 3071 imperiale
381 2992 417 3053 di
430 2992 677 3074 Nuremberga
702 2996 794 3055 dove
811 3013 880 3055 non
903 2994 1046 3055 volsero
1069 2995 1135 3055 che
1152 3011 1376 3073 comparesse
1393 3012 1459 3073 per

175 3099 241 3161 iui:
266 3098 312 3160 Di
336 3100 493 3162 maniera
517 3102 582 3162 che
605 3100 702 3163 forse
722 3100 791 3163 Dio
816 3100 850 3162 in
876 3108 1002 3181 questo
1027 3101 1132 3162 modo
1158 3100 1241 3161 vuol
1265 3097 1458 3180 casdgarIi,

177 3218 214 3267 et
237 3206 382 3269 intendo
408 3208 487 3268 chel
503 3207 561 3269 Re
587 3208 622 3269 di
639 3207 789 3269 Polonia
812 3224 885 3288 puo
908 3207 1000 3270 farlo
1017 3204 1052 3269 in
1068 3226 1115 3268 un
1132 3213 1310 3268 momento
1335 3215 1370 3267 et
1385 3226 1457 3268 non
1499 3205 1501 3212 '

174 3314 309 3375 havere
333 3313 481 3376 rimedio
506 3316 643 3376 alcuno.
669 3312 717 3376 Se
734 3313 780 3376 mi
795 3314 925 3396 parere
948 3322 1125 3394 oportuno
1150 3332 1250 3374 come
1275 3314 1387 3375 anche
1411 3313 1458 3375 ho

174 3418 297 3481 scritto
327 3421 498 3482 mandato
521 3440 568 3482 un
592 3420 662 3483 mio
686 3420 764 3483 sino
788 3442 809 3483 a
833 3422 951 3502 quella
970 3418 1106 3482 Maesta
1121 3438 1186 3500 per
1201 3437 1314 3499 poner
1329 3428 1458 3499 tregua

174 3546 197 3587 o
221 3544 311 3607 pace
335 3536 390 3588 tra
405 3528 494 3607 loro,
519 3538 554 3589 et
577 3526 673 3590 forse
698 3529 763 3591 che
779 3525 853 3591 Sua
868 3527 1005 3589 Maesti
1026 3528 1224 3588 essendone
1243 3525 1379 3587 chiesta
1393 3544 1459 3605 per

173 3644 278 3715 parte
303 3633 338 3695 di
362 3633 493 3696 Nostro
511 3632 664 3716 Signore
689 3636 723 3696 lo
748 3632 834 3699 fara.
876 3632 978 3697 Circa
1002 3634 1037 3696 io
1051 3632 1231 3714 Episcopo
1248 3629 1457 3694 Sambiense

175 3760 249 3803 non
272 3741 319 3803 mi
334 3742 381 3803 ha
405 3743 518 3804 ancho
536 3742 703 3823 rispost0;
729 3760 767 3804 se
784 3738 905 3803 avanti
919 3741 954 3802 lo
971 3738 1144 3820 expedire
1160 3738 1195 3799 di
1213 3746 1337 3819 questa
1354 3746 1459 3820 posta

176 3866 221 3909 ne
245 3848 430 3911 intendero
454 3849 545 3911 altro
569 3850 604 3911 lo
629 3849 768 3911 avisari>
793 3866 860 3909 con
884 3856 1019 3927 queste,
1044 3866 1084 3908 se
1107 3864 1176 3907 non
1203 3845 1238 3907 di
1261 3844 1331 3926 poi.

265 3954 323 4017 Ho
347 3955 469 4017 scritto
494 3956 527 4017 al
551 3954 738 4017 Marchese
762 3954 923 4034 Joachim
948 3952 1131 4033 seguendo
1165 3962 1298 4033 quanto
1323 3950 1456 4014 Vostra

176 4061 344 4143 Signoria
367 4062 415 4124 mi
438 4060 594 4140 ricorda‚
624 4072 658 4124 et
690 4062 736 4123 ho
767 4063 882 4123 anche
915 4060 1000 4121 dato
1023 4058 1155 4121 facuita
1180 4060 1250 4121 allo
1274 4058 1456 4139 Episcopo

176 4168 399 4249 Lubucense‚
423 4188 578 4252 persona
592 4169 702 4231 molto
721 4168 767 4230 da
784 4170 877 4230 bene
901 4177 936 4229 et
960 4167 1027 4228 che
1042 4166 1088 4228 mi
1113 4166 1245 4246 enom,
1269 4163 1305 4226 di
1330 4174 1457 4245 potere

173 4276 372 4356 procedere
397 4285 521 4337 contra
545 4283 729 4357 apostatas
754 4286 789 4336 et
813 4272 1000 4338 hereticos.

265 4382 323 4445 Ho
356 4384 514 4445 anchora
547 4403 568 4444 a
596 4402 660 4444 soa
696 4382 928 4462 requisitione
963 4380 1055 4441 fatto
1088 4400 1158 4443 una
1189 4378 1455 4460 dispensatione

175 4489 432 4553 matrimoniale
455 4490 548 4552 inter
571 4486 682 4571 ipsius
705 4487 812 4551 filiam
842 4495 878 4550 et
901 4506 1008 4550 unum
1033 4508 1079 4551 ex
1103 4486 1262 4553 Ducibus
1287 4486 1455 4548 Brunsvi·

175 4597 342 4660 censibus
366 4597 425 4679 qui
450 4605 532 4659 sunt
556 4595 733 4659 coniuncti
756 4594 792 4659 in
816 4606 861 4673 3⁰.
889 4604 924 4657 et
949 4606 1012 4674 4⁰.‚
1038 4603 1074 4655 et
1097 4592 1209 4674 gratis
1233 4613 1299 4675 per
1323 4602 1453 4654 mante-

174 4706 274 4768 nerlo
309 4704 343 4767 in
378 4706 413 4767 ie
448 4706 567 4767 huone
600 4722 709 4786 opere
745 4704 824 4766 chel
855 4701 980 4783 saper
1003 4702 1038 4763 ia
1066 4699 1149 4763 fede
1178 4708 1302 4763 contra
1326 4699 1454 4762 Luthe-

173 4811 251 4876 rani
275 4812 346 4875 alla
369 4812 451 4893 qual
475 4830 559 4874 cosa
583 4810 605 4873 1’
629 4813 676 4873 ho
700 4812 809 4873 molto
834 4807 1102 4871 efficacemente
1126 4808 1341 4870 exhortato.
1389 4853 1397 4869 .
1445 4852 1453 4867 .
