<?xml version="1.0" encoding="UTF-8"?>
<!DOCTYPE html PUBLIC "-//W3C//DTD XHTML 1.0 Transitional//EN"
    "http://www.w3.org/TR/xhtml1/DTD/xhtml1-transitional.dtd">
<html xmlns="http://www.w3.org/1999/xhtml" xml:lang="en" lang="en">
 <head>
  <title>
</title>
<meta http-equiv="Content-Type" content="text/html;charset=utf-8" />
  <meta name='ocr-system' content='tesseract 3.04.00' />
  <meta name='ocr-capabilities' content='ocr_page ocr_carea ocr_par ocr_line ocrx_word'/>
</head>
<body>
  <div class='ocr_page' id='page_1' title='image "./monumentareform00unkngoog/monumentareform00unkngoog_0070.png"; bbox 0 0 3425 5700; ppageno 0'>
   <div class='ocr_carea' id='block_1_1' title="bbox 787 507 1016 564">
    <p class='ocr_par' dir='ltr' id='par_1_1' title="bbox 787 507 1016 564">
     <span class='ocr_line' id='line_1_1' title="bbox 787 507 1016 564; baseline -0.004 -2"><span class='ocrx_word' id='word_1_1' title='bbox 787 507 1016 564; x_wconf 44' lang='lat' dir='ltr'>&amp;wib-0</span> 
     </span>
    </p>
   </div>
   <div class='ocr_carea' id='block_1_2' title="bbox 255 653 1549 4912">
    <p class='ocr_par' dir='ltr' id='par_1_2' title="bbox 255 653 1541 2879">
     <span class='ocr_line' id='line_1_2' title="bbox 260 653 1541 737; baseline 0.002 -23"><span class='ocrx_word' id='word_1_2' title='bbox 260 653 410 735; x_wconf 83' lang='lat' dir='ltr'>gontino</span> <span class='ocrx_word' id='word_1_3' title='bbox 437 654 563 716; x_wconf 85' lang='lat' dir='ltr'>diceva</span> <span class='ocrx_word' id='word_1_4' title='bbox 586 655 621 717; x_wconf 90' lang='lat' dir='ltr'>la</span> <span class='ocrx_word' id='word_1_5' title='bbox 644 675 760 718; x_wconf 84' lang='lat' dir='ltr'>messa</span> <span class='ocrx_word' id='word_1_6' title='bbox 784 663 819 716; x_wconf 91' lang='lat' dir='ltr'>et</span> <span class='ocrx_word' id='word_1_7' title='bbox 843 665 946 719; x_wconf 86' lang='lat' dir='ltr'>stava</span> <span class='ocrx_word' id='word_1_8' title='bbox 971 675 1037 718; x_wconf 88' lang='lat' dir='ltr'>con</span> <span class='ocrx_word' id='word_1_9' title='bbox 1061 675 1150 736; x_wconf 87' lang='lat' dir='ltr'>gran</span> <span class='ocrx_word' id='word_1_10' title='bbox 1167 654 1319 734; x_wconf 89' lang='lat' dir='ltr'>sinistro,</span> <span class='ocrx_word' id='word_1_11' title='bbox 1344 676 1408 737; x_wconf 92' lang='lat' dir='ltr'>per</span> <span class='ocrx_word' id='word_1_12' title='bbox 1423 675 1541 718; x_wconf 83' lang='lat' dir='ltr'>essere</span> 
     </span>
     <span class='ocr_line' id='line_1_3' title="bbox 260 760 1541 843; baseline 0.002 -21"><span class='ocrx_word' id='word_1_13' title='bbox 260 769 314 822; x_wconf 85' lang='lat' dir='ltr'>sta</span> <span class='ocrx_word' id='word_1_14' title='bbox 338 760 546 843; x_wconf 89' lang='lat' dir='ltr'>indispost0.</span> <span class='ocrx_word' id='word_1_15' title='bbox 594 761 811 824; x_wconf 88' lang='lat' dir='ltr'>L&#39;oratione</span> <span class='ocrx_word' id='word_1_16' title='bbox 836 762 853 824; x_wconf 79' lang='grc' dir='ltr'>ἐ</span> <span class='ocrx_word' id='word_1_17' title='bbox 880 771 972 824; x_wconf 88' lang='lat' dir='ltr'>stata</span> <span class='ocrx_word' id='word_1_18' title='bbox 997 761 1032 823; x_wconf 93' lang='lat' dir='ltr'>in</span> <span class='ocrx_word' id='word_1_19' title='bbox 1057 762 1262 842; x_wconf 84' lang='lat' dir='ltr'>Todescho,</span> <span class='ocrx_word' id='word_1_20' title='bbox 1296 764 1343 824; x_wconf 89' lang='lat' dir='ltr'>lui</span> <span class='ocrx_word' id='word_1_21' title='bbox 1374 765 1421 824; x_wconf 91' lang='lat' dir='ltr'>ha</span> <span class='ocrx_word' id='word_1_22' title='bbox 1452 762 1541 824; x_wconf 89' lang='lat' dir='ltr'>ditto</span> 
     </span>
     <span class='ocr_line' id='line_1_4' title="bbox 259 868 1540 950; baseline 0.001 -21"><span class='ocrx_word' id='word_1_23' title='bbox 259 869 325 930; x_wconf 90' lang='lat' dir='ltr'>che</span> <span class='ocrx_word' id='word_1_24' title='bbox 357 887 426 930; x_wconf 92' lang='lat' dir='ltr'>non</span> <span class='ocrx_word' id='word_1_25' title='bbox 461 889 501 929; x_wconf 90' lang='lat' dir='ltr'>se</span> <span class='ocrx_word' id='word_1_26' title='bbox 524 868 671 930; x_wconf 91' lang='lat' dir='ltr'>dovaria</span> <span class='ocrx_word' id='word_1_27' title='bbox 697 879 921 950; x_wconf 87' lang='lat' dir='ltr'>comportare</span> <span class='ocrx_word' id='word_1_28' title='bbox 946 869 1012 930; x_wconf 86' lang='lat' dir='ltr'>che</span> <span class='ocrx_word' id='word_1_29' title='bbox 1036 868 1092 931; x_wconf 87' lang='lat' dir='ltr'>fra</span> <span class='ocrx_word' id='word_1_30' title='bbox 1115 868 1271 931; x_wconf 89' lang='lat' dir='ltr'>Martino</span> <span class='ocrx_word' id='word_1_31' title='bbox 1295 870 1481 932; x_wconf 87' lang='lat' dir='ltr'>mandasse</span> <span class='ocrx_word' id='word_1_32' title='bbox 1505 869 1540 930; x_wconf 91' lang='lat' dir='ltr'>in</span> 
     </span>
     <span class='ocr_line' id='line_1_5' title="bbox 259 973 1540 1058; baseline 0.002 -23"><span class='ocrx_word' id='word_1_33' title='bbox 259 977 357 1037; x_wconf 91' lang='lat' dir='ltr'>volta</span> <span class='ocrx_word' id='word_1_34' title='bbox 388 975 411 1036; x_wconf 92' lang='lat' dir='ltr'>li</span> <span class='ocrx_word' id='word_1_35' title='bbox 443 973 495 1037; x_wconf 90' lang='lat' dir='ltr'>soi</span> <span class='ocrx_word' id='word_1_36' title='bbox 525 975 620 1046; x_wconf 87' lang='lat' dir='ltr'>libri;</span> <span class='ocrx_word' id='word_1_37' title='bbox 654 995 711 1038; x_wconf 90' lang='lat' dir='ltr'>ma</span> <span class='ocrx_word' id='word_1_38' title='bbox 742 997 780 1038; x_wconf 91' lang='lat' dir='ltr'>se</span> <span class='ocrx_word' id='word_1_39' title='bbox 811 995 880 1058; x_wconf 90' lang='lat' dir='ltr'>pur</span> <span class='ocrx_word' id='word_1_40' title='bbox 909 975 935 1037; x_wconf 92' lang='grc'>11</span> <span class='ocrx_word' id='word_1_41' title='bbox 958 976 1060 1057; x_wconf 89' lang='lat' dir='ltr'>Papa</span> <span class='ocrx_word' id='word_1_42' title='bbox 1087 977 1132 1038; x_wconf 88' lang='lat' dir='ltr'>ha</span> <span class='ocrx_word' id='word_1_43' title='bbox 1156 976 1298 1056; x_wconf 82' lang='lat' dir='ltr'>fallato,</span> <span class='ocrx_word' id='word_1_44' title='bbox 1331 986 1368 1039; x_wconf 93' lang='lat' dir='ltr'>tu</span> <span class='ocrx_word' id='word_1_45' title='bbox 1399 979 1465 1039; x_wconf 84' lang='lat' dir='ltr'>che</span> <span class='ocrx_word' id='word_1_46' title='bbox 1489 977 1540 1040; x_wconf 90' lang='lat' dir='ltr'>sei</span> 
     </span>
     <span class='ocr_line' id='line_1_6' title="bbox 258 1081 1541 1166; baseline 0.003 -24"><span class='ocrx_word' id='word_1_47' title='bbox 258 1081 472 1163; x_wconf 84' lang='lat' dir='ltr'>imperatore</span> <span class='ocrx_word' id='word_1_48' title='bbox 505 1083 539 1143; x_wconf 94' lang='lat' dir='ltr'>lo</span> <span class='ocrx_word' id='word_1_49' title='bbox 572 1083 681 1144; x_wconf 90' lang='lat' dir='ltr'>debbi</span> <span class='ocrx_word' id='word_1_50' title='bbox 714 1083 848 1145; x_wconf 86' lang='lat' dir='ltr'>andare</span> <span class='ocrx_word' id='word_1_51' title='bbox 873 1104 894 1144; x_wconf 89' lang='lat' dir='ltr'>a</span> <span class='ocrx_word' id='word_1_52' title='bbox 919 1084 1110 1166; x_wconf 85' lang='lat' dir='ltr'>castigare;</span> <span class='ocrx_word' id='word_1_53' title='bbox 1143 1093 1178 1146; x_wconf 89' lang='lat' dir='ltr'>et</span> <span class='ocrx_word' id='word_1_54' title='bbox 1210 1084 1302 1147; x_wconf 80' lang='lat' dir='ltr'>intro</span> <span class='ocrx_word' id='word_1_55' title='bbox 1335 1105 1413 1148; x_wconf 91' lang='lat' dir='ltr'>cum</span> <span class='ocrx_word' id='word_1_56' title='bbox 1441 1094 1541 1146; x_wconf 85' lang='lat' dir='ltr'>tanta</span> 
     </span>
     <span class='ocr_line' id='line_1_7' title="bbox 257 1187 1539 1272; baseline 0.002 -22"><span class='ocrx_word' id='word_1_57' title='bbox 257 1187 350 1251; x_wconf 87' lang='lat' dir='ltr'>furia</span> <span class='ocrx_word' id='word_1_58' title='bbox 374 1199 409 1250; x_wconf 90' lang='lat' dir='ltr'>et</span> <span class='ocrx_word' id='word_1_59' title='bbox 434 1189 603 1269; x_wconf 89' lang='lat' dir='ltr'>superbia</span> <span class='ocrx_word' id='word_1_60' title='bbox 626 1189 798 1253; x_wconf 90' lang='lat' dir='ltr'>cridando</span> <span class='ocrx_word' id='word_1_61' title='bbox 823 1192 857 1252; x_wconf 86' lang='lat' dir='ltr'>al</span> <span class='ocrx_word' id='word_1_62' title='bbox 881 1191 1023 1272; x_wconf 84' lang='lat' dir='ltr'>prefato</span> <span class='ocrx_word' id='word_1_63' title='bbox 1047 1191 1262 1272; x_wconf 84' lang='lat' dir='ltr'>imperatore</span> <span class='ocrx_word' id='word_1_64' title='bbox 1288 1194 1354 1256; x_wconf 92' lang='lat' dir='ltr'>che</span> <span class='ocrx_word' id='word_1_65' title='bbox 1378 1213 1417 1255; x_wconf 88' lang='lat' dir='ltr'>se</span> <span class='ocrx_word' id='word_1_66' title='bbox 1434 1193 1539 1254; x_wconf 86' lang='lat' dir='ltr'>dove-</span> 
     </span>
     <span class='ocr_line' id='line_1_8' title="bbox 257 1295 1537 1380; baseline 0.002 -23"><span class='ocrx_word' id='word_1_67' title='bbox 257 1295 310 1358; x_wconf 89' lang='lat' dir='ltr'>ria</span> <span class='ocrx_word' id='word_1_68' title='bbox 334 1314 561 1378; x_wconf 86' lang='lat' dir='ltr'>vergognare</span> <span class='ocrx_word' id='word_1_69' title='bbox 586 1317 607 1358; x_wconf 90' lang='lat' dir='ltr'>a</span> <span class='ocrx_word' id='word_1_70' title='bbox 631 1318 702 1360; x_wconf 92' lang='lat' dir='ltr'>non</span> <span class='ocrx_word' id='word_1_71' title='bbox 727 1297 803 1360; x_wconf 89' lang='lat' dir='ltr'>fare</span> <span class='ocrx_word' id='word_1_72' title='bbox 828 1297 849 1360; x_wconf 90' lang='lat' dir='ltr'>l&#39;</span> <span class='ocrx_word' id='word_1_73' title='bbox 867 1297 1022 1380; x_wconf 87' lang='lat' dir='ltr'>impresa</span> <span class='ocrx_word' id='word_1_74' title='bbox 1047 1299 1091 1360; x_wconf 92' lang='lat' dir='ltr'>de</span> <span class='ocrx_word' id='word_1_75' title='bbox 1111 1299 1213 1361; x_wconf 86' lang='lat' dir='ltr'>Italia</span> <span class='ocrx_word' id='word_1_76' title='bbox 1238 1320 1258 1362; x_wconf 91' lang='lat' dir='ltr'>e</span> <span class='ocrx_word' id='word_1_77' title='bbox 1283 1302 1348 1361; x_wconf 91' lang='lat' dir='ltr'>che</span> <span class='ocrx_word' id='word_1_78' title='bbox 1372 1319 1410 1361; x_wconf 89' lang='lat' dir='ltr'>se</span> <span class='ocrx_word' id='word_1_79' title='bbox 1427 1299 1537 1361; x_wconf 81' lang='lat' dir='ltr'>Maxi-</span> 
     </span>
     <span class='ocr_line' id='line_1_9' title="bbox 256 1402 1538 1486; baseline 0.002 -21"><span class='ocrx_word' id='word_1_80' title='bbox 256 1402 400 1466; x_wconf 88' lang='lat' dir='ltr'>miliano</span> <span class='ocrx_word' id='word_1_81' title='bbox 425 1403 521 1466; x_wconf 82' lang='lat' dir='ltr'>fusse</span> <span class='ocrx_word' id='word_1_82' title='bbox 545 1405 641 1468; x_wconf 87' lang='lat' dir='ltr'>visso</span> <span class='ocrx_word' id='word_1_83' title='bbox 667 1404 719 1468; x_wconf 89' lang='lat' dir='ltr'>sin</span> <span class='ocrx_word' id='word_1_84' title='bbox 736 1426 757 1467; x_wconf 88' lang='lat' dir='ltr'>a</span> <span class='ocrx_word' id='word_1_85' title='bbox 774 1406 886 1486; x_wconf 87' lang='lat' dir='ltr'>quest’</span> <span class='ocrx_word' id='word_1_86' title='bbox 902 1408 991 1468; x_wconf 87' lang='lat' dir='ltr'>hora</span> <span class='ocrx_word' id='word_1_87' title='bbox 1015 1414 1050 1468; x_wconf 89' lang='lat' dir='ltr'>et</span> <span class='ocrx_word' id='word_1_88' title='bbox 1073 1407 1225 1468; x_wconf 87' lang='lat' dir='ltr'>havesse</span> <span class='ocrx_word' id='word_1_89' title='bbox 1250 1409 1383 1469; x_wconf 87' lang='lat' dir='ltr'>havuta</span> <span class='ocrx_word' id='word_1_90' title='bbox 1407 1407 1442 1467; x_wconf 87' lang='lat' dir='ltr'>la</span> <span class='ocrx_word' id='word_1_91' title='bbox 1456 1405 1538 1467; x_wconf 73' lang='lat' dir='ltr'>miti</span> 
     </span>
     <span class='ocr_line' id='line_1_10' title="bbox 257 1511 1536 1594; baseline 0.002 -24"><span class='ocrx_word' id='word_1_92' title='bbox 257 1511 351 1571; x_wconf 90' lang='lat' dir='ltr'>dello</span> <span class='ocrx_word' id='word_1_93' title='bbox 376 1519 468 1572; x_wconf 89' lang='lat' dir='ltr'>stato</span> <span class='ocrx_word' id='word_1_94' title='bbox 494 1514 559 1573; x_wconf 90' lang='lat' dir='ltr'>che</span> <span class='ocrx_word' id='word_1_95' title='bbox 583 1511 631 1572; x_wconf 92' lang='lat' dir='ltr'>lui</span> <span class='ocrx_word' id='word_1_96' title='bbox 656 1513 712 1590; x_wconf 88' lang='lat' dir='ltr'>ha,</span> <span class='ocrx_word' id='word_1_97' title='bbox 736 1512 758 1574; x_wconf 86' lang='lat' dir='ltr'>l&#39;</span> <span class='ocrx_word' id='word_1_98' title='bbox 773 1511 921 1575; x_wconf 83' lang='lat' dir='ltr'>haveria</span> <span class='ocrx_word' id='word_1_99' title='bbox 945 1512 1094 1594; x_wconf 87' lang='lat' dir='ltr'>pigliata</span> <span class='ocrx_word' id='word_1_100' title='bbox 1118 1512 1176 1574; x_wconf 90' lang='lat' dir='ltr'>lui.</span> <span class='ocrx_word' id='word_1_101' title='bbox 1209 1512 1254 1574; x_wconf 89' lang='lat' dir='ltr'>Et</span> <span class='ocrx_word' id='word_1_102' title='bbox 1271 1512 1367 1594; x_wconf 93' lang='lat' dir='ltr'>dipoi</span> <span class='ocrx_word' id='word_1_103' title='bbox 1382 1532 1421 1574; x_wconf 87' lang='lat' dir='ltr'>se</span> <span class='ocrx_word' id='word_1_104' title='bbox 1437 1513 1536 1573; x_wconf 79' lang='lat' dir='ltr'>volto</span> 
     </span>
     <span class='ocr_line' id='line_1_11' title="bbox 259 1617 1537 1701; baseline 0.002 -23"><span class='ocrx_word' id='word_1_105' title='bbox 259 1636 361 1679; x_wconf 90' lang='lat' dir='ltr'>verso</span> <span class='ocrx_word' id='word_1_106' title='bbox 394 1617 417 1678; x_wconf 93' lang='lat' dir='ltr'>li</span> <span class='ocrx_word' id='word_1_107' title='bbox 450 1618 595 1680; x_wconf 87' lang='lat' dir='ltr'>electori</span> <span class='ocrx_word' id='word_1_108' title='bbox 627 1629 663 1680; x_wconf 90' lang='lat' dir='ltr'>et</span> <span class='ocrx_word' id='word_1_109' title='bbox 694 1619 822 1701; x_wconf 84' lang='lat' dir='ltr'>grandi</span> <span class='ocrx_word' id='word_1_110' title='bbox 848 1619 1050 1682; x_wconf 86' lang='lat' dir='ltr'>Germanici</span> <span class='ocrx_word' id='word_1_111' title='bbox 1083 1621 1255 1682; x_wconf 85' lang='lat' dir='ltr'>strilando</span> <span class='ocrx_word' id='word_1_112' title='bbox 1280 1621 1346 1682; x_wconf 92' lang='lat' dir='ltr'>che</span> <span class='ocrx_word' id='word_1_113' title='bbox 1370 1640 1408 1682; x_wconf 89' lang='lat' dir='ltr'>se</span> <span class='ocrx_word' id='word_1_114' title='bbox 1433 1621 1537 1682; x_wconf 85' lang='lat' dir='ltr'>dove·</span> 
     </span>
     <span class='ocr_line' id='line_1_12' title="bbox 258 1723 1538 1808; baseline 0.001 -22"><span class='ocrx_word' id='word_1_115' title='bbox 258 1723 357 1788; x_wconf 87' lang='lat' dir='ltr'>riano</span> <span class='ocrx_word' id='word_1_116' title='bbox 382 1724 482 1787; x_wconf 88' lang='lat' dir='ltr'>unire</span> <span class='ocrx_word' id='word_1_117' title='bbox 505 1725 587 1786; x_wconf 91' lang='lat' dir='ltr'>tutti</span> <span class='ocrx_word' id='word_1_118' title='bbox 612 1735 647 1787; x_wconf 88' lang='lat' dir='ltr'>et</span> <span class='ocrx_word' id='word_1_119' title='bbox 671 1746 737 1788; x_wconf 90' lang='lat' dir='ltr'>con</span> <span class='ocrx_word' id='word_1_120' title='bbox 756 1725 829 1789; x_wconf 84' lang='lat' dir='ltr'>Sua</span> <span class='ocrx_word' id='word_1_121' title='bbox 845 1726 983 1788; x_wconf 74' lang='lat' dir='ltr'>Maesta</span> <span class='ocrx_word' id='word_1_122' title='bbox 1008 1727 1142 1788; x_wconf 86' lang='lat' dir='ltr'>andare</span> <span class='ocrx_word' id='word_1_123' title='bbox 1160 1748 1180 1788; x_wconf 85' lang='lat' dir='ltr'>a</span> <span class='ocrx_word' id='word_1_124' title='bbox 1198 1736 1322 1808; x_wconf 88' lang='lat' dir='ltr'>questa</span> <span class='ocrx_word' id='word_1_125' title='bbox 1346 1727 1538 1788; x_wconf 82' lang='lat' dir='ltr'>benedetta</span> 
     </span>
     <span class='ocr_line' id='line_1_13' title="bbox 257 1831 1539 1914; baseline 0.001 -21"><span class='ocrx_word' id='word_1_126' title='bbox 257 1831 411 1913; x_wconf 86' lang='lat' dir='ltr'>impresa</span> <span class='ocrx_word' id='word_1_127' title='bbox 441 1833 486 1894; x_wconf 91' lang='lat' dir='ltr'>de</span> <span class='ocrx_word' id='word_1_128' title='bbox 511 1832 633 1914; x_wconf 80' lang='lat' dir='ltr'>Italia7</span> <span class='ocrx_word' id='word_1_129' title='bbox 665 1833 742 1896; x_wconf 82' lang='lat' dir='ltr'>acio</span> <span class='ocrx_word' id='word_1_130' title='bbox 774 1853 844 1895; x_wconf 93' lang='lat' dir='ltr'>una</span> <span class='ocrx_word' id='word_1_131' title='bbox 876 1834 974 1895; x_wconf 86' lang='lat' dir='ltr'>volta</span> <span class='ocrx_word' id='word_1_132' title='bbox 1004 1833 1291 1914; x_wconf 88' lang='lat' dir='ltr'>conquistassero</span> <span class='ocrx_word' id='word_1_133' title='bbox 1325 1834 1445 1914; x_wconf 90' lang='lat' dir='ltr'>quello</span> <span class='ocrx_word' id='word_1_134' title='bbox 1474 1833 1539 1894; x_wconf 89' lang='lat' dir='ltr'>che</span> 
     </span>
     <span class='ocr_line' id='line_1_14' title="bbox 257 1940 1539 2021; baseline -0.001 -20"><span class='ocrx_word' id='word_1_135' title='bbox 257 1959 319 2001; x_wconf 89' lang='lat' dir='ltr'>era</span> <span class='ocrx_word' id='word_1_136' title='bbox 343 1960 406 2002; x_wconf 91' lang='lat' dir='ltr'>suo</span> <span class='ocrx_word' id='word_1_137' title='bbox 431 1949 466 2002; x_wconf 87' lang='lat' dir='ltr'>et</span> <span class='ocrx_word' id='word_1_138' title='bbox 491 1940 608 2021; x_wconf 90' lang='lat' dir='ltr'>quello</span> <span class='ocrx_word' id='word_1_139' title='bbox 633 1941 699 2002; x_wconf 88' lang='lat' dir='ltr'>che</span> <span class='ocrx_word' id='word_1_140' title='bbox 724 1940 774 2021; x_wconf 86' lang='lat' dir='ltr'>gli</span> <span class='ocrx_word' id='word_1_141' title='bbox 799 1961 860 2002; x_wconf 86' lang='lat' dir='ltr'>era</span> <span class='ocrx_word' id='word_1_142' title='bbox 884 1950 978 2002; x_wconf 87' lang='lat' dir='ltr'>stato</span> <span class='ocrx_word' id='word_1_143' title='bbox 1002 1949 1126 2002; x_wconf 90' lang='lat' dir='ltr'>tenuto</span> <span class='ocrx_word' id='word_1_144' title='bbox 1151 1949 1250 2002; x_wconf 89' lang='lat' dir='ltr'>tanto</span> <span class='ocrx_word' id='word_1_145' title='bbox 1276 1948 1396 2020; x_wconf 90' lang='lat' dir='ltr'>tempo</span> <span class='ocrx_word' id='word_1_146' title='bbox 1416 1949 1539 2002; x_wconf 85' lang='lat' dir='ltr'>contra</span> 
     </span>
     <span class='ocr_line' id='line_1_15' title="bbox 256 2045 1537 2127; baseline 0.001 -20"><span class='ocrx_word' id='word_1_147' title='bbox 256 2045 406 2122; x_wconf 88' lang='lat' dir='ltr'>iustitia,</span> <span class='ocrx_word' id='word_1_148' title='bbox 441 2057 476 2108; x_wconf 90' lang='lat' dir='ltr'>et</span> <span class='ocrx_word' id='word_1_149' title='bbox 501 2067 571 2109; x_wconf 93' lang='lat' dir='ltr'>non</span> <span class='ocrx_word' id='word_1_150' title='bbox 596 2046 675 2111; x_wconf 86' lang='lat' dir='ltr'>fece</span> <span class='ocrx_word' id='word_1_151' title='bbox 698 2047 768 2110; x_wconf 89' lang='lat' dir='ltr'>mai</span> <span class='ocrx_word' id='word_1_152' title='bbox 793 2048 884 2110; x_wconf 87' lang='lat' dir='ltr'>altro</span> <span class='ocrx_word' id='word_1_153' title='bbox 909 2049 974 2113; x_wconf 86' lang='lat' dir='ltr'>che</span> <span class='ocrx_word' id='word_1_154' title='bbox 999 2047 1136 2109; x_wconf 88' lang='lat' dir='ltr'>cridare</span> <span class='ocrx_word' id='word_1_155' title='bbox 1162 2047 1281 2127; x_wconf 85' lang='lat' dir='ltr'>Italia,</span> <span class='ocrx_word' id='word_1_156' title='bbox 1314 2046 1435 2125; x_wconf 88' lang='lat' dir='ltr'>Italia,</span> <span class='ocrx_word' id='word_1_157' title='bbox 1461 2067 1537 2108; x_wconf 90' lang='lat' dir='ltr'>cum</span> 
     </span>
     <span class='ocr_line' id='line_1_16' title="bbox 257 2153 1539 2236; baseline -0.001 -21"><span class='ocrx_word' id='word_1_158' title='bbox 257 2164 356 2216; x_wconf 85' lang='lat' dir='ltr'>tanta</span> <span class='ocrx_word' id='word_1_159' title='bbox 379 2154 642 2236; x_wconf 83' lang='lat' dir='ltr'>impertinentia</span> <span class='ocrx_word' id='word_1_160' title='bbox 666 2164 798 2236; x_wconf 91' lang='lat' dir='ltr'>quanto</span> <span class='ocrx_word' id='word_1_161' title='bbox 824 2155 878 2216; x_wconf 92' lang='lat' dir='ltr'>dir</span> <span class='ocrx_word' id='word_1_162' title='bbox 903 2175 940 2216; x_wconf 86' lang='lat' dir='ltr'>se</span> <span class='ocrx_word' id='word_1_163' title='bbox 963 2173 1022 2236; x_wconf 85' lang='lat' dir='ltr'>pe,</span> <span class='ocrx_word' id='word_1_164' title='bbox 1048 2165 1083 2216; x_wconf 92' lang='lat' dir='ltr'>et</span> <span class='ocrx_word' id='word_1_165' title='bbox 1108 2155 1202 2216; x_wconf 91' lang='lat' dir='ltr'>disse</span> <span class='ocrx_word' id='word_1_166' title='bbox 1224 2153 1366 2236; x_wconf 87' lang='lat' dir='ltr'>quando</span> <span class='ocrx_word' id='word_1_167' title='bbox 1381 2153 1441 2216; x_wconf 89' lang='lat' dir='ltr'>voi</span> <span class='ocrx_word' id='word_1_168' title='bbox 1459 2153 1539 2214; x_wconf 87' lang='lat' dir='ltr'>altri</span> 
     </span>
     <span class='ocr_line' id='line_1_17' title="bbox 256 2260 1538 2343; baseline 0 -21"><span class='ocrx_word' id='word_1_169' title='bbox 256 2260 409 2324; x_wconf 83' lang='lat' dir='ltr'>facevati</span> <span class='ocrx_word' id='word_1_170' title='bbox 434 2281 565 2342; x_wconf 84' lang='lat' dir='ltr'>guerra</span> <span class='ocrx_word' id='word_1_171' title='bbox 588 2263 610 2324; x_wconf 89' lang='lat' dir='ltr'>l&#39;</span> <span class='ocrx_word' id='word_1_172' title='bbox 628 2282 697 2339; x_wconf 91' lang='lat' dir='ltr'>uno</span> <span class='ocrx_word' id='word_1_173' title='bbox 723 2270 758 2324; x_wconf 88' lang='lat' dir='ltr'>et</span> <span class='ocrx_word' id='word_1_174' title='bbox 781 2261 803 2324; x_wconf 90' lang='lat' dir='ltr'>l’</span> <span class='ocrx_word' id='word_1_175' title='bbox 821 2263 911 2324; x_wconf 87' lang='lat' dir='ltr'>altro</span> <span class='ocrx_word' id='word_1_176' title='bbox 933 2271 969 2324; x_wconf 90' lang='lat' dir='ltr'>et</span> <span class='ocrx_word' id='word_1_177' title='bbox 986 2271 1110 2324; x_wconf 90' lang='lat' dir='ltr'>contra</span> <span class='ocrx_word' id='word_1_178' title='bbox 1126 2263 1161 2323; x_wconf 99' lang='grc'>10</span> <span class='ocrx_word' id='word_1_179' title='bbox 1178 2261 1409 2343; x_wconf 84' lang='lat' dir='ltr'>Imperatore,</span> <span class='ocrx_word' id='word_1_180' title='bbox 1426 2263 1538 2340; x_wconf 84' lang='lat' dir='ltr'>Papa,</span> 
     </span>
     <span class='ocr_line' id='line_1_18' title="bbox 259 2367 1539 2448; baseline 0 -19"><span class='ocrx_word' id='word_1_181' title='bbox 259 2367 464 2448; x_wconf 88' lang='lat' dir='ltr'>Venetiani,</span> <span class='ocrx_word' id='word_1_182' title='bbox 499 2369 635 2430; x_wconf 84' lang='lat' dir='ltr'>Franza</span> <span class='ocrx_word' id='word_1_183' title='bbox 668 2380 703 2432; x_wconf 91' lang='lat' dir='ltr'>et</span> <span class='ocrx_word' id='word_1_184' title='bbox 735 2369 814 2432; x_wconf 84' lang='lat' dir='ltr'>tutti</span> <span class='ocrx_word' id='word_1_185' title='bbox 846 2368 871 2430; x_wconf 91' lang='grc'>11</span> <span class='ocrx_word' id='word_1_186' title='bbox 903 2368 984 2431; x_wconf 89' lang='lat' dir='ltr'>altri</span> <span class='ocrx_word' id='word_1_187' title='bbox 1013 2389 1122 2432; x_wconf 89' lang='lat' dir='ltr'>erano</span> <span class='ocrx_word' id='word_1_188' title='bbox 1147 2371 1271 2431; x_wconf 85' lang='lat' dir='ltr'>alhora</span> <span class='ocrx_word' id='word_1_189' title='bbox 1295 2379 1419 2431; x_wconf 87' lang='lat' dir='ltr'>contra</span> <span class='ocrx_word' id='word_1_190' title='bbox 1444 2367 1539 2430; x_wconf 89' lang='lat' dir='ltr'>dicto</span> 
     </span>
     <span class='ocr_line' id='line_1_19' title="bbox 255 2474 1539 2555; baseline 0.001 -20"><span class='ocrx_word' id='word_1_191' title='bbox 255 2474 485 2555; x_wconf 87' lang='lat' dir='ltr'>imperatore;</span> <span class='ocrx_word' id='word_1_192' title='bbox 519 2479 546 2538; x_wconf 88' lang='lat' dir='ltr'>sl</span> <span class='ocrx_word' id='word_1_193' title='bbox 580 2479 644 2539; x_wconf 88' lang='lat' dir='ltr'>che</span> <span class='ocrx_word' id='word_1_194' title='bbox 676 2477 736 2538; x_wconf 88' lang='lat' dir='ltr'>voi</span> <span class='ocrx_word' id='word_1_195' title='bbox 768 2476 849 2538; x_wconf 88' lang='lat' dir='ltr'>tutti</span> <span class='ocrx_word' id='word_1_196' title='bbox 881 2478 970 2538; x_wconf 86' lang='lat' dir='ltr'>hora</span> <span class='ocrx_word' id='word_1_197' title='bbox 1002 2475 1145 2538; x_wconf 89' lang='lat' dir='ltr'>uniteve</span> <span class='ocrx_word' id='word_1_198' title='bbox 1172 2476 1320 2539; x_wconf 89' lang='lat' dir='ltr'>insieme</span> <span class='ocrx_word' id='word_1_199' title='bbox 1346 2486 1382 2538; x_wconf 89' lang='lat' dir='ltr'>et</span> <span class='ocrx_word' id='word_1_200' title='bbox 1407 2477 1539 2538; x_wconf 85' lang='lat' dir='ltr'>andate</span> 
     </span>
     <span class='ocr_line' id='line_1_20' title="bbox 256 2582 1540 2665; baseline -0.001 -21"><span class='ocrx_word' id='word_1_201' title='bbox 256 2584 449 2644; x_wconf 86' lang='lat' dir='ltr'>contrade</span> <span class='ocrx_word' id='word_1_202' title='bbox 474 2585 560 2646; x_wconf 93' lang='lat' dir='ltr'>loro.</span> <span class='ocrx_word' id='word_1_203' title='bbox 600 2583 789 2665; x_wconf 84' lang='lat' dir='ltr'>Gurgense</span> <span class='ocrx_word' id='word_1_204' title='bbox 814 2604 874 2645; x_wconf 85' lang='lat' dir='ltr'>era</span> <span class='ocrx_word' id='word_1_205' title='bbox 890 2602 1070 2664; x_wconf 81' lang='lat' dir='ltr'>appresso</span> <span class='ocrx_word' id='word_1_206' title='bbox 1095 2583 1117 2645; x_wconf 88' lang='lat' dir='ltr'>l&#39;</span> <span class='ocrx_word' id='word_1_207' title='bbox 1135 2595 1256 2664; x_wconf 81' lang='lat' dir='ltr'>orator</span> <span class='ocrx_word' id='word_1_208' title='bbox 1279 2582 1478 2663; x_wconf 89' lang='lat' dir='ltr'>apostolico</span> <span class='ocrx_word' id='word_1_209' title='bbox 1503 2592 1540 2643; x_wconf 90' lang='lat' dir='ltr'>et</span> 
     </span>
     <span class='ocr_line' id='line_1_21' title="bbox 257 2686 1539 2772; baseline -0.002 -20"><span class='ocrx_word' id='word_1_210' title='bbox 257 2710 318 2752; x_wconf 86' lang='lat' dir='ltr'>era</span> <span class='ocrx_word' id='word_1_211' title='bbox 349 2688 544 2772; x_wconf 89' lang='lat' dir='ltr'>interprete</span> <span class='ocrx_word' id='word_1_212' title='bbox 568 2711 589 2752; x_wconf 89' lang='lat' dir='ltr'>a</span> <span class='ocrx_word' id='word_1_213' title='bbox 612 2690 660 2753; x_wconf 94' lang='lat' dir='ltr'>lui</span> <span class='ocrx_word' id='word_1_214' title='bbox 693 2701 728 2752; x_wconf 91' lang='lat' dir='ltr'>et</span> <span class='ocrx_word' id='word_1_215' title='bbox 752 2711 773 2752; x_wconf 92' lang='lat' dir='ltr'>a</span> <span class='ocrx_word' id='word_1_216' title='bbox 797 2690 916 2771; x_wconf 89' lang='lat' dir='ltr'>quello</span> <span class='ocrx_word' id='word_1_217' title='bbox 951 2688 986 2750; x_wconf 89' lang='lat' dir='ltr'>di</span> <span class='ocrx_word' id='word_1_218' title='bbox 1013 2686 1158 2751; x_wconf 80' lang='lat' dir='ltr'>Franza.</span> <span class='ocrx_word' id='word_1_219' title='bbox 1209 2690 1377 2752; x_wconf 86' lang='lat' dir='ltr'>Anchora</span> <span class='ocrx_word' id='word_1_220' title='bbox 1409 2688 1539 2751; x_wconf 88' lang='lat' dir='ltr'>dieono</span> 
     </span>
     <span class='ocr_line' id='line_1_22' title="bbox 256 2793 1441 2879; baseline 0.002 -20"><span class='ocrx_word' id='word_1_221' title='bbox 256 2799 321 2860; x_wconf 88' lang='lat' dir='ltr'>che</span> <span class='ocrx_word' id='word_1_222' title='bbox 346 2793 556 2861; x_wconf 88' lang='lat' dir='ltr'>Sedunense</span> <span class='ocrx_word' id='word_1_223' title='bbox 581 2807 616 2861; x_wconf 86' lang='lat' dir='ltr'>et</span> <span class='ocrx_word' id='word_1_224' title='bbox 639 2797 720 2860; x_wconf 84' lang='lat' dir='ltr'>altri</span> <span class='ocrx_word' id='word_1_225' title='bbox 743 2799 863 2861; x_wconf 88' lang='lat' dir='ltr'>hanno</span> <span class='ocrx_word' id='word_1_226' title='bbox 887 2795 983 2859; x_wconf 81' lang='lat' dir='ltr'>facto</span> <span class='ocrx_word' id='word_1_227' title='bbox 1008 2795 1085 2859; x_wconf 86' lang='lat' dir='ltr'>fare</span> <span class='ocrx_word' id='word_1_228' title='bbox 1110 2797 1235 2878; x_wconf 75' lang='lat' dir='ltr'>questa</span> <span class='ocrx_word' id='word_1_229' title='bbox 1259 2797 1441 2879; x_wconf 87' lang='lat' dir='ltr'>predicha.</span> 
     </span>
    </p>

    <p class='ocr_par' dir='ltr' id='par_1_3' title="bbox 255 2904 1542 3735">
     <span class='ocr_line' id='line_1_23' title="bbox 363 2904 1540 2987; baseline -0.002 -19"><span class='ocrx_word' id='word_1_230' title='bbox 363 2904 503 2968; x_wconf 84' lang='lat' dir='ltr'>Achille</span> <span class='ocrx_word' id='word_1_231' title='bbox 535 2906 570 2967; x_wconf 90' lang='lat' dir='ltr'>di</span> <span class='ocrx_word' id='word_1_232' title='bbox 596 2904 762 2987; x_wconf 86' lang='lat' dir='ltr'>Baglioni</span> <span class='ocrx_word' id='word_1_233' title='bbox 794 2924 856 2967; x_wconf 89' lang='lat' dir='ltr'>ora</span> <span class='ocrx_word' id='word_1_234' title='bbox 890 2906 1019 2967; x_wconf 88' lang='lat' dir='ltr'>cercha</span> <span class='ocrx_word' id='word_1_235' title='bbox 1050 2906 1094 2966; x_wconf 93' lang='lat' dir='ltr'>de</span> <span class='ocrx_word' id='word_1_236' title='bbox 1125 2914 1258 2967; x_wconf 88' lang='lat' dir='ltr'>metere</span> <span class='ocrx_word' id='word_1_237' title='bbox 1282 2904 1433 2967; x_wconf 87' lang='lat' dir='ltr'>Horatio</span> <span class='ocrx_word' id='word_1_238' title='bbox 1459 2924 1540 2966; x_wconf 89' lang='lat' dir='ltr'>curn</span> 
     </span>
     <span class='ocr_line' id='line_1_24' title="bbox 256 3011 1539 3093; baseline 0 -20"><span class='ocrx_word' id='word_1_239' title='bbox 256 3012 289 3073; x_wconf 91' lang='lat' dir='ltr'>lo</span> <span class='ocrx_word' id='word_1_240' title='bbox 313 3011 527 3093; x_wconf 84' lang='lat' dir='ltr'>imperatore</span> <span class='ocrx_word' id='word_1_241' title='bbox 551 3032 617 3093; x_wconf 89' lang='lat' dir='ltr'>per</span> <span class='ocrx_word' id='word_1_242' title='bbox 640 3012 871 3093; x_wconf 87' lang='lat' dir='ltr'>gentilhomo,</span> <span class='ocrx_word' id='word_1_243' title='bbox 895 3033 952 3075; x_wconf 92' lang='lat' dir='ltr'>ma</span> <span class='ocrx_word' id='word_1_244' title='bbox 976 3033 1031 3075; x_wconf 90' lang='lat' dir='ltr'>me</span> <span class='ocrx_word' id='word_1_245' title='bbox 1056 3030 1122 3092; x_wconf 87' lang='lat' dir='ltr'>par</span> <span class='ocrx_word' id='word_1_246' title='bbox 1145 3014 1211 3074; x_wconf 92' lang='lat' dir='ltr'>che</span> <span class='ocrx_word' id='word_1_247' title='bbox 1227 3022 1396 3093; x_wconf 92' lang='lat' dir='ltr'>questoro</span> <span class='ocrx_word' id='word_1_248' title='bbox 1414 3032 1486 3075; x_wconf 91' lang='lat' dir='ltr'>non</span> <span class='ocrx_word' id='word_1_249' title='bbox 1501 3014 1539 3074; x_wconf 92' lang='lat' dir='ltr'>lo</span> 
     </span>
     <span class='ocr_line' id='line_1_25' title="bbox 255 3117 1541 3200; baseline 0.002 -22"><span class='ocrx_word' id='word_1_250' title='bbox 255 3118 439 3200; x_wconf 84' lang='lat' dir='ltr'>voglian0;</span> <span class='ocrx_word' id='word_1_251' title='bbox 465 3118 560 3182; x_wconf 91' lang='lat' dir='ltr'>dicto</span> <span class='ocrx_word' id='word_1_252' title='bbox 578 3117 717 3183; x_wconf 87' lang='lat' dir='ltr'>Achille</span> <span class='ocrx_word' id='word_1_253' title='bbox 735 3117 933 3181; x_wconf 88' lang='lat' dir='ltr'>conferisce</span> <span class='ocrx_word' id='word_1_254' title='bbox 957 3119 1059 3199; x_wconf 85' lang='lat' dir='ltr'>quasi</span> <span class='ocrx_word' id='word_1_255' title='bbox 1083 3139 1223 3199; x_wconf 88' lang='lat' dir='ltr'>sempre</span> <span class='ocrx_word' id='word_1_256' title='bbox 1247 3140 1326 3182; x_wconf 90' lang='lat' dir='ltr'>cum</span> <span class='ocrx_word' id='word_1_257' title='bbox 1351 3121 1384 3181; x_wconf 93' lang='lat' dir='ltr'>el</span> <span class='ocrx_word' id='word_1_258' title='bbox 1406 3118 1541 3200; x_wconf 86' lang='lat' dir='ltr'>Signor</span> 
     </span>
     <span class='ocr_line' id='line_1_26' title="bbox 256 3223 1538 3289; baseline 0.002 -3"><span class='ocrx_word' id='word_1_259' title='bbox 256 3224 440 3288; x_wconf 87' lang='lat' dir='ltr'>Antonino</span> <span class='ocrx_word' id='word_1_260' title='bbox 472 3227 516 3289; x_wconf 92' lang='lat' dir='ltr'>de</span> <span class='ocrx_word' id='word_1_261' title='bbox 547 3227 580 3289; x_wconf 89' lang='lat' dir='ltr'>la</span> <span class='ocrx_word' id='word_1_262' title='bbox 605 3226 752 3288; x_wconf 87' lang='lat' dir='ltr'>Rovere</span> <span class='ocrx_word' id='word_1_263' title='bbox 778 3235 812 3288; x_wconf 91' lang='lat' dir='ltr'>et</span> <span class='ocrx_word' id='word_1_264' title='bbox 837 3227 994 3288; x_wconf 85' lang='lat' dir='ltr'>anchora</span> <span class='ocrx_word' id='word_1_265' title='bbox 1019 3246 1096 3287; x_wconf 92' lang='lat' dir='ltr'>cum</span> <span class='ocrx_word' id='word_1_266' title='bbox 1121 3226 1304 3288; x_wconf 90' lang='lat' dir='ltr'>Anthonio</span> <span class='ocrx_word' id='word_1_267' title='bbox 1329 3225 1374 3288; x_wconf 91' lang='lat' dir='ltr'>de</span> <span class='ocrx_word' id='word_1_268' title='bbox 1397 3228 1433 3288; x_wconf 88' lang='lat' dir='ltr'>la</span> <span class='ocrx_word' id='word_1_269' title='bbox 1456 3223 1538 3288; x_wconf 87' lang='lat' dir='ltr'>Sas-</span> 
     </span>
     <span class='ocr_line' id='line_1_27' title="bbox 255 3332 1539 3414; baseline 0.001 -20"><span class='ocrx_word' id='word_1_270' title='bbox 255 3341 349 3412; x_wconf 83' lang='lat' dir='ltr'>seta‚</span> <span class='ocrx_word' id='word_1_271' title='bbox 381 3334 426 3395; x_wconf 90' lang='lat' dir='ltr'>de</span> <span class='ocrx_word' id='word_1_272' title='bbox 459 3342 555 3396; x_wconf 92' lang='lat' dir='ltr'>sorte</span> <span class='ocrx_word' id='word_1_273' title='bbox 589 3335 654 3395; x_wconf 84' lang='lat' dir='ltr'>che</span> <span class='ocrx_word' id='word_1_274' title='bbox 686 3353 742 3395; x_wconf 90' lang='lat' dir='ltr'>me</span> <span class='ocrx_word' id='word_1_275' title='bbox 766 3332 802 3395; x_wconf 84' lang='lat' dir='ltr'>fa</span> <span class='ocrx_word' id='word_1_276' title='bbox 828 3334 976 3395; x_wconf 89' lang='lat' dir='ltr'>credere</span> <span class='ocrx_word' id='word_1_277' title='bbox 1001 3333 1053 3395; x_wconf 86' lang='lat' dir='ltr'>sia</span> <span class='ocrx_word' id='word_1_278' title='bbox 1078 3333 1109 3395; x_wconf 92' lang='lat' dir='ltr'>el</span> <span class='ocrx_word' id='word_1_279' title='bbox 1135 3352 1221 3394; x_wconf 89' lang='lat' dir='ltr'>vero</span> <span class='ocrx_word' id='word_1_280' title='bbox 1245 3334 1366 3414; x_wconf 90' lang='lat' dir='ltr'>quello</span> <span class='ocrx_word' id='word_1_281' title='bbox 1390 3334 1456 3394; x_wconf 89' lang='lat' dir='ltr'>che</span> <span class='ocrx_word' id='word_1_282' title='bbox 1481 3354 1539 3395; x_wconf 90' lang='lat' dir='ltr'>me</span> 
     </span>
     <span class='ocr_line' id='line_1_28' title="bbox 256 3438 1541 3521; baseline 0 -20"><span class='ocrx_word' id='word_1_283' title='bbox 256 3438 350 3502; x_wconf 87' lang='lat' dir='ltr'>disse</span> <span class='ocrx_word' id='word_1_284' title='bbox 375 3461 396 3503; x_wconf 88' lang='lat' dir='ltr'>a</span> <span class='ocrx_word' id='word_1_285' title='bbox 420 3439 535 3521; x_wconf 86' lang='lat' dir='ltr'>questi</span> <span class='ocrx_word' id='word_1_286' title='bbox 559 3438 674 3521; x_wconf 82' lang='lat' dir='ltr'>giorni</span> <span class='ocrx_word' id='word_1_287' title='bbox 701 3441 819 3521; x_wconf 90' lang='lat' dir='ltr'>quello</span> <span class='ocrx_word' id='word_1_288' title='bbox 844 3440 1018 3503; x_wconf 91' lang='lat' dir='ltr'>servitore</span> <span class='ocrx_word' id='word_1_289' title='bbox 1044 3442 1088 3502; x_wconf 90' lang='lat' dir='ltr'>de</span> <span class='ocrx_word' id='word_1_290' title='bbox 1112 3438 1242 3519; x_wconf 90' lang='lat' dir='ltr'>Joanni</span> <span class='ocrx_word' id='word_1_291' title='bbox 1270 3441 1316 3506; x_wconf 88' lang='lat' dir='ltr'>da</span> <span class='ocrx_word' id='word_1_292' title='bbox 1341 3438 1541 3503; x_wconf 80' lang='lat' dir='ltr'>Sassatello</span> 
     </span>
     <span class='ocr_line' id='line_1_29' title="bbox 256 3546 1542 3629; baseline -0.001 -19"><span class='ocrx_word' id='word_1_293' title='bbox 256 3550 322 3611; x_wconf 90' lang='lat' dir='ltr'>che</span> <span class='ocrx_word' id='word_1_294' title='bbox 347 3548 440 3611; x_wconf 88' lang='lat' dir='ltr'>disse</span> <span class='ocrx_word' id='word_1_295' title='bbox 466 3549 531 3610; x_wconf 89' lang='lat' dir='ltr'>che</span> <span class='ocrx_word' id='word_1_296' title='bbox 557 3548 577 3609; x_wconf 85' lang='lat' dir='ltr'>’l</span> <span class='ocrx_word' id='word_1_297' title='bbox 601 3546 733 3629; x_wconf 85' lang='lat' dir='ltr'>Signor</span> <span class='ocrx_word' id='word_1_298' title='bbox 757 3549 802 3610; x_wconf 87' lang='lat' dir='ltr'>de</span> <span class='ocrx_word' id='word_1_299' title='bbox 827 3548 1014 3609; x_wconf 90' lang='lat' dir='ltr'>Piombino</span> <span class='ocrx_word' id='word_1_300' title='bbox 1039 3568 1101 3609; x_wconf 90' lang='lat' dir='ltr'>era</span> <span class='ocrx_word' id='word_1_301' title='bbox 1124 3549 1233 3610; x_wconf 91' lang='lat' dir='ltr'>molto</span> <span class='ocrx_word' id='word_1_302' title='bbox 1258 3546 1372 3608; x_wconf 88' lang='lat' dir='ltr'>amico</span> <span class='ocrx_word' id='word_1_303' title='bbox 1397 3555 1433 3609; x_wconf 94' lang='lat' dir='ltr'>et</span> <span class='ocrx_word' id='word_1_304' title='bbox 1457 3568 1542 3609; x_wconf 89' lang='lat' dir='ltr'>con·</span> 
     </span>
     <span class='ocr_line' id='line_1_30' title="bbox 256 3653 1434 3735; baseline -0.001 -19"><span class='ocrx_word' id='word_1_305' title='bbox 256 3654 417 3717; x_wconf 90' lang='lat' dir='ltr'>federato</span> <span class='ocrx_word' id='word_1_306' title='bbox 443 3674 508 3717; x_wconf 87' lang='lat' dir='ltr'>con</span> <span class='ocrx_word' id='word_1_307' title='bbox 534 3654 735 3717; x_wconf 87' lang='lat' dir='ltr'>Francesco</span> <span class='ocrx_word' id='word_1_308' title='bbox 759 3654 876 3715; x_wconf 87' lang='lat' dir='ltr'>Maria</span> <span class='ocrx_word' id='word_1_309' title='bbox 900 3664 1038 3716; x_wconf 81' lang='lat' dir='ltr'>et‘cum</span> <span class='ocrx_word' id='word_1_310' title='bbox 1062 3655 1097 3716; x_wconf 88' lang='lat' dir='ltr'>la</span> <span class='ocrx_word' id='word_1_311' title='bbox 1122 3674 1185 3715; x_wconf 88' lang='lat' dir='ltr'>sua</span> <span class='ocrx_word' id='word_1_312' title='bbox 1210 3653 1434 3735; x_wconf 84' lang='lat' dir='ltr'>compagnia.</span> 
     </span>
    </p>

    <p class='ocr_par' dir='ltr' id='par_1_4' title="bbox 255 3760 1545 4593">
     <span class='ocr_line' id='line_1_31' title="bbox 363 3760 1542 3843; baseline -0.001 -20"><span class='ocrx_word' id='word_1_313' title='bbox 363 3762 532 3824; x_wconf 88' lang='lat' dir='ltr'>Preterea</span> <span class='ocrx_word' id='word_1_314' title='bbox 564 3764 598 3823; x_wconf 86' lang='lat' dir='ltr'>la</span> <span class='ocrx_word' id='word_1_315' title='bbox 630 3760 776 3824; x_wconf 89' lang='lat' dir='ltr'>mattina</span> <span class='ocrx_word' id='word_1_316' title='bbox 808 3772 981 3843; x_wconf 87' lang='lat' dir='ltr'>seguente</span> <span class='ocrx_word' id='word_1_317' title='bbox 1013 3762 1058 3824; x_wconf 89' lang='lat' dir='ltr'>de</span> <span class='ocrx_word' id='word_1_318' title='bbox 1091 3762 1123 3823; x_wconf 92' lang='lat' dir='ltr'>le</span> <span class='ocrx_word' id='word_1_319' title='bbox 1149 3760 1301 3842; x_wconf 85' lang='lat' dir='ltr'>exequie</span> <span class='ocrx_word' id='word_1_320' title='bbox 1325 3762 1391 3823; x_wconf 91' lang='lat' dir='ltr'>che</span> <span class='ocrx_word' id='word_1_321' title='bbox 1415 3760 1453 3822; x_wconf 83' lang='lat' dir='ltr'>fu</span> <span class='ocrx_word' id='word_1_322' title='bbox 1478 3760 1542 3822; x_wconf 85' lang='lat' dir='ltr'>alli</span> 
     </span>
     <span class='ocr_line' id='line_1_32' title="bbox 255 3866 1543 3949; baseline -0.001 -18"><span class='ocrx_word' id='word_1_323' title='bbox 255 3868 382 3931; x_wconf 86' lang='lat' dir='ltr'>XXIII</span> <span class='ocrx_word' id='word_1_324' title='bbox 408 3870 633 3949; x_wconf 86' lang='lat' dir='ltr'>expectando</span> <span class='ocrx_word' id='word_1_325' title='bbox 658 3866 692 3930; x_wconf 93' lang='lat' dir='ltr'>io</span> <span class='ocrx_word' id='word_1_326' title='bbox 716 3890 737 3929; x_wconf 90' lang='lat' dir='ltr'>a</span> <span class='ocrx_word' id='word_1_327' title='bbox 761 3876 860 3931; x_wconf 89' lang='lat' dir='ltr'>corte</span> <span class='ocrx_word' id='word_1_328' title='bbox 884 3888 986 3931; x_wconf 79' lang='lat' dir='ltr'>mess</span> <span class='ocrx_word' id='word_1_329' title='bbox 1011 3868 1164 3930; x_wconf 89' lang='lat' dir='ltr'>Michele</span> <span class='ocrx_word' id='word_1_330' title='bbox 1181 3868 1369 3930; x_wconf 89' lang='lat' dir='ltr'>Todescho</span> <span class='ocrx_word' id='word_1_331' title='bbox 1395 3870 1460 3930; x_wconf 91' lang='lat' dir='ltr'>che</span> <span class='ocrx_word' id='word_1_332' title='bbox 1479 3868 1543 3949; x_wconf 71' lang='lat' dir='ltr'>gii</span> 
     </span>
     <span class='ocr_line' id='line_1_33' title="bbox 255 3973 1543 4056; baseline -0.002 -18"><span class='ocrx_word' id='word_1_333' title='bbox 255 3976 292 4038; x_wconf 86' lang='lat' dir='ltr'>fu</span> <span class='ocrx_word' id='word_1_334' title='bbox 317 3976 454 4037; x_wconf 87' lang='lat' dir='ltr'>Mastro</span> <span class='ocrx_word' id='word_1_335' title='bbox 488 3975 532 4036; x_wconf 89' lang='lat' dir='ltr'>de</span> <span class='ocrx_word' id='word_1_336' title='bbox 564 3977 598 4036; x_wconf 90' lang='lat' dir='ltr'>le</span> <span class='ocrx_word' id='word_1_337' title='bbox 622 3975 824 4053; x_wconf 79' lang='lat' dir='ltr'>cerimonia,</span> <span class='ocrx_word' id='word_1_338' title='bbox 850 3973 1060 4038; x_wconf 86' lang='lat' dir='ltr'>Sedunense</span> <span class='ocrx_word' id='word_1_339' title='bbox 1088 3994 1151 4036; x_wconf 91' lang='lat' dir='ltr'>suo</span> <span class='ocrx_word' id='word_1_340' title='bbox 1183 3984 1334 4056; x_wconf 90' lang='lat' dir='ltr'>patrone</span> <span class='ocrx_word' id='word_1_341' title='bbox 1359 3984 1395 4037; x_wconf 92' lang='lat' dir='ltr'>et</span> <span class='ocrx_word' id='word_1_342' title='bbox 1418 3976 1543 4055; x_wconf 89' lang='lat' dir='ltr'>quello</span> 
     </span>
     <span class='ocr_line' id='line_1_34' title="bbox 256 4080 1542 4164; baseline -0.002 -19"><span class='ocrx_word' id='word_1_343' title='bbox 256 4104 388 4145; x_wconf 88' lang='lat' dir='ltr'>messer</span> <span class='ocrx_word' id='word_1_344' title='bbox 413 4083 551 4162; x_wconf 88' lang='lat' dir='ltr'>Joanne</span> <span class='ocrx_word' id='word_1_345' title='bbox 576 4080 668 4145; x_wconf 88' lang='lat' dir='ltr'>Gaio</span> <span class='ocrx_word' id='word_1_346' title='bbox 701 4093 830 4164; x_wconf 83' lang='lat' dir='ltr'>agente</span> <span class='ocrx_word' id='word_1_347' title='bbox 864 4082 922 4143; x_wconf 92' lang='lat' dir='ltr'>del</span> <span class='ocrx_word' id='word_1_348' title='bbox 947 4080 1136 4143; x_wconf 82' lang='lat' dir='ltr'>Cardinale</span> <span class='ocrx_word' id='word_1_349' title='bbox 1161 4081 1338 4161; x_wconf 84' lang='lat' dir='ltr'>Colonna,</span> <span class='ocrx_word' id='word_1_350' title='bbox 1370 4081 1421 4161; x_wconf 85' lang='lat' dir='ltr'>gli</span> <span class='ocrx_word' id='word_1_351' title='bbox 1446 4101 1542 4143; x_wconf 89' lang='lat' dir='ltr'>com-</span> 
     </span>
     <span class='ocr_line' id='line_1_35' title="bbox 255 4187 1543 4272; baseline -0.003 -19"><span class='ocrx_word' id='word_1_352' title='bbox 255 4211 360 4272; x_wconf 89' lang='lat' dir='ltr'>parse</span> <span class='ocrx_word' id='word_1_353' title='bbox 392 4190 476 4252; x_wconf 89' lang='lat' dir='ltr'>certi</span> <span class='ocrx_word' id='word_1_354' title='bbox 509 4188 722 4252; x_wconf 89' lang='lat' dir='ltr'>alabardieri</span> <span class='ocrx_word' id='word_1_355' title='bbox 748 4190 804 4250; x_wconf 91' lang='lat' dir='ltr'>del</span> <span class='ocrx_word' id='word_1_356' title='bbox 830 4188 889 4251; x_wconf 90' lang='lat' dir='ltr'>Re</span> <span class='ocrx_word' id='word_1_357' title='bbox 914 4198 949 4251; x_wconf 91' lang='lat' dir='ltr'>et</span> <span class='ocrx_word' id='word_1_358' title='bbox 973 4209 1044 4250; x_wconf 91' lang='lat' dir='ltr'>uno</span> <span class='ocrx_word' id='word_1_359' title='bbox 1069 4190 1210 4268; x_wconf 82' lang='lat' dir='ltr'>eraldo,</span> <span class='ocrx_word' id='word_1_360' title='bbox 1241 4188 1266 4249; x_wconf 91' lang='grc'>11</span> <span class='ocrx_word' id='word_1_361' title='bbox 1295 4187 1389 4268; x_wconf 88' lang='lat' dir='ltr'>quali</span> <span class='ocrx_word' id='word_1_362' title='bbox 1421 4208 1543 4250; x_wconf 89' lang='lat' dir='ltr'>mena-</span> 
     </span>
     <span class='ocr_line' id='line_1_36' title="bbox 256 4293 1544 4377; baseline -0.002 -18"><span class='ocrx_word' id='word_1_363' title='bbox 256 4298 429 4377; x_wconf 84' lang='lat' dir='ltr'>ciorongli</span> <span class='ocrx_word' id='word_1_364' title='bbox 455 4298 501 4359; x_wconf 89' lang='lat' dir='ltr'>de</span> <span class='ocrx_word' id='word_1_365' title='bbox 525 4298 665 4358; x_wconf 83' lang='lat' dir='ltr'>butarlo</span> <span class='ocrx_word' id='word_1_366' title='bbox 689 4295 723 4358; x_wconf 93' lang='lat' dir='ltr'>in</span> <span class='ocrx_word' id='word_1_367' title='bbox 748 4294 853 4357; x_wconf 87' lang='lat' dir='ltr'>fiume</span> <span class='ocrx_word' id='word_1_368' title='bbox 879 4304 914 4357; x_wconf 88' lang='lat' dir='ltr'>et</span> <span class='ocrx_word' id='word_1_369' title='bbox 937 4294 996 4377; x_wconf 77' lang='lat' dir='ltr'>piu</span> <span class='ocrx_word' id='word_1_370' title='bbox 1022 4294 1073 4375; x_wconf 86' lang='lat' dir='ltr'>gli</span> <span class='ocrx_word' id='word_1_371' title='bbox 1097 4296 1238 4356; x_wconf 84' lang='lat' dir='ltr'>volsere</span> <span class='ocrx_word' id='word_1_372' title='bbox 1263 4295 1360 4374; x_wconf 84' lang='lat' dir='ltr'>dare,</span> <span class='ocrx_word' id='word_1_373' title='bbox 1385 4293 1544 4357; x_wconf 89' lang='lat' dir='ltr'>dicendo</span> 
     </span>
     <span class='ocr_line' id='line_1_37' title="bbox 256 4399 1545 4483; baseline -0.002 -18"><span class='ocrx_word' id='word_1_374' title='bbox 256 4407 321 4467; x_wconf 88' lang='lat' dir='ltr'>che</span> <span class='ocrx_word' id='word_1_375' title='bbox 343 4405 378 4466; x_wconf 91' lang='lat' dir='ltr'>la</span> <span class='ocrx_word' id='word_1_376' title='bbox 399 4403 547 4466; x_wconf 87' lang='lat' dir='ltr'>mattina</span> <span class='ocrx_word' id='word_1_377' title='bbox 562 4402 682 4465; x_wconf 87' lang='lat' dir='ltr'>avanti</span> <span class='ocrx_word' id='word_1_378' title='bbox 707 4402 740 4464; x_wconf 88' lang='lat' dir='ltr'>in</span> <span class='ocrx_word' id='word_1_379' title='bbox 768 4403 906 4483; x_wconf 87' lang='lat' dir='ltr'>capella</span> <span class='ocrx_word' id='word_1_380' title='bbox 931 4402 989 4464; x_wconf 91' lang='lat' dir='ltr'>del</span> <span class='ocrx_word' id='word_1_381' title='bbox 1013 4400 1175 4483; x_wconf 89' lang='lat' dir='ltr'>predicto</span> <span class='ocrx_word' id='word_1_382' title='bbox 1200 4400 1259 4462; x_wconf 89' lang='lat' dir='ltr'>Re</span> <span class='ocrx_word' id='word_1_383' title='bbox 1284 4399 1305 4461; x_wconf 88' lang='lat' dir='ltr'>l&#39;</span> <span class='ocrx_word' id='word_1_384' title='bbox 1321 4402 1462 4462; x_wconf 86' lang='lat' dir='ltr'>haveva</span> <span class='ocrx_word' id='word_1_385' title='bbox 1486 4421 1545 4464; x_wconf 88' lang='lat' dir='ltr'>re·</span> 
     </span>
     <span class='ocr_line' id='line_1_38' title="bbox 256 4506 1195 4593; baseline -0.005 -22"><span class='ocrx_word' id='word_1_386' title='bbox 256 4531 361 4593; x_wconf 84' lang='lat' dir='ltr'>proso</span> <span class='ocrx_word' id='word_1_387' title='bbox 386 4512 468 4591; x_wconf 90' lang='lat' dir='ltr'>quel</span> <span class='ocrx_word' id='word_1_388' title='bbox 493 4510 585 4573; x_wconf 89' lang='lat' dir='ltr'>frate</span> <span class='ocrx_word' id='word_1_389' title='bbox 611 4512 675 4572; x_wconf 91' lang='lat' dir='ltr'>che</span> <span class='ocrx_word' id='word_1_390' title='bbox 700 4511 840 4571; x_wconf 86' lang='lat' dir='ltr'>haveva</span> <span class='ocrx_word' id='word_1_391' title='bbox 864 4508 960 4571; x_wconf 87' lang='lat' dir='ltr'>facto</span> <span class='ocrx_word' id='word_1_392' title='bbox 985 4508 1006 4569; x_wconf 93' lang='lat' dir='ltr'>l’</span> <span class='ocrx_word' id='word_1_393' title='bbox 1023 4506 1195 4569; x_wconf 85' lang='lat' dir='ltr'>oratioue.</span> 
     </span>
    </p>

    <p class='ocr_par' dir='ltr' id='par_1_5' title="bbox 255 4612 1549 4912">
     <span class='ocr_line' id='line_1_39' title="bbox 363 4612 1545 4680; baseline 0 -2"><span class='ocrx_word' id='word_1_394' title='bbox 363 4618 438 4679; x_wconf 91' lang='lat' dir='ltr'>Ben</span> <span class='ocrx_word' id='word_1_395' title='bbox 456 4638 543 4680; x_wconf 88' lang='lat' dir='ltr'>vero</span> <span class='ocrx_word' id='word_1_396' title='bbox 561 4620 579 4679; x_wconf 80' lang='grc' dir='ltr'><em>ὲ</em></span> <span class='ocrx_word' id='word_1_397' title='bbox 598 4618 664 4679; x_wconf 89' lang='lat' dir='ltr'>che</span> <span class='ocrx_word' id='word_1_398' title='bbox 681 4616 776 4678; x_wconf 91' lang='lat' dir='ltr'>dicto</span> <span class='ocrx_word' id='word_1_399' title='bbox 791 4616 899 4677; x_wconf 88' lang='lat' dir='ltr'>Mess.</span> <span class='ocrx_word' id='word_1_400' title='bbox 914 4614 1067 4677; x_wconf 88' lang='lat' dir='ltr'>Michele</span> <span class='ocrx_word' id='word_1_401' title='bbox 1084 4634 1161 4676; x_wconf 92' lang='lat' dir='ltr'>cum</span> <span class='ocrx_word' id='word_1_402' title='bbox 1187 4612 1273 4674; x_wconf 89' lang='lat' dir='ltr'>certi</span> <span class='ocrx_word' id='word_1_403' title='bbox 1299 4613 1379 4673; x_wconf 89' lang='lat' dir='ltr'>altri</span> <span class='ocrx_word' id='word_1_404' title='bbox 1403 4613 1545 4678; x_wconf 89' lang='lat' dir='ltr'>homini</span> 
     </span>
     <span class='ocr_line' id='line_1_40' title="bbox 256 4720 1547 4806; baseline -0.001 -20"><span class='ocrx_word' id='word_1_405' title='bbox 256 4727 303 4786; x_wconf 90' lang='lat' dir='ltr'>da</span> <span class='ocrx_word' id='word_1_406' title='bbox 334 4726 405 4788; x_wconf 91' lang='lat' dir='ltr'>ben</span> <span class='ocrx_word' id='word_1_407' title='bbox 437 4744 501 4805; x_wconf 88' lang='lat' dir='ltr'>per</span> <span class='ocrx_word' id='word_1_408' title='bbox 533 4724 649 4806; x_wconf 88' lang='lat' dir='ltr'>spatio</span> <span class='ocrx_word' id='word_1_409' title='bbox 678 4723 710 4785; x_wconf 89' lang='lat' dir='ltr'>d&#39;</span> <span class='ocrx_word' id='word_1_410' title='bbox 731 4744 775 4784; x_wconf 92' lang='lat' dir='ltr'>un</span> <span class='ocrx_word' id='word_1_411' title='bbox 800 4724 890 4784; x_wconf 89' lang='lat' dir='ltr'>hora</span> <span class='ocrx_word' id='word_1_412' title='bbox 914 4741 1107 4802; x_wconf 90' lang='lat' dir='ltr'>represeno</span> <span class='ocrx_word' id='word_1_413' title='bbox 1132 4721 1228 4781; x_wconf 90' lang='lat' dir='ltr'>dicto</span> <span class='ocrx_word' id='word_1_414' title='bbox 1252 4720 1344 4782; x_wconf 86' lang='lat' dir='ltr'>frate</span> <span class='ocrx_word' id='word_1_415' title='bbox 1369 4722 1414 4782; x_wconf 89' lang='lat' dir='ltr'>de</span> <span class='ocrx_word' id='word_1_416' title='bbox 1439 4731 1547 4786; x_wconf 86' lang='lat' dir='ltr'>tante</span> 
     </span>
     <span class='ocr_line' id='line_1_41' title="bbox 255 4824 1549 4912; baseline -0.001 -19"><span class='ocrx_word' id='word_1_417' title='bbox 255 4830 518 4912; x_wconf 85' lang='lat' dir='ltr'>impertinentie</span> <span class='ocrx_word' id='word_1_418' title='bbox 550 4832 616 4893; x_wconf 89' lang='lat' dir='ltr'>che</span> <span class='ocrx_word' id='word_1_419' title='bbox 647 4830 669 4893; x_wconf 86' lang='lat'>1’</span> <span class='ocrx_word' id='word_1_420' title='bbox 687 4832 826 4891; x_wconf 86' lang='lat' dir='ltr'>haveva</span> <span class='ocrx_word' id='word_1_421' title='bbox 858 4827 953 4889; x_wconf 89' lang='lat' dir='ltr'>dicto</span> <span class='ocrx_word' id='word_1_422' title='bbox 986 4836 1110 4889; x_wconf 88' lang='lat' dir='ltr'>contro</span> <span class='ocrx_word' id='word_1_423' title='bbox 1142 4829 1176 4889; x_wconf 86' lang='lat' dir='ltr'>la</span> <span class='ocrx_word' id='word_1_424' title='bbox 1201 4824 1252 4888; x_wconf 75' lang='lat' dir='ltr'>Stl</span> <span class='ocrx_word' id='word_1_425' title='bbox 1283 4828 1327 4889; x_wconf 90' lang='lat' dir='ltr'>de</span> <span class='ocrx_word' id='word_1_426' title='bbox 1352 4826 1395 4889; x_wconf 90' lang='lat' dir='ltr'>N.</span> <span class='ocrx_word' id='word_1_427' title='bbox 1421 4826 1473 4889; x_wconf 68' lang='lat' dir='ltr'>Sm</span> <span class='ocrx_word' id='word_1_428' title='bbox 1505 4841 1549 4892; x_wconf 81' lang='lat' dir='ltr'>et</span> 
     </span>
    </p>
   </div>
   <div class='ocr_carea' id='block_1_3' title="bbox 0 0 1719 5700">
    <p class='ocr_par' dir='ltr' id='par_1_6' title="bbox 0 0 1719 5700">
     <span class='ocr_line' id='line_1_42' title="bbox 0 0 1719 5700; baseline 0 0"><span class='ocrx_word' id='word_1_429' title='bbox 0 0 1719 5700; x_wconf 95' lang='lat' dir='ltr'> </span> 
     </span>
    </p>
   </div>
  </div>
 </body>
</html>
