3425 5700
803 558 1050 622 *unaue

289 713 420 776 nullum
447 711 587 794 quidem
612 712 660 776 illi
687 724 741 775 est
764 733 855 794 pace
880 710 1016 794 gratius
1040 719 1076 773 et
1100 708 1311 791 placabilius
1346 705 1565 772 sacrificium.

290 822 368 883 'lua
390 842 490 883 mens
513 821 583 882 iam
615 821 765 902 plurima
798 832 834 882 et
867 818 1061 882 clarissima
1092 817 1195 900 signa
1227 817 1326 880 dedit
1355 815 1494 879 virtutis
1533 825 1567 878 et

289 927 473 1010 religionis
496 926 530 989 in
557 947 725 989 summurn
756 926 871 989 Deum
896 924 1083 1005 maximae,
1107 944 1212 986 nemo
1237 935 1291 987 est
1315 922 1374 1004 qui
1412 942 1480 985 non
1520 921 1568 984 ita

290 1033 468 1096 existimet
492 1044 528 1096 et
552 1054 726 1115 personae
751 1046 787 1096 et
810 1032 995 1113 dignitatis
1019 1041 1102 1094 tuae
1125 1031 1240 1114 ipsum
1273 1051 1351 1094 esse
1379 1041 1568 1112 patronum

293 1150 329 1204 et
352 1150 589 1222 protectorem
615 1142 749 1215 Deum;
775 1152 945 1222 quantum
969 1139 1020 1202 illi
1045 1141 1189 1220 debeas,
1204 1137 1365 1220 cogitare
1382 1147 1477 1200 tuum
1504 1145 1568 1216 est,

290 1258 448 1310 nostrum
485 1249 676 1311 admonere
708 1247 792 1330 quid
816 1247 920 1310 nobis
955 1246 1120 1310 videatur
1149 1255 1271 1308 tantae
1300 1245 1569 1306 conservandae

291 1355 360 1417 Dei
384 1354 524 1436 gratiae
550 1375 628 1418 esse
653 1354 860 1436 expediens.
915 1353 1008 1417 Illud
1044 1352 1187 1434 quidem
1224 1361 1438 1432 extremum,
1472 1349 1568 1432 quod

292 1462 402 1525 nostri
427 1482 514 1543 erga
538 1471 574 1524 te
598 1461 727 1524 amoris
758 1471 834 1542 est,
869 1460 1109 1543 adiungimus,
1145 1479 1276 1542 cupere
1307 1479 1371 1521 nos
1401 1457 1571 1540 quicquid

291 1568 409 1650 egeris
433 1578 469 1631 et
492 1568 729 1647 consulueris,
753 1567 790 1630 id
814 1569 930 1632 Deum
953 1567 1069 1650 ipsum
1094 1565 1328 1630 immortalem
1353 1575 1388 1627 et
1412 1562 1571 1646 omnipo-

294 1686 426 1738 tentem
443 1675 536 1737 bene
554 1683 589 1736 et
613 1673 765 1737 feliciter
788 1685 870 1738 tuae
895 1673 1087 1738 Serenitati
1111 1671 1257 1737 evenire
1282 1673 1419 1750 iubere,
1451 1691 1573 1752 quem·

292 1782 481 1844 admodum
507 1783 551 1844 de
574 1781 649 1861 his,
680 1791 716 1844 et
748 1781 779 1844 si
802 1802 872 1863 qua
895 1780 1033 1861 reliqua
1057 1791 1146 1861 sunt,
1171 1777 1415 1842 mandavimus
1439 1776 1574 1840 dilecto

292 1887 365 1950 filio
389 1886 595 1950 Baldassari
620 1885 836 1950 Castilioneo
861 1886 1010 1950 Notario
1035 1895 1071 1950 et
1094 1885 1233 1949 Nuncio
1266 1896 1387 1948 nostro
1421 1893 1459 1946 ut
1494 1903 1575 1945 cum

292 1991 493 2056 Serenitate
517 2008 578 2055 tua
602 2004 737 2073 ageret,
762 1993 817 2055 cui
842 1993 902 2057 illa
926 1993 1033 2057 fidem
1058 2013 1227 2057 summam
1252 1991 1451 2074 praebebit.

381 2117 511 2180 Datum
536 2118 676 2181 Romae
701 2127 767 2184 etc.
813 2118 882 2181 Die
907 2119 976 2180 Vll
1014 2118 1100 2181 Maii
1131 2117 1333 2182 MDXXV.
1380 2117 1486 2178 Anno
1513 2114 1577 2178 Se-

292 2223 419 2286 cundo.

727 2653 1139 2873 Campegiiissiadoleu.

678 2917 851 2982 (Nuntiat
870 2918 1023 2978 German
1045 2916 1119 2977 lam
1138 2918 1191 2987 tt)

822 3038 855 3092 18.
877 3038 942 3087 Maii
966 3037 1052 3107 1525.)

387 3228 394 3241 .
414 3228 420 3241 .
440 3228 447 3242 .
465 3177 538 3240 Con
558 3178 674 3259 quelle
691 3179 749 3240 del
760 3178 881 3242 XXX
899 3188 935 3241 et
947 3199 1013 3242 con
1031 3181 1064 3243 le
1077 3178 1197 3242 ultime
1208 3178 1252 3244 V.
1264 3176 1301 3241 S.
1317 3177 1450 3241 havera
1462 3179 1590 3243 inteso

297 3295 429 3367 quanto
454 3304 519 3366 per
542 3286 667 3347 alhora
691 3284 718 3347 si
743 3286 860 3347 havea
884 3287 930 3348 de
953 3286 989 3349 la
1012 3306 1101 3367 pace
1125 3295 1180 3348 tra
1202 3285 1223 3348 'l
1247 3304 1360 3367 regno
1378 3284 1413 3347 di
1428 3285 1592 3349 Polonia

298 3403 333 3455 et
358 3394 381 3453 il
407 3393 584 3471 quondam
602 3392 758 3454 Maestro
780 3392 816 3455 di
834 3392 989 3471 Prussia,
1013 3413 1121 3474 sopra
1137 3394 1172 3455 la
1188 3393 1270 3473 qual
1286 3392 1434 3456 materia
1450 3394 1593 3456 manda

298 3501 385 3562 hora
408 3497 432 3560 il
458 3498 600 3560 Barone
624 3498 728 3581 copia
752 3500 797 3562 de
820 3520 890 3562 una
914 3500 1041 3561 lettera
1065 3502 1130 3562 che
1154 3499 1204 3581 gli
1227 3500 1274 3562 ha
1298 3498 1420 3562 scritto
1444 3502 1480 3562 lo
1508 3500 1588 3583 epi-

298 3619 408 3685 scopo
425 3604 674 3685 Primisliense‚
698 3626 743 3669 ne
766 3608 802 3669 la
825 3607 929 3688 quale
946 3608 991 3669 ad
1007 3608 1151 3689 longum
1169 3605 1327 3669 discorre
1344 3605 1367 3668 il
1383 3624 1591 3688 progresso

299 3711 335 3774 di
364 3721 491 3793 questo
516 3721 744 3775 trattamento
777 3722 813 3775 et
837 3732 969 3775 excusa
1002 3714 1037 3775 la
1060 3712 1287 3777 conclusione
1320 3712 1410 3775 latta
1442 3723 1478 3775 et
1513 3734 1592 3777 con

299 3828 425 3900 questa
454 3817 525 3880 mia
548 3818 570 3880 l'
587 3818 720 3882 havera
751 3821 908 3882 anchora
932 3819 1037 3901 copia
1067 3819 1102 3882 di
1126 3829 1259 3902 quanto
1291 3818 1543 3883 ultimamente
1571 3842 1594 3883 a

299 3924 544 4007 Strigoniense
569 3926 696 3988 scrisse
710 3923 854 3989 Statilio
878 3946 944 4008 per
967 3928 1001 3989 le
1025 3946 1087 3989 soe
1111 3927 1194 3989 date
1219 3926 1252 3990 el
1273 3923 1409 3989 Sabato
1433 3922 1596 4007 Sanct0,

297 4032 436 4095 benche
460 4051 505 4093 ne
529 4033 564 4094 la
587 4032 692 4114 copia
711 4053 780 4095 non
806 4032 858 4096 sia
874 4032 1151 4096 sottoscrittione
1170 4033 1216 4096 ne
1231 4034 1329 4106 data;
1354 4052 1410 4094 ma
1427 4036 1597 4098 essendo

299 4160 321 4201 a
343 4139 454 4220 lungo
472 4137 507 4199 di
523 4138 583 4219 poi
601 4148 693 4201 stato
717 4159 783 4201 con
802 4160 881 4202 esso
899 4137 1157 4222 Strigoniense,
1180 4140 1403 4222 ragionando
1421 4138 1455 4201 di
1470 4142 1599 4205 molte

299 4265 382 4308 cose
407 4244 458 4325 gli
482 4244 566 4307 dissi
591 4248 705 4309 anche
728 4246 822 4310 assai
846 4246 883 4309 di
907 4257 1033 4329 questa
1055 4267 1145 4329 pace
1170 4257 1206 4311 et
1229 4246 1455 4310 conclusione
1480 4245 1600 4331 satta,

300 4355 335 4415 la
368 4354 472 4433 quale
496 4355 611 4415 ancho
644 4373 665 4414 a
688 4352 737 4415 lui
760 4372 832 4416 non
864 4354 969 4436 piace
1002 4374 1067 4437 per
1090 4354 1209 4435 quello
1242 4355 1308 4417 che
1342 4353 1517 4417 dimostra
1558 4368 1600 4419 et

300 4459 450 4541 perche,
475 4459 618 4540 quando
642 4478 680 4521 se
703 4458 818 4523 intese
841 4480 907 4542 per
931 4461 1057 4523 lettere
1088 4460 1123 4523 di
1141 4458 1282 4525 Statilio
1306 4460 1330 4523 il
1355 4457 1529 4541 manegio
1559 4464 1603 4527 di

301 4566 350 4629 tal
375 4586 468 4643 cosa,
493 4564 522 4627 si
546 4568 657 4647 operd
692 4569 757 4630 che
782 4567 854 4648 egli
878 4568 928 4648 gli
953 4567 1127 4630 scrivesse
1151 4568 1186 4631 in
1210 4570 1330 4631 buona
1353 4566 1485 4639 forma;
1515 4590 1602 4635 rno-

301 4672 458 4735 strommi
490 4672 524 4735 in
555 4680 681 4754 questo
705 4672 976 4754 regionamento
1001 4676 1035 4737 la
1059 4674 1213 4758 risposta
1245 4674 1281 4738 di
1307 4674 1447 4737 Statilio
1476 4674 1533 4739 de
1562 4680 1605 4743 la

302 4782 407 4860 quale
431 4780 478 4840 ho
502 4778 592 4841 fatto
616 4779 796 4843 mentione
820 4779 856 4842 di
881 4800 989 4864 sopra
1013 4790 1049 4843 et
1071 4802 1117 4845 ne
1132 4781 1260 4845 mando
1285 4780 1399 4864 copia,
1424 4790 1459 4844 et
1476 4802 1604 4849 excu-

303 4885 393 4949 sossi
417 4886 483 4948 che
507 4906 578 4949 non
603 4886 649 4949 mi
672 4887 788 4949 havea
812 4888 977 4951 mandate
1002 4888 1100 4952 dette
1123 4890 1250 4952 lettere
1270 4888 1402 4973 perche
1418 4890 1606 4959 haveano
