3425 5700
799 493 858 549 *43
897 495 1060 549 xvtoo

296 637 548 718 addictissima,
573 639 788 721 praesidium
821 659 890 702 non
924 641 1100 703 modicum
1133 641 1277 706 criticae
1312 644 1379 706 arti
1414 642 1579 715 afferunt:

297 766 376 808 nam
401 746 551 808 saeculis
576 747 780 828 praeteritis
804 748 1027 810 turbationes
1051 759 1087 810 et
1110 750 1305 812 animorum
1333 760 1449 813 motus
1476 755 1579 832 plura

297 855 548 934 obscurarunt,
574 853 723 917 iniustas
748 853 954 932 sententias
980 864 1014 918 et
1038 856 1153 918 minus
1177 877 1309 938 aequas
1334 859 1578 920 conclusiones

295 959 330 1022 in
355 963 484 1042 vulgus
516 961 802 1032 disseminarunt;
840 961 1093 1025 dissidentibus
1127 963 1218 1025 enim
1250 965 1433 1027 honestius
1466 966 1577 1028 visum

297 1080 523 1130 monumenta
538 1068 706 1130 historica
728 1068 896 1148 ignorare
926 1089 989 1132 seu
1014 1090 1240 1151 corrumpere
1265 1089 1368 1151 quam
1394 1071 1577 1133 veritatem

295 1173 454 1236 confiteri
484 1196 632 1257 eamque
656 1195 832 1258 generoso
862 1176 978 1239 animo
1000 1177 1212 1258 amplexari:
1245 1188 1281 1240 et
1305 1181 1448 1240 saeculo
1474 1178 1575 1241 XVI.

296 1283 377 1344 dum
401 1282 579 1345 hominum
606 1283 819 1364 cupiditates
844 1285 1075 1345 vehementer
1108 1286 1406 1362 accenderentur,
1438 1283 1576 1347 sinceri-

297 1388 360 1449 tati
384 1408 509 1469 parum
534 1389 695 1471 obsequii
719 1389 879 1452 habitum
905 1388 980 1452 suit.

384 1496 488 1576 Quod
514 1495 654 1578 quidem
680 1497 812 1579 liquido
838 1507 989 1580 apparet
1014 1497 1119 1558 etiam
1144 1495 1178 1559 in
1211 1496 1300 1559 actis
1330 1498 1447 1560 dietae
1476 1499 1574 1562 Wor-

294 1602 482 1665 maciensis
506 1603 564 1665 ubi
590 1604 708 1686 agitur
733 1605 776 1666 de
802 1604 948 1666 Lutheri
975 1604 1158 1675 examine;
1184 1603 1243 1666 ille
1269 1603 1361 1666 enim
1384 1605 1477 1667 illius
1495 1627 1575 1669 exa-

294 1710 396 1772 minis
427 1710 635 1773 relationem
672 1711 827 1773 mutilam
867 1711 979 1773 edidit
1017 1731 1086 1791 qua
1119 1712 1288 1791 populum
1322 1712 1575 1795 aliquantulum

295 1815 507 1891 concitavit;
534 1838 613 1879 nam
638 1837 744 1898 quum
769 1817 916 1898 propria
946 1821 1059 1880 verba
1089 1819 1229 1898 integre
1264 1819 1429 1898 referret,
1466 1823 1576 1883 verba

294 1924 525 1987 Treverensis
549 1923 712 1987 officialis
737 1925 880 1987 omnino
905 1924 1094 1997 conticuit;
1120 1925 1169 1986 sic
1195 1925 1287 1988 enirn
1311 1926 1504 1989 lectoribus
1528 1927 1575 1988 in-

295 2031 502 2093 sinuabatur
525 2052 639 2094 vacua
663 2034 720 2094 vel
753 2034 850 2094 nulla
887 2032 1029 2094 omnino
1053 2032 1312 2095 Treverensem
1347 2034 1576 2114 respondisse

295 2139 394 2219 quasi
406 2138 568 2200 veritatis
581 2140 841 2220 quodammodo
855 2139 1046 2220 splendore
1071 2141 1326 2201 obcoecaretur
1343 2149 1378 2202 et
1394 2138 1572 2220 inspiratis

293 2246 437 2308 Lutheri
471 2244 590 2308 verbis
614 2255 712 2308 tanta
740 2246 794 2307 vis
824 2245 957 2308 inesset
990 2254 1027 2306 ut
1062 2247 1308 2309 obmutescere
1344 2247 1573 2310 adversarius

293 2363 491 2434 cogeretur.
540 2353 617 2432 Qua
651 2355 695 2414 de
731 2372 838 2414 causa
872 2353 1055 2414 Aleander
1084 2351 1118 2413 in
1151 2352 1223 2414 suis
1247 2353 1373 2416 litteris
1398 2353 1490 2416 datis
1515 2355 1573 2416 die

292 2459 553 2540 decimaquinta
588 2459 672 2520 Maii
710 2458 906 2521 scribebat:
951 2479 1045 2537 ,sum
1082 2480 1174 2521 nunc
1212 2459 1504 2541 occupatissimus
1538 2462 1572 2524 in

293 2566 504 2648 colligendis
528 2566 616 2627 actis
640 2565 739 2628 istius
755 2565 1025 2628 haeresiarchae
1050 2566 1195 2646 eiusque
1220 2567 1405 2638 examinis3
1431 2579 1574 2649 oportet

292 2674 383 2735 enim
408 2671 505 2754 ipsos
530 2693 606 2734 curn
632 2673 836 2735 authentica
861 2684 945 2734 nota
969 2673 1098 2735 notarii
1122 2673 1333 2754 imprimere,
1360 2675 1442 2756 quia
1462 2695 1571 2758 popu·

292 2782 345 2842 lus
382 2779 597 2860 aliquantum
630 2780 826 2841 concitatur
855 2782 901 2840 ob
932 2789 1012 2842 acta
1047 2800 1138 2861 quae
1168 2780 1340 2842 Martinus
1372 2801 1435 2843 suo
1467 2784 1572 2843 modo

291 2888 441 2969 scripsit,
463 2887 677 2949 treverensis
703 2886 865 2949 officialis
890 2888 1180 2967 responsionibus
1205 2888 1347 2951 omnino
1372 2889 1571 2970 omissis¹)“.

379 2992 454 3054 Nec
480 2994 621 3055 omnino
646 2993 768 3055 inutile
794 3005 846 3054 est
872 2993 966 3055 aliud
992 3005 1115 3055 contra
1141 2994 1329 3075 episcopos
1351 2997 1571 3059 mendacium

291 3102 481 3180 detegere,
513 3104 559 3162 ab
584 3100 730 3163 Erasmo
755 3102 943 3181 prolatum,
976 3100 1035 3181 qui
1060 3100 1215 3162 Luthero
1240 3100 1432 3182 scripserat
1456 3105 1570 3167 eidem

290 3206 523 3269 favorabilem
549 3207 782 3269 Leodiensem
809 3228 898 3284 esse,
924 3226 1028 3287 quum
1054 3228 1230 3288 nunquam
1260 3210 1365 3271 talem
1392 3214 1570 3291 supradic-

291 3326 363 3376 tum
389 3314 593 3396 episcopum
618 3336 656 3376 se
681 3314 903 3395 praebuerit,
939 3314 1008 3376 imo
1033 3314 1066 3376 in
1093 3317 1199 3376 rebus
1223 3316 1406 3396 religionis
1430 3304 1571 3401 semper

291 3432 566 3501 constanterque
614 3420 796 3483 catholicis
837 3422 1038 3483 omnimode
1084 3420 1254 3502 faveritt).
1314 3422 1416 3502 Quod
1453 3435 1567 3489 tamen

290 3528 509 3591 mendacium
536 3528 619 3589 nihil
646 3548 791 3609 prorsus
817 3527 1092 3589 extraordinarii
1117 3529 1332 3609 praesefert,
1358 3531 1386 3592 si
1411 3533 1568 3595 conside-

289 3646 385 3697 retur
420 3634 602 3697 Erasmum
635 3644 686 3695 tot
717 3634 864 3714 litteris,
900 3646 952 3696 tot
983 3636 1220 3715 sermonibus,
1253 3639 1569 3718 protestationibus

289 3741 480 3804 innumeris
504 3761 644 3821 semper
665 3762 702 3802 se
721 3741 896 3803 Romanis
915 3741 1145 3804 Pontificibus
1160 3742 1436 3807 addictissimum
1455 3725 1569 3809 osten-

288 3850 440 3929 dentem,
462 3869 588 3911 revera
603 3869 680 3910 cum
696 3850 851 3911 Luthero
866 3848 1092 3931 aliquamdiu,
1111 3870 1189 3911 cum
1203 3849 1364 3913 hostibus
1381 3852 1568 3917 Romanae

287 3954 469 4038 Ecclesiae
494 3953 570 4017 fere
602 3976 759 4036 semper,
786 3956 1009 4017 coniunctum
1041 3964 1179 4018 secreto
1215 3955 1336 4021 fuisse.
1398 3958 1501 4037 Quod
1533 3970 1568 4022 et

288 4084 334 4125 ex
360 4061 487 4124 litteris
514 4062 683 4123 Aleandri
710 4072 745 4123 et
771 4084 813 4125 ex
841 4062 1073 4124 relationibus
1098 4062 1198 4124 Eckii
1217 4085 1286 4124 non
1313 4063 1456 4126 difficile
1481 4067 1567 4128 erui·

287 4180 353 4248 tur,
379 4179 413 4231 et
439 4189 482 4229 ex
510 4188 683 4230 consensu
716 4169 872 4249 ipsorum
903 4170 1157 4232 catholicorum
1183 4169 1396 4232 Germaniae
1420 4172 1566 4253 diligen-

288 4277 385 4358 tique
409 4276 617 4355 scriptorum
651 4276 760 4357 ipsius
793 4277 945 4338 lectione
971 4280 1151 4357 probatur.
1200 4278 1272 4339 Sed
1305 4278 1447 4340 omnino
1476 4280 1566 4360 peri-

287 4386 444 4447 culosum
471 4393 547 4444 erat
571 4382 683 4461 ipsum
709 4392 833 4463 aperte
858 4403 1044 4456 accusare;
1078 4383 1218 4464 plurimi
1252 4385 1372 4461 amici,
1407 4388 1565 4449 nonnulli

287 4492 461 4567 fautores,
492 4489 707 4570 amplissima
732 4491 826 4570 apud
854 4492 981 4551 multos
1006 4490 1198 4553 auctoritas
1237 4491 1287 4553 ita
1311 4502 1349 4554 ut
1378 4494 1483 4574 pauci
1508 4496 1565 4557 ad-

287 4597 428 4658 modum
453 4596 485 4657 ei
509 4594 544 4657 in
571 4596 696 4658 faciem
722 4606 846 4677 aperte
871 4596 1037 4659 resistere
1061 4599 1237 4677 valerent,
1269 4609 1368 4661 tanta
1398 4603 1565 4663 orthodo-

288 4722 410 4765 xorum
429 4702 565 4764 animos
582 4703 616 4763 vi
634 4705 851 4765 exercebant
866 4713 906 4763 ut
922 4702 1070 4785 quisque
1084 4705 1265 4767 ardentior
1282 4705 1341 4767 vix
1362 4710 1427 4769 sub
1453 4728 1565 4770 secre-

360 4822 383 4929 ἦ
400 4821 536 4903 alenium
549 4854 690 4906 uicecanc.
708 4864 746 4917 15.
761 4856 825 4904 Man
844 4865 918 4917 1521.
958 4852 978 4918 ⁹)
1001 4856 1068 4906 nm.
1088 4856 1147 4904 doc.
1168 4857 1210 4917 ει).
1229 4872 1289 4921 pag.
1309 4870 1368 4926 227.
