3425 5700
600 598 845 666 fflddisp-tl

118 783 167 824 non
186 761 370 824 exambito.
418 758 575 841 Quorum
600 767 654 821 est
679 768 800 820 noster
823 757 991 838 Carolus,
1024 767 1060 821 et
1087 757 1123 822 in
1154 747 1258 822 huius
1282 746 1362 823 aula

118 869 196 949 nulli,
218 868 302 931 Rex
322 865 488 948 Angliae,
506 863 810 948 Archiepiscopus
835 863 1114 948 Cantuariensis,
1138 874 1176 928 ut
1201 886 1246 928 ne
1270 886 1361 930 corn-

118 995 273 1038 memorem
298 982 351 1037 tot
377 970 570 1055 Principes
594 979 648 1035 tot
671 971 880 1053 Episcopos,
905 979 959 1034 tot
983 973 1152 1052 eruditos,
1177 983 1213 1035 et
1236 975 1362 1055 hones-

117 1092 156 1144 tos
174 1081 260 1144 viros
283 1101 354 1144 non
379 1080 492 1143 solum
516 1078 552 1140 in
575 1077 720 1160 Anglia,
745 1078 908 1160 Fladria,
933 1087 968 1141 et
991 1078 1128 1160 Gallia,
1157 1079 1362 1144 Germania-

117 1209 179 1270 que,
216 1207 337 1250 verum
382 1187 487 1249 etiam
522 1186 558 1248 in
599 1184 807 1268 Hungaria‚
847 1195 884 1248 et
922 1184 1091 1268 Polonia,
1129 1187 1189 1269 qui
1228 1188 1286 1250 vel
1324 1209 1363 1251 se

117 1305 212 1375 putant
234 1271 366 1357 debere
390 1294 535 1356 multum
561 1293 742 1355 laboribus
766 1291 870 1370 meis,
898 1294 956 1355 vel
981 1303 1077 1356 certe
1101 1295 1226 1358 mede
1250 1294 1363 1377 publi·

117 1403 152 1464 cis
174 1401 288 1464 studiis
320 1397 577 1464 benemeritum
609 1419 697 1464 esse.
744 1398 881 1461 Horum
907 1397 1042 1462 animos
1066 1400 1310 1484 discruciaret,
1335 1404 1364 1465 si

117 1509 211 1571 liceret
229 1506 460 1590 quibusdam,
486 1506 545 1587 qui
569 1503 710 1588 privato
736 1504 911 1568 ducuntur
935 1505 1034 1587 odio,
1068 1507 1242 1588 perficere
1266 1512 1361 1592 quod

117 1615 293 1698 iampridem
324 1613 524 1677 moliuntur.
579 1610 625 1674 Et
655 1631 724 1693 ego
754 1612 895 1675 illorum
919 1612 1043 1689 dolore
1066 1614 1181 1697 magis
1206 1618 1362 1680 dolerem

119 1743 197 1803 quam
217 1741 306 1785 meo,
352 1719 467 1783 Multa
490 1717 616 1801 scripsi
640 1720 703 1782 sed
728 1719 872 1782 saeculo
896 1721 1107 1802 tranquille,
1132 1724 1227 1802 quod
1251 1723 1280 1786 si
1311 1745 1363 1786 su·

118 1827 402 1909 spicatusfuissem
416 1828 483 1890 hoc
508 1826 688 1889 saeculum
713 1825 942 1907 exoriturum,
967 1829 1075 1909 longe
1091 1828 1195 1892 aliter
1207 1830 1364 1914 scripsis-

117 1956 170 1998 sem
190 1938 307 2017 multa,
333 1943 394 1998 aut
418 1954 486 1997 non
513 1932 743 2016 scripsissem.
791 1932 896 1997 Certe
923 1933 958 1996 in
981 1934 1050 1996 hoc
1073 1954 1189 1998 rerum
1213 1940 1364 2001 tumultu

116 2043 304 2106 sanctissime
330 2063 385 2105 me
410 2039 516 2124 gessi,
541 2050 577 2104 et
600 2049 765 2124 gesturus
789 2061 866 2104 sum
888 2043 1060 2122 usquead
1085 2052 1243 2108 mortem.
1282 2046 1363 2108 Nul-

115 2150 155 2211 lus
172 2147 382 2230 haereticus,
406 2157 467 2211 aut
491 2147 733 2210 schismaticus
757 2147 843 2210 meis
868 2147 997 2230 opibus
1020 2149 1253 2214 adiuvabitur.
1302 2154 1362 2217 Ad

115 2255 252 2322 Stunicae
276 2255 471 2322 calumnias
492 2255 610 2318 verius
630 2275 735 2338 quam
760 2256 1006 2319 conclusiones
1021 2257 1168 2320 strictim
1185 2261 1364 2341 respondi.

115 2364 190 2428 Talis
211 2365 357 2429 Rabula
379 2363 526 2428 multum
550 2361 622 2424 odii
647 2360 816 2424 conflabit
836 2359 924 2424 Sedi
947 2362 1134 2427 Romanae
1164 2365 1236 2429 suis
1265 2387 1365 2449 syco-

114 2469 262 2550 phanticis
290 2469 438 2551 libellis,
472 2468 600 2551 quibus
624 2468 710 2531 nulli
735 2469 849 2550 magis
873 2471 1106 2551 applaudunt,
1131 2491 1236 2553 quam
1260 2475 1366 2536 valde

115 2578 272 2642 lutherani.
322 2577 361 2640 Si
386 2577 470 2659 quid
494 2576 714 2640 inveniretur
737 2575 772 2638 in
797 2575 898 2640 libris
922 2576 1020 2657 meiS,
1045 2597 1134 2658 quos
1158 2581 1286 2642 multos
1310 2601 1364 2644 ae·

115 2683 184 2762 didi,
222 2685 391 2767 scriptum
429 2683 621 2764 incautius,
653 2693 812 2766 poteram
848 2683 995 2747 secretis
1026 2683 1136 2747 literis
1171 2688 1365 2771 admoneri,

115 2791 240 2855 monitus
263 2792 418 2856 libenter
442 2799 623 2855 mutarem.
671 2790 773 2853 Nunc
806 2798 954 2873 paratur
988 2800 1114 2873 quarta
1147 2793 1232 2857 novi
1262 2804 1366 2861 testa·

114 2902 200 2963 menti
222 2900 373 2975 aeditio;
398 2901 504 2963 homo
529 2919 616 2979 sum,
641 2918 761 2961 errare
778 2917 933 2979 possum,
948 2899 1089 2961 tametsi
1105 2902 1229 2963 sedulo
1245 2923 1367 2986 caveo,

115 3008 242 3089 nequid
265 3008 312 3071 sit
334 3007 371 3069 in
395 3006 496 3069 libris
528 3004 632 3084 meis,
664 3006 759 3086 quod
790 3005 848 3067 vel
879 3004 1088 3069 seditionem
1122 3018 1277 3092 moveat,
1309 3013 1368 3073 vel

114 3114 232 3199 aberret
263 3137 284 3178 a
317 3113 534 3197 synceritate
566 3110 749 3175 doctrinae
782 3112 1006 3177 christianae.
1053 3112 1251 3179 Excuditur
1273 3138 1367 3181 nunc

114 3219 324 3303 Paraphrasis
347 3220 382 3283 in
408 3228 489 3283 acta
503 3220 769 3300 Apostolorum,
794 3240 872 3282 eam
896 3220 1125 3283 dedicaturus
1150 3242 1245 3286 eram
1263 3224 1367 3289 Card.

114 3324 257 3409 Angliae,
281 3326 342 3411 qui
365 3346 480 3409 nuper
503 3328 548 3389 ad
574 3346 629 3388 me
654 3325 796 3409 scripsit
819 3325 1067 3407 amantissime,
1098 3328 1369 3409 subsignificans

113 3451 164 3511 per
185 3433 407 3499 secretarium
431 3454 470 3496 se
494 3435 565 3496 tale
590 3432 758 3513 quiddam
783 3452 931 3514 cupere,
960 3433 1024 3495 sed
1057 3434 1171 3517 magis
1194 3436 1296 3499 libuit
1320 3438 1368 3500 di·

113 3557 179 3602 care
207 3540 378 3605 Clementi
410 3539 490 3603 VII.
552 3539 665 3621 Quem
705 3539 865 3601 Pacaeus
897 3539 980 3603 mihi
1012 3540 1099 3604 mire
1136 3541 1298 3624 depinxit
1332 3545 1368 3608 in

112 3646 170 3708 suis
190 3648 232 3710 ad
255 3669 310 3712 me
334 3646 457 3728 literis,
482 3644 689 3729 significans
713 3644 819 3709 etiam
843 3645 946 3728 illud,
971 3666 1040 3728 quo
1064 3647 1190 3711 favore
1214 3659 1309 3714 esset
1332 3651 1367 3714 in

113 3771 166 3815 me.
208 3754 357 3818 Adnitar
379 3774 425 3817 ne
449 3752 614 3816 videatur
629 3752 772 3816 omnino
791 3752 924 3816 favisse
947 3753 1081 3816 homini
1107 3754 1260 3838 ingrato.
1309 3760 1369 3821 Ce-

112 3878 159 3920 sar
179 3882 230 3925 me
252 3872 399 3926 revocat
422 3860 458 3923 in
482 3860 733 3924 Brabantiam:
759 3860 845 3923 Rex
870 3858 1009 3923 Galliae
1033 3860 1068 3923 in
1093 3883 1192 3925 suam
1216 3862 1368 3928 Galliam

113 3968 233 4049 magnis
254 3966 437 4052 promissis
460 3966 596 4031 invitat.
644 3966 823 4029 Adrianus
863 3986 919 4029 me
949 3987 1058 4050 saepe
1087 3968 1263 4033 invitabat
1295 3973 1368 4036 Ro-

113 4090 199 4137 mam.
244 4074 315 4139 Sed
339 4094 468 4137 vereor
492 4095 536 4137 ne
551 4074 636 4137 Rex
654 4075 810 4137 calculus
826 4093 883 4137 me
900 4074 1115 4137 transmittat
1130 4076 1166 4138 in
1179 4079 1369 4142 coelestem

113 4180 256 4256 patriam.
314 4181 420 4263 Quod
454 4180 483 4245 si
514 4190 659 4265 praeter
688 4201 787 4263 spem
821 4160 992 4244 acciderit
1023 4183 1192 4245 valetudo
1226 4183 1370 4267 firmior,

114 4302 267 4368 nusquam
290 4289 409 4352 malim
433 4286 622 4351 animulam
646 4308 798 4369 ponere,
830 4308 936 4369 quam
966 4288 1119 4353 Rornae.
1170 4290 1261 4354 Nam
1285 4291 1370 4356 Ger-

118 4392 238 4458 maniae
261 4417 314 4459 me
341 4395 551 4479 iampridem
576 4394 708 4473 taedet,
732 4393 793 4456 ubi
818 4414 884 4457 nec
908 4394 1093 4458 satistuto
1119 4396 1202 4459 vivo
1226 4407 1374 4480 propter

122 4495 313 4585 lutheranos,
337 4503 397 4586 qui
421 4502 596 4566 neminem
620 4502 722 4584 peius
738 4502 900 4581 oderunt,
926 4522 1031 4583 quam
1046 4501 1240 4567 Erasmum.
1288 4504 1375 4569 Cum

127 4596 215 4666 Gallu
234 4609 336 4671 bellat
360 4608 510 4689 Caesar,
535 4608 591 4671 cui
614 4608 749 4671 iuratus
773 4628 847 4671 sum
874 4608 1121 4683 Consiliarius;
1146 4610 1181 4673 in
1205 4612 1375 4675 Flandria

131 4711 329 4777 tumultuatur
358 4717 472 4779 bellis.
511 4715 558 4778 R.
591 4716 634 4779 D.
667 4716 708 4778 T.
740 4713 942 4777 incolumen
973 4736 1016 4779 ac
1049 4718 1227 4781 valentem
1258 4730 1377 4782 servet

131 4806 268 4881 Christus
288 4820 366 4904 Opt.
389 4822 487 4885 Max.

599 4916 629 4969 E.
652 4918 688 4965 R.
709 4916 742 4963 D.
762 4915 958 4965 addictissimus
978 4911 1112 4974 Bmm
1130 4912 1343 4977 nolendum.

1166 5039 1221 5095 20*
