3425 5700
805 539 1034 600 0-<Jll2[>·o

279 692 345 753 che
375 689 409 753 io
443 689 534 752 faeci
564 689 588 753 il
622 689 744 752 debito
775 690 860 763 mi0;
896 691 1088 753 tuttavolta
1119 699 1218 752 certo
1248 690 1316 754 hoc
1348 700 1402 753 est
1425 691 1559 752 addere

279 797 432 861 calcaria
456 805 583 879 sponte
607 796 762 860 currenti
787 817 890 878 equo,
915 796 1047 878 perche
1072 795 1108 860 di
1132 800 1179 858 tal
1205 797 1311 859 modo
1336 818 1459 861 mene
1475 796 1558 859 affa-

278 903 354 986 tigo
379 905 445 967 che
469 905 516 966 ho
539 924 645 986 perso
670 904 789 985 quello
813 913 909 966 resto
934 904 969 965 di
988 904 1104 966 sanita
1118 905 1293 985 poccheto
1310 906 1376 966 che
1391 904 1427 966 io
1444 906 1560 966 havea

279 1021 315 1073 et
335 1011 441 1074 stom
466 1011 677 1093 gravissimo
700 1010 861 1092 periculo
885 1011 921 1072 di
946 1011 1113 1074 continuo
1139 1011 1173 1072 di
1198 1031 1297 1073 esser
1316 1021 1507 1089 amazzatO,
1523 1021 1560 1074 et

279 1127 447 1199 quantum
472 1117 597 1180 attinet
620 1119 666 1181 ad
690 1117 842 1200 gratiam
866 1127 902 1180 et
925 1117 1056 1180 famam
1077 1119 1280 1199 aliquidque
1298 1117 1448 1180 nominis
1463 1119 1558 1199 quod

278 1225 375 1306 prius
403 1227 578 1288 habebam
603 1225 639 1288 ln
665 1223 875 1305 Germania,
908 1235 1000 1288 tutto
1024 1225 1044 1287 ὸ
1068 1245 1174 1306 perso
1200 1237 1236 1286 et
1259 1226 1304 1287 mi
1328 1225 1438 1288 fanno
1463 1225 1560 1287 mille

279 1343 314 1395 et
348 1332 441 1396 mille
474 1331 593 1396 insulti
624 1342 659 1394 et
683 1331 843 1395 comedie
869 1333 927 1395 del
951 1332 1041 1395 fatto
1065 1333 1153 1410 mio,
1186 1352 1278 1414 quae
1303 1333 1419 1394 omnia
1443 1352 1559 1413 aequo

263 1439 394 1510 ,animo
418 1439 515 1520 fero,
549 1459 664 1521 neque
689 1459 834 1522 prorsus
859 1441 905 1501 ab
930 1459 1039 1520 opere
1064 1439 1198 1502 desisto
1223 1441 1266 1501 ad
1294 1442 1465 1502 honorem
1490 1439 1560 1501 Dei

278 1556 317 1608 et
347 1544 406 1608 8¹²¹*
439 1546 572 1610 domini
603 1545 713 1609 nostri
744 1554 780 1608 et
812 1566 844 1608 v.
878 1547 967 1608 ΚΜ
990 1547 1034 1609 D.
1066 1559 1173 1627 atque
1205 1548 1250 1609 ad
1275 1547 1498 1610 commodum
1522 1556 1559 1608 et

277 1653 521 1716 defensionem
550 1653 768 1735 reipublicae
799 1653 1032 1732 christianae,
1065 1655 1131 1716 che
1161 1673 1227 1733 per
1259 1657 1328 1715 mia
1351 1653 1434 1716 fede
1458 1663 1559 1715 tanto

277 1771 371 1822 temo
405 1762 548 1843 quando
578 1760 675 1824 fusse
708 1761 742 1824 in
777 1762 921 1843 meggio
944 1761 1064 1824 Roma
1094 1783 1115 1824 a
1144 1761 1200 1822 far
1228 1763 1262 1824 le
1286 1760 1458 1824 faccende
1491 1761 1559 1822 che

277 1866 336 1950 qul
362 1888 415 1931 me
439 1870 660 1949 besognan0.
708 1867 813 1932 Certo
843 1869 863 1931 ὲ
887 1871 953 1931 che
977 1868 1011 1929 io
1035 1869 1129 1931 vado
1153 1871 1223 1930 ben
1249 1879 1473 1930 cautamente
1495 1867 1559 1948 pib

276 1977 342 2038 che
366 1994 485 2058 poss0,
508 1996 566 2038 ma
589 1977 702 2056 perho
723 1963 795 2038 ¹mai
818 1977 866 2038 ho
889 1977 1022 2039 lassato
1046 1972 1102 2036 far
1124 1974 1148 2038 il
1173 1976 1294 2038 debito
1320 1986 1355 2037 et
1377 1975 1412 2037 in
1431 1983 1558 2055 questo

276 2102 456 2164 cognosco
489 2084 555 2145 che
590 2083 635 2145 mi
666 2082 775 2164 giova
807 2083 901 2145 assai
934 2085 1046 2145 haver
1068 2085 1104 2144 la
1127 2082 1196 2145 mia
1218 2102 1360 2144 camera
1383 2102 1559 2164 appresso

276 2199 311 2252 et
335 2191 436 2271 quasi
460 2189 630 2271 contIgua
654 2191 687 2251 al
712 2191 856 2271 palazzo
882 2191 940 2252 del
964 2191 1040 2268 Re,
1072 2190 1200 2270 alioqui
1227 2208 1372 2269 ognuno
1397 2209 1452 2250 me
1476 2189 1558 2252 dice

276 2297 341 2358 che
366 2317 421 2359 me
446 2299 598 2359 sarebbe
622 2307 714 2359 stato
738 2297 827 2359 fatto
853 2299 911 2360 del
937 2299 1039 2376 male,
1064 2299 1159 2380 quod
1174 2297 1273 2360 Deus
1296 2307 1445 2359 avertat.
1481 2295 1558 2374 Jeri

275 2423 355 2465 sero
386 2403 527 2465 recevei
557 2404 685 2466 lettere
716 2404 751 2466 di
782 2403 832 2466 Mr
858 2403 997 2483 Joanne
1031 2404 1160 2484 Echio,
1190 2403 1302 2486 hoggi
1332 2403 1357 2466 li
1387 2404 1433 2465 ho
1465 2403 1558 2466 fatto

275 2509 429 2590 risposta
457 2519 491 2571 et
522 2509 599 2571 acio
631 2510 697 2572 che
721 2509 762 2573 N.
789 2509 825 2573 S.
857 2523 893 2572 et
917 2511 963 2574 V.
996 2513 1032 2574 S.
1064 2513 1140 2574 R¹¹²⁸
1170 2531 1215 2573 ne
1248 2510 1339 2573 silno
1373 2511 1430 2572 del
1462 2520 1557 2571 tutto

275 2615 443 2694 advisati,
477 2618 607 2679 mando
639 2617 673 2678 la
702 2617 806 2698 copia
837 2617 873 2680 di
905 2619 1032 2680 lettere
1057 2619 1092 2680 di
1117 2617 1290 2681 ambedoi.
1338 2617 1383 2679 Et
1407 2638 1428 2679 a
1452 2617 1495 2679 V.
1520 2615 1557 2680 S.

275 2723 525 2786 R¹¹¹²basando
549 2724 583 2784 le
606 2723 699 2786 mani
725 2724 952 2787 humilmente
977 2745 1032 2787 me
1049 2725 1296 2788 raccomando.
1333 2722 1557 2785 Wormatiae

276 2829 403 2893 XVIII
428 2829 598 2893 Februari
624 2830 805 2895 MDXXI.

888 3277 940 3342 (ἐξ).

637 3392 963 3476 vicecancellarius
991 3396 1178 3477 Alcandro.

599 3542 772 3609 (Nuntiat.
791 3543 944 3602 (lernen.
962 3542 993 3601 Ιι.
1011 3543 1065 3602 lcl
1084 3543 1226 3610 19-20.)

511 3662 559 3718 [Ex
579 3665 670 3711 Roma
689 3674 730 3711 22.
751 3664 829 3717 Febr.
850 3691 884 3700 -
905 3666 1034 3712 Wormat.
1058 3676 1097 3713 11.
1117 3664 1207 3712 Martii
1229 3662 1316 3730 1521.)

486 3786 702 3848 Reverendo
727 3787 878 3849 Domine
903 3788 1108 3851 Hieronime
1133 3791 1292 3851 salutem.

364 3910 420 3973 Ilo
445 3926 613 3973 recevuto
638 3914 670 3973 le
694 3913 819 3974 lettere
843 3923 974 3993 vostre,
1000 3933 1065 3994 per
1089 3914 1122 3974 le
1147 3912 1243 3995 quali
1267 3915 1375 3976 molto
1401 3934 1422 3975 a
1446 3912 1554 3995 pieno

274 4026 309 4079 et
333 4017 715 4080 accuratissimamente
740 4019 785 4080 mi
810 4019 962 4081 scrivete
987 4022 1044 4082 del
1069 4018 1261 4101 Magnifico
1286 4020 1424 4083 Messer
1440 4020 1553 4081 Paulo

272 4126 509 4205 Armastorph
534 4124 713 4188 Camerier
737 4126 781 4189 de
806 4128 840 4188 la
855 4125 1009 4189 Cesarea
1025 4126 1164 4189 Maesta
1188 4126 1460 4190 exhortandomi
1486 4146 1552 4188 con

272 4230 454 4293 bellissimi
489 4241 525 4294 et
558 4230 792 4295 efficacissimi
824 4232 918 4295 modi
950 4254 970 4295 a
1002 4234 1137 4296 servire
1169 4254 1191 4296 a
1222 4232 1296 4295 Sua
1327 4233 1483 4313 Maesta,
1517 4242 1553 4295 ct

272 4358 292 4399 a
317 4348 501 4401 contentar
518 4339 784 4421 l'Armastorph
809 4359 853 4401 ne
877 4342 912 4401 la
936 4360 1042 4401 causa
1067 4340 1103 4401 di
1127 4343 1246 4421 quella
1259 4342 1452 4403 benedetta
1474 4359 1551 4421 pre-

272 4446 431 4526 positura
456 4444 665 4526 Argentina.
713 4445 764 4507 La
795 4449 878 4527 qual
910 4467 994 4509 cosa
1024 4468 1062 4509 se
1087 4456 1199 4510 stesse
1224 4469 1244 4510 a
1268 4468 1341 4526 me,
1374 4446 1434 4528 gia
1458 4446 1552 4508 saria

271 4550 366 4612 facta
391 4571 497 4613 senza
520 4552 727 4632 persuasion
752 4553 796 4615 nie
820 4564 942 4615 vostra
967 4554 1012 4616 ne
1036 4555 1080 4616 de
1098 4555 1194 4617 altri:
1219 4554 1358 4617 benche
1374 4554 1408 4616 in
1426 4563 1552 4635 questa

272 4676 378 4718 causa
402 4657 436 4718 io
461 4658 506 4718 ho
531 4657 627 4719 facto
654 4668 744 4721 tutto
769 4662 862 4740 quel,
886 4662 953 4722 che
975 4662 1023 4722 ho
1047 4671 1194 4743 possuto
1218 4661 1294 4724 fare
1318 4681 1383 4743 per
1406 4663 1439 4723 el
1456 4661 1551 4723 dicto

272 4764 518 4846 Armastorph.
566 4764 625 4859 Et,
645 4766 775 4828 duolmi
810 4768 876 4829 che
908 4767 965 4829 del
998 4770 1089 4831 bene
1121 4779 1156 4831 et
1187 4770 1312 4832 liberal
1343 4767 1398 4832 far
1422 4769 1492 4831 mio
1516 4768 1550 4829 io

272 4890 315 4937 ne
340 4871 475 4955 reperti
501 4880 527 4935 si
558 4873 667 4934 strani
693 4884 727 4935 et
760 4874 980 4955 inexpectati
1013 4874 1136 4957 fructi,
1169 4886 1205 4939 et
1228 4876 1326 4939 accid
1351 4877 1416 4938 che
1440 4874 1549 4939 inten-
