3425 5700
576 543 823 600 ΦθδῙθῐΉ

88 689 224 752 nimirum
249 700 435 772 opponunt
459 710 525 772 pro
559 691 688 765 Israel;
722 693 818 773 quod
853 692 882 753 si
914 692 992 773 quis
1022 691 1115 755 forte
1151 693 1257 756 etiam
1285 704 1339 757 est

87 796 130 877 qui
151 798 241 859 velut
265 798 356 860 alter
371 797 490 859 David
514 798 686 862 adversus
702 797 846 862 Goliath
870 798 967 861 illum
985 800 1155 881 congredi
1182 802 1338 881 auderet,

86 916 181 966 tamen
203 914 272 967 tam
304 904 485 986 presentia
516 905 676 987 pericula
707 915 803 984 sunt,
833 916 905 968 tam
937 917 1033 970 certa
1063 907 1207 971 infamia
1238 919 1275 971 ut
1303 921 1339 971 et

85 1013 248 1073 audentem
271 1012 454 1075 deterrere
478 1011 626 1094 possint,
651 1032 692 1075 ac
709 1012 778 1074 iam
802 1016 909 1094 plane
934 1034 1054 1076 ausum
1069 1017 1208 1095 ‚pedem
1233 1018 1339 1079 etiam

84 1117 197 1181 referre
219 1138 360 1201 cogere.
408 1118 463 1181 Ita
487 1118 571 1182 solis
596 1119 778 1198 conviciiS,
803 1121 908 1183 nullis
931 1121 1128 1184 rationibus
1153 1132 1212 1184 aut
1237 1143 1337 1204 argu-

84 1225 191 1288 mentis
212 1246 268 1288 res
292 1225 419 1307 agitur.
467 1224 545 1288 Hec
569 1225 609 1291 T.
629 1222 664 1288 S.
691 1226 805 1288 labori
829 1228 1028 1291 mercedem
1054 1249 1256 1310 proponere
1281 1231 1336 1293 de-

83 1333 166 1394 beret
187 1342 220 1394 et
241 1342 329 1413 puto
354 1352 608 1415 progressuros
632 1334 761 1395 multos
792 1333 852 1414 qui
881 1354 919 1397 se
943 1335 993 1398 sic
1019 1336 1114 1398 domi
1137 1337 1172 1399 in
1197 1338 1337 1419 angulis

84 1440 249 1504 continent.
297 1439 377 1521 Ego
402 1448 508 1520 certe,
526 1449 564 1502 ut
580 1439 666 1502 nihil
682 1440 810 1521 ambi0,
834 1440 884 1503 ita
907 1462 963 1505 me
976 1453 1103 1525 sponte
1128 1464 1207 1506 mea
1231 1455 1336 1527 atque

83 1548 155 1609 adeo
175 1567 305 1628 rerum,
338 1546 455 1610 famae
480 1567 520 1610 ac
545 1546 673 1628 capitis
696 1547 765 1610 mei
795 1548 965 1630 periculo,
999 1571 1054 1612 me
1084 1550 1226 1634 inquam
1260 1572 1336 1615 sum

81 1653 136 1714 illis
156 1654 362 1733 obiecturus,
386 1672 458 1715 non
481 1655 528 1716 ob
553 1652 649 1716 aliud
674 1664 770 1717 certe
795 1654 861 1716 nisi
885 1658 980 1736 quod
996 1656 1125 1720 Christi
1149 1678 1335 1739 synceram

81 1762 307 1842 cognitionem,
341 1761 437 1842 quod
453 1760 694 1843 Evangelicae
711 1760 871 1823 veritatis
895 1763 1114 1828 sanissimam
1139 1764 1335 1829 doctrinam

81 1867 184 1931 abhis
213 1867 480 1949 corruptoribus
504 1877 675 1931 assertam
700 1888 778 1931 esse
802 1870 896 1932 volo.
943 1869 1112 1953 Christus,
1137 1891 1211 1953 oro,
1236 1874 1331 1953 quod

80 1972 107 2034 in
134 1995 183 2038 me
211 1976 306 2057 cepit
338 1973 523 2037 confirmet
552 1975 585 2037 in
618 1974 734 2040 finem.
791 1973 1039 2057 Spectatorem
1075 1998 1130 2040 me
1164 1980 1336 2042 hactenus

79 2098 188 2144 causae
209 2081 347 2163 prebui,
370 2081 484 2163 magis
509 2102 614 2163 quarn
640 2096 811 2155 actorem;
837 2102 907 2164 quo
925 2081 1056 2145 factum
1072 2092 1110 2146 ut
1125 2085 1228 2148 huius
1251 2086 1336 2148 mihi

78 2199 180 2266 partes
193 2190 362 2253 hactenus
375 2209 444 2252 non
456 2188 719 2251 vendicaverim
728 2211 734 2261 ;
744 2209 866 2252 verum
884 2209 962 2252 curn
979 2210 1036 2253 res
1049 2211 1189 2273 semper
1206 2194 1336 2255 evadat

77 2292 105 2354 in
119 2296 209 2375 peius
225 2305 259 2359 et
275 2317 347 2359 non
372 2295 416 2359 sit
440 2295 629 2377 superbiae
654 2297 779 2358 modus
803 2296 905 2376 ulluS,
930 2299 1089 2360 testabor
1113 2308 1148 2361 et
1172 2319 1242 2382 ego
1266 2298 1335 2361 iam

76 2404 200 2465 tandem
222 2423 367 2485 operam
392 2423 506 2466 meam
529 2401 671 2466 mundo.
720 2400 943 2482 Ubicumque
967 2413 1084 2466 autem
1108 2404 1144 2467 hi
1171 2404 1255 2468 mihi
1279 2425 1334 2468 co·

76 2521 164 2572 natus
185 2511 295 2574 casuri
320 2521 411 2591 sunt,
437 2519 555 2572 certus
572 2529 647 2571 sum
663 2519 750 2571 vota
765 2528 843 2570 mea
860 2509 1082 2572 sanctissima
1106 2532 1194 2574 esse.
1242 2509 1332 2575 Sunt

75 2617 149 2679 mihi
169 2621 228 2680 sub
250 2618 380 2681 incude
404 2616 515 2680 libelli
532 2615 674 2698 quidam
699 2625 734 2679 et
758 2616 909 2679 meditor
932 2616 1033 2679 simul
1066 2617 1101 2680 in
1133 2618 1209 2680 dies
1246 2620 1334 2682 alios

76 2723 134 2802 qui,
148 2724 172 2785 si
193 2726 404 2805 quandoque
420 2722 628 2806 prodierint,
653 2732 739 2804 puto
764 2743 835 2785 non
860 2722 945 2785 nihil
962 2723 1087 2786 virium
1108 2726 1334 2789 decessurum

75 2831 277 2898 adversariis
324 2831 519 2913 Reliquum
552 2840 605 2894 est
635 2829 731 2911 quod
767 2826 803 2893 S.
837 2830 877 2895 T.
914 2829 1019 2893 etiam
1053 2841 1160 2912 atque
1192 2832 1333 2896 summis

74 2939 152 3001 adeo
182 2940 270 3004 votis
304 2959 416 3003 exoro
448 2948 487 3001 ut
518 2938 703 3001 Erasmum
738 2937 1022 3000 Roterodamum
1056 2958 1098 3001 ac
1130 2939 1333 3003 Eduardum

73 3043 181 3109 Letum
195 3046 288 3111 viros
303 3054 401 3109 certe
418 3055 539 3108 nostra
551 3054 669 3108 aetate
687 3054 722 3107 et
738 3043 1043 3125 eloquentissimos
1055 3054 1090 3107 et
1100 3045 1333 3128 doctissimos

72 3151 331 3239 quibuscumque
364 3152 492 3216 officiis
527 3150 564 3216 S.
589 3152 630 3215 T.
661 3154 886 3214 demereatur
915 3160 1023 3232 atque
1052 3151 1156 3214 etiam
1181 3151 1214 3214 in
1240 3154 1332 3216 hanc

71 3279 197 3327 arenam
227 3262 364 3344 ingenti
401 3260 646 3343 policitatione
677 3261 871 3342 pertrahat.
932 3258 1022 3320 Nam
1062 3258 1216 3321 maxima
1248 3281 1333 3343 pars

70 3380 196 3432 nostrae
225 3368 439 3433 Germaniae
476 3366 613 3431 Erasmi
645 3376 782 3430 tantum
807 3365 1020 3428 sententiam
1051 3366 1219 3447 sequitur,
1251 3369 1329 3429 sola

70 3476 260 3539 eruditionis
283 3497 324 3538 ac
349 3475 546 3539 litterarum
570 3473 737 3557 opinione
762 3473 868 3534 ducta
893 3472 998 3535 etiam
1023 3472 1051 3533 si
1075 3491 1139 3553 per
1164 3494 1202 3535 se
1226 3475 1331 3554 pauci

69 3601 130 3644 rem
154 3582 389 3661 discusserint,
414 3601 626 3663 quamquam
650 3580 756 3642 etiam
781 3588 816 3642 et
840 3578 895 3641 his
918 3577 1003 3641 viris
1018 3578 1145 3660 ingens
1169 3579 1331 3643 iuditium

69 3686 104 3747 sit
125 3691 214 3752 unde
236 3689 342 3753 facile
366 3698 531 3770 speratur
562 3707 632 3750 non
665 3697 802 3749 tantum
837 3687 965 3748 multos
996 3704 1229 3766 persuasurus
1264 3689 1330 3749 hos

68 3796 176 3859 sedet
203 3816 344 3860 causam
368 3797 415 3859 ab
440 3793 659 3858 adversariis·
687 3793 878 3858 evicturos.
929 3792 1065 3854 Horum
1095 3791 1163 3854 iam
1188 3795 1331 3857 tandem

68 3903 221 3984 monitor,
255 3914 336 3986 post
360 3905 487 3967 crebra
510 3900 736 3964 eruditissimi
759 3899 867 3962 Fabri
892 3898 1002 3962 nostri
1034 3898 1160 3962 similia
1183 3900 1331 3963 consilia

67 4007 97 4069 T.
119 4007 152 4074 S.
183 4012 354 4074 accedere
378 4009 484 4090 volui,
516 4029 557 4072 ac
585 4009 656 4090 jam
690 4016 871 4089 postremo
896 4026 999 4069 orare
1030 4006 1059 4068 si
1090 4026 1160 4088 qua
1189 4018 1331 4071 vetusta

66 4113 168 4180 forent
191 4128 393 4181 sanctorum
425 4114 695 4192 commentaria,
726 4113 879 4176 maxime
903 4112 1068 4194 Dionysii
1092 4114 1329 4177 Alexandrini

65 4241 141 4300 quae
170 4225 229 4288 vel
257 4222 442 4306 pontificia
464 4233 525 4285 tua
556 4223 613 4286 vel
638 4221 735 4282 avita
766 4221 823 4283 vel
848 4229 999 4301 paterna
1022 4219 1240 4284 bibliotheca
1270 4222 1330 4284 ha·

65 4329 151 4393 beret
174 4333 233 4394 vel
249 4342 345 4394 certe
363 4351 454 4412 quae
472 4329 614 4393 aliunde
639 4327 806 4408 conqueri
831 4338 989 4408 possent,
1012 4327 1046 4389 in
1072 4328 1139 4390 hoc
1164 4348 1234 4390 non
1258 4348 1330 4391 mo·

64 4436 160 4501 dicam
175 4436 215 4501 S.
230 4438 270 4501 T.
295 4457 441 4520 operam
466 4438 618 4499 collocet
642 4444 677 4498 et
701 4442 738 4496 ut
762 4434 797 4495 in
822 4433 958 4515 aliquot
982 4428 1201 4515 exemplaria
1224 4454 1327 4497 excu-

63 4545 183 4626 dantur,
210 4555 325 4618 curet;
350 4566 421 4608 non
445 4543 532 4607 nihil
557 4542 650 4609 enim
673 4539 910 4603 subsidiorum
926 4539 1007 4603 hinc
1032 4560 1197 4622 paremus
1222 4560 1324 4622 quae,

62 4662 124 4714 esto
146 4651 281 4735 frigida
304 4671 369 4733 per
393 4672 431 4714 se
454 4651 637 4729 videatur,
674 4647 888 4709 adversariis
911 4657 1029 4709 tamen
1059 4647 1088 4709 si
1113 4647 1204 4709 illius
1227 4648 1329 4710 verbi

61 4762 152 4822 robur
180 4757 393 4838 accesserit,
425 4758 551 4823 virium
575 4755 656 4819 hinc
681 4764 778 4817 certe
802 4754 883 4835 plus
907 4774 990 4835 pars
1015 4763 1136 4816 nostra
1166 4755 1327 4837 accipiet.

62 4864 145 4950 l'ale,
169 4877 278 4951 pater
299 4865 510 4929 Beatissime
535 4884 576 4928 ac
602 4861 769 4945 quicquid
793 4860 830 4923 id
855 4870 908 4923 est
932 4861 1039 4924 officii
1064 4860 1149 4924 boni
1173 4863 1330 4944 consule,
