3425 5700
670 568 916 629 warno*

151 718 212 783 ille
236 716 393 802 peccatis
418 717 546 785 nostris
564 720 609 783 ad
625 720 842 783 iracundiam
867 732 1092 803 provocatus,
1118 719 1264 802 exigere
1288 738 1433 803 poenaS,

151 849 286 909 suaque
311 830 502 891 severitate
526 849 590 909 per
614 828 753 891 Italiam
778 830 907 891 acriter
931 839 967 890 et
992 827 1143 891 Galliam
1168 838 1204 891 et
1225 829 1434 910 Hispaniam

140 937 356 1016 'excanduit,
381 956 472 1017 quae
497 936 703 1018 provinciae
728 938 834 1015 bello,
858 936 968 1014 farne,
1001 935 1206 1016 pestilentia
1229 934 1434 1016 aliquandiu

152 1054 305 1105 vexatae
342 1054 377 1105 et
411 1044 605 1124 populatae
641 1042 798 1114 fuerunt;
844 1042 1068 1105 Germaniam
1110 1062 1197 1104 vero
1231 1042 1434 1104 haereticae

150 1149 320 1232 pravitati
348 1148 510 1231 permisit
538 1151 775 1215 lacerandam.
840 1148 910 1212 Sed
941 1170 1019 1212 cum
1044 1169 1222 1230 nunquam
1247 1149 1420 1211 oblivisce

150 1269 208 1319 tur
242 1255 525 1333 misericordiae,
565 1274 642 1318 cum
678 1259 811 1319 habeat
843 1276 984 1337 semper
1027 1258 1142 1317 oleum
1175 1256 1318 1337 pietatis
1349 1278 1434 1318 suae

151 1374 316 1445 paratum
342 1366 387 1424 ad
412 1362 620 1425 medicinam
633 1396 635 1401 ·
648 1364 757 1424 nostri
782 1362 950 1443 vulneris,
972 1364 1188 1443 praevidens
1202 1363 1337 1425 heresis
1358 1383 1434 1444 per-

150 1472 278 1533 niciem
304 1490 412 1552 supra
436 1470 553 1531 omnia
578 1472 670 1531 mala
695 1490 772 1531 esse
798 1470 1019 1551 graviorem,
1052 1470 1176 1531 habuit
1209 1480 1352 1549 gentem
1382 1492 1432 1533 se·

150 1580 296 1657 lectam,
337 1577 506 1657 populum
536 1575 758 1657 precipuum,
791 1577 1001 1638 catholicam
1034 1579 1234 1659 nationem,
1270 1577 1434 1640 civitates

149 1688 245 1747 bene
271 1696 435 1763 moratas,
462 1682 629 1763 egregios
655 1685 773 1759 duces,
797 1683 1008 1745 fortissimos
1033 1684 1225 1764 exercituS,
1257 1703 1346 1764 quos
1372 1682 1432 1746 Sa-

149 1795 281 1853 thanae
307 1791 448 1853 nimium
484 1789 656 1851 saevienti
688 1802 724 1852 et
760 1790 834 1852 eius
870 1790 985 1871 impiis
1021 1790 1188 1853 ministris
1223 1802 1432 1871 opponeret.

149 1899 257 1979 Quod
283 1897 450 1959 iudicium
476 1896 544 1959 Dei
568 1896 820 1978 omnipotentis
851 1897 983 1959 factum
1008 1918 1096 1978 erga
1119 1918 1185 1959 vos
1207 1908 1433 1978 vestramque

148 2016 344 2087 propterea
369 2005 518 2086 gloriam
544 2016 577 2066 et
602 2004 745 2086 pietatis
780 2007 918 2067 laudem
949 2005 1052 2067 vobis
1083 2016 1118 2065 et
1150 2003 1215 2065 toti
1248 2003 1362 2067 sederi
1391 2026 1431 2067 ac

147 2112 371 2195 colligationi
404 2124 545 2173 vestrae
581 2132 627 2173 ex
657 2120 732 2173 toto
766 2114 875 2174 corde
908 2123 1029 2173 nostro
1064 2124 1098 2173 et
1129 2132 1176 2174 ex
1210 2125 1286 2175 tota
1317 2112 1433 2175 anima

147 2223 384 2303 gratulamur,
418 2218 467 2279 ita
491 2218 608 2279 animo
633 2218 749 2299 parati
774 2239 862 2300 erga
886 2239 963 2297 vos,
987 2218 1037 2279 ita
1061 2239 1181 2281 amore
1206 2220 1358 2298 incitati,
1395 2232 1432 2281 ut

148 2329 235 2390 nihil
261 2328 306 2389 sit
331 2328 425 2408 quod
448 2324 553 2387 vobis
578 2327 709 2386 debere
735 2346 798 2386 nos
823 2345 893 2387 non
919 2326 1109 2396 fateamur;
1141 2326 1170 2386 si
1201 2327 1294 2387 enim
1319 2348 1431 2389 sacer-

148 2434 281 2497 dotalis
305 2432 461 2514 dignitas
486 2432 589 2493 nobis
614 2430 712 2493 cordi
737 2440 788 2493 est
814 2431 916 2493 sicuti
947 2452 1025 2494 esse
1050 2434 1167 2512 debet,
1198 2444 1237 2494 ut
1267 2454 1358 2515 quae
1387 2436 1432 2497 ad

148 2544 353 2627 exemplum
379 2538 584 2602 coelestium
602 2539 764 2601 ordinum
780 2538 941 2600 instituta
956 2558 1145 2601 maxrmum
1170 2540 1274 2602 affert
1292 2553 1327 2603 et
1342 2562 1429 2603 com·

147 2650 245 2713 muni
270 2650 366 2711 vitae
398 2656 642 2709 ornamentum
676 2656 711 2706 et
739 2646 784 2706 ad
815 2646 929 2706 Deum
959 2647 1146 2708 colendum
1178 2651 1431 2710 venerandum-

146 2778 218 2839 que
244 2756 500 2833 adiumentum,
531 2773 662 2833 caper
687 2773 749 2815 vos
774 2772 844 2814 non
870 2754 980 2814 solum
1006 2752 1156 2815 defensa
1179 2776 1301 2817 verum
1327 2755 1431 2817 etiam

146 2865 313 2928 restituta
338 2873 408 2936 est;
434 2863 463 2924 si
493 2860 688 2923 animarum
721 2861 844 2922 salutis
868 2861 1097 2941 praecipuam
1122 2882 1242 2925 curam
1267 2864 1432 2942 gerimus,

146 2971 260 3034 veluti
285 2991 373 3052 quas
396 2969 480 3032 boni
506 2989 602 3032 more
627 2968 780 3049 pastoris
805 2969 910 3029 etiam
935 2969 1108 3048 sanguine
1125 2980 1159 3030 et
1177 2970 1304 3051 capitis
1320 2971 1432 3033 nostri

146 3079 309 3160 periculo
334 3077 440 3140 tutari
466 3079 638 3138 debemus
663 3095 728 3156 per
751 3085 906 3136 vestram
931 3075 1095 3136 virtutem
1121 3087 1245 3155 erepta
1261 3087 1296 3139 et
1310 3080 1432 3140 ablata

146 3195 204 3248 est
227 3186 344 3266 impiis
368 3194 527 3265 potestas
544 3183 622 3244 illas
638 3183 833 3262 populandi
852 3193 887 3243 et
903 3181 1107 3243 dilaniandi.
1133 3180 1172 3243 Si
1190 3183 1267 3262 Dei,
1283 3185 1356 3246 vita
1372 3187 1430 3246 ho-

146 3313 271 3355 norem
287 3300 407 3354 nostra
421 3302 581 3352 tenemur
594 3292 726 3351 habere
740 3289 922 3367 cariorem,
936 3288 1151 3370 periclitanti
1164 3289 1212 3351 illi
1227 3301 1263 3352 et
1275 3311 1296 3352 a
1309 3291 1430 3359 furore

145 3400 309 3462 heretico
333 3400 542 3479 perturbato
568 3405 686 3458 vestra
710 3395 876 3458 subvenit
900 3395 1015 3476 pietas
1039 3406 1074 3457 et
1098 3395 1279 3476 fortitud0,
1303 3410 1341 3460 ut
1361 3419 1428 3460 om·

145 3507 251 3569 nibus
276 3505 393 3568 causis
416 3517 536 3567 noster
562 3503 747 3566 devinctus
771 3525 870 3566 amor
893 3505 938 3566 ad
963 3524 1131 3566 summam
1155 3504 1430 3567 benivolentiam

146 3627 184 3677 ot
214 3615 260 3675 ad
295 3633 433 3674 omnem
477 3610 579 3672 vobis
618 3611 768 3689 gratiam
806 3613 1007 3672 habendam
1046 3623 1220 3690 perpetuo
1258 3622 1430 3675 teneatur.

146 3721 389 3801 Quamobrem
414 3717 517 3780 vobis
541 3716 756 3780 affirmamus
782 3737 958 3797 nunquam
984 3737 1049 3778 nos
1072 3717 1176 3779 huius
1207 3718 1316 3779 vestri
1346 3718 1430 3780 facti

146 3828 270 3890 eximii
296 3839 402 3907 atque
427 3825 634 3886 immortalis
658 3824 862 3886 memoriam
887 3823 1128 3905 deposituros,
1162 3845 1338 3904 nunquam
1373 3847 1429 3887 ve·

145 3949 257 3997 stram
288 3933 429 3996 laudem
459 3943 494 3994 et
528 3932 693 3994 virtutem
731 3932 913 4002 tacituros;
950 3931 1045 4012 quod
1077 3931 1107 3992 si
1141 3931 1224 4011 quid
1257 3934 1302 3993 ad
1336 3932 1430 3995 illam

145 4043 262 4124 ipsam
288 4041 453 4103 virtutem
478 4050 631 4101 vestram
657 4041 849 4101 ornandam
876 4048 984 4118 atque
1008 4038 1252 4101 illustrandam
1272 4039 1348 4102 fieri
1365 4061 1430 4121 per

146 4171 214 4212 nos
239 4159 370 4231 potest,
396 4148 424 4209 si
449 4147 532 4228 quid
558 4145 662 4209 Sedis
688 4143 841 4208 Sanctae
868 4145 1099 4227 Apostolicae
1124 4165 1252 4207 nomen
1277 4147 1429 4209 studium

146 4255 342 4320 auctoritas
366 4258 410 4316 ad
436 4254 645 4334 dignitatem
677 4263 711 4314 et
742 4254 962 4315 commodum
995 4262 1152 4313 vestrum
1184 4251 1347 4316 conferre
1376 4263 1430 4316 est

145 4375 244 4446 apta,
288 4365 449 4424 volumus
487 4383 550 4423 vos
592 4358 795 4422 existimare
834 4379 972 4421 omnem
1007 4369 1163 4420 nostram
1200 4361 1429 4440 voluntatem,

146 4491 289 4534 omnem
314 4467 572 4548 benignitatem
596 4465 698 4527 vobis
722 4465 799 4526 fore
825 4485 966 4545 semper
990 4476 1025 4526 et
1048 4465 1242 4526 honoribus
1274 4466 1427 4528 utilitati-

147 4583 287 4659 busque
314 4575 440 4638 vestris
465 4583 666 4655 promptam
698 4583 733 4634 et
763 4581 940 4653 paratam;
981 4571 1189 4633 devotiones
1223 4583 1360 4634 vestras
1393 4573 1426 4635 in

147 4685 293 4749 domino
318 4685 518 4761 hortantes,
544 4691 582 4742 ut
607 4699 698 4760 quae
722 4681 814 4741 bene
838 4700 859 4740 a
883 4678 986 4739 vobis
1011 4688 1115 4757 cepta
1139 4689 1221 4739 sunt
1244 4679 1289 4740 ad
1314 4689 1428 4742 extre·

147 4813 241 4855 mum
268 4791 447 4851 deducere
472 4801 507 4850 et
530 4787 670 4849 firmare
695 4784 881 4855 studeatis,
907 4782 1248 4865 prestantissimique
1273 4787 1427 4848 omnium

148 4921 240 4984 quae
266 4898 384 4960 multis
407 4896 474 4958 iam
501 4894 628 4956 seculis
653 4903 756 4976 gesta
780 4903 861 4954 sunt
880 4891 976 4967 facti,
1000 4891 1198 4952 absolutam
1220 4891 1427 4972 perfectam·
1472 4957 1478 4974 ,
