3425 5700
668 597 916 666 0-43513ΕΗ

148 753 296 839 cipibus,
306 796 348 803 —-
360 762 405 821 6⁰.
418 756 557 821 solvant
566 758 633 821 hoc
644 778 737 821 anno
749 759 899 821 ducibus
908 757 1001 821 XVm
1015 754 1090 820 flor.
1104 796 1141 805 -
1154 774 1170 837 7
1183 808 1205 834 0.
1218 754 1360 822 solvant
1373 753 1427 823 tri·

147 868 214 927 bus
230 865 454 947 Principibus
480 864 690 945 Sooooflor,
715 876 751 927 et
775 886 844 947 quo
870 886 979 947 usque
1003 865 1099 928 illam
1124 886 1293 928 summam
1317 870 1429 929 solve-

148 972 235 1046 rint,
272 982 418 1035 teneant
448 972 628 1054 principes
658 993 780 1034 omnes
805 972 927 1048 villae,
952 992 1082 1053 pagos,
1116 982 1152 1033 et
1175 993 1321 1035 nemora
1345 975 1430 1037 dicti

148 1078 272 1161 oppidi
289 1099 355 1160 pro
371 1080 534 1161 pignore.
551 1116 595 1125 -
611 1084 655 1143 8⁰.
673 1078 822 1162 singulis
838 1079 941 1141 annis
956 1098 1023 1161 pro
1048 1078 1255 1141 defensione
1272 1083 1431 1161 pendant

148 1186 373 1267 Principibus
403 1207 485 1265 1500
509 1185 585 1249 flor.
610 1224 652 1230 —
678 1202 722 1265 9⁰.
749 1197 784 1248 et
808 1187 971 1248 omnibus
995 1186 1232 1248 diebusvitae
1250 1208 1334 1249 suae
1359 1188 1430 1251 sint

146 1292 299 1355 infames
324 1302 359 1355 et
383 1294 525 1375 periuri,
552 1314 590 1355 ac
615 1291 793 1373 fidefragi,
818 1313 858 1354 ac
885 1314 950 1375 pro
981 1294 1111 1355 talibus
1142 1294 1360 1375 habeantur,
1395 1305 1429 1357 et

145 1409 356 1479 reputentur
381 1402 523 1481 impune
549 1403 595 1462 ab
620 1400 793 1461 omnibus.

238 1507 452 1569 Lubrienses
469 1500 601 1569 subditi
626 1508 750 1569 eodem
768 1506 866 1568 Maio
891 1509 1120 1579 rebellarunt;
1146 1528 1235 1589 quos
1259 1508 1430 1571 instructo

147 1616 308 1677 exercitu
335 1616 601 1696 aggredientes,
624 1614 784 1695 pluribus
809 1615 917 1688 cesis,
941 1614 1086 1695 reliquis
1117 1615 1240 1696 captis,
1272 1616 1428 1697 praecidi

148 1722 312 1783 fecerunt
337 1723 517 1803 longiores
543 1722 631 1783 duos
668 1720 799 1799 digitos
840 1723 922 1781 1800
965 1722 1122 1803 rusticis,
1157 1724 1192 1784 in
1227 1723 1428 1803 exemplum

146 1828 412 1907 fidefragorum.

239 1934 278 1995 ln
312 1935 446 2016 oppido
470 1933 648 2017 imperiali
676 1934 916 2014 Memmingen
944 1936 1135 1996 Lutherum
1166 1956 1254 2016 prae
1278 1936 1430 1998 coeteris

149 2040 276 2103 vicinis
291 2044 510 2122 pertrnacius
534 2042 644 2103 secuti
671 2051 760 2119 sunt,
788 2052 822 2103 et
837 2043 1120 2122 praedicatorem
1146 2045 1317 2104 adversus
1332 2042 1428 2124 Epis-

145 2168 276 2229 copum
301 2150 404 2210 tutati
429 2162 525 2227 sunt,
559 2148 753 2209 catholicos
777 2152 984 2213 sacerdotes
1009 2149 1243 2230 expellendo;
1275 2152 1428 2230 tandem,

147 2266 276 2316 senatu
301 2257 445 2317 nolente
478 2256 617 2317 rusticis
650 2254 827 2317 seditiosis
858 2255 1027 2317 auxilium
1062 2256 1171 2335 ferre,
1204 2256 1429 2337 praedicator

148 2382 347 2424 sermonem
362 2362 396 2423 in
409 2362 579 2424 Senatum
594 2362 711 2441 vertit,
728 2372 763 2423 et
777 2362 984 2424 seditionem
1003 2362 1121 2424 movit.
1147 2362 1317 2425 Celeriter
1333 2363 1428 2445 ligae

146 2468 339 2549 implorant
355 2468 536 2547 auxilium,
556 2469 654 2531 cuius
672 2469 849 2531 exercitus
873 2469 1014 2550 longius
1038 2472 1163 2531 aberat
1188 2470 1222 2530 in
1238 2470 1426 2532 Franconi·

148 2576 233 2641 bus.
264 2576 490 2638 tumultuarie
515 2576 609 2638 mille
634 2577 773 2657 pedites
798 2576 1022 2658 colliguntur,
1048 2587 1084 2638 et
1107 2577 1256 2639 trecenti
1281 2578 1428 2658 equites

147 2694 181 2743 et
206 2683 239 2743 in
267 2684 437 2745 auxilium
464 2682 618 2744 Senatus
642 2683 836 2747 mittuntur.
894 2682 1111 2745 lluodecima
1139 2684 1232 2761 Junii
1257 2686 1426 2765 oppidum

146 2788 411 2869 ingrediuntur,
444 2802 516 2852 tres
550 2790 741 2852 lutherani
785 2810 865 2852 mox
893 2792 1130 2868 decollantur,
1162 2811 1309 2871 quorum
1339 2812 1427 2854 unus

149 2896 262 2958 fuerat
291 2897 565 2978 ludimagister,
599 2897 655 2979 qui
682 2917 776 2958 anno
802 2899 976 2978 superiori
1001 2899 1242 2959 calendarium
1267 2899 1427 2960 ediderat

151 3005 387 3066 lutheranum
413 3005 568 3066 omnium
593 3015 804 3082 sanctorum,
830 3005 935 3066 etiam
958 3005 1105 3084 Mariae,
1128 3005 1228 3067 festis
1256 3007 1428 3068 exclusis:

152 3111 381 3172 Praedicator
411 3111 687 3191 tlhristophorus
712 3112 882 3192 sthaplar
905 3112 939 3172 in
969 3112 1130 3173 muliebri
1165 3111 1286 3173 habitu
1316 3113 1428 3173 evasit

151 3237 225 3278 cum
251 3217 411 3298 pluribus
437 3217 678 3296 complicibus,
704 3219 762 3298 qui
779 3219 823 3279 ad
848 3219 1036 3280 seditiosos
1060 3219 1210 3280 rusticos
1235 3230 1427 3299 currentes

151 3325 243 3404 ipsos
268 3336 393 3387 contra
418 3325 587 3406 oppidum
623 3335 783 3401 movent,
817 3329 912 3405 quod
938 3335 1018 3386 octo
1042 3327 1194 3388 millibus
1219 3327 1426 3387 rusticorum

151 3433 333 3494 obsidione
358 3433 557 3510 cinxerunt,
583 3431 844 3512 decimaquinta
867 3432 999 3494 mensis
1022 3432 1126 3510 Junii.

153 3625 433 3691 Monasteria
448 3630 522 3690 vel
545 3629 759 3708 spoliata,
785 3629 849 3689 vel
876 3628 975 3709 igne
1000 3642 1157 3690 exusta
1185 3630 1225 3689 in
1252 3627 1420 3692 Svevis.

255 3753 534 3816 (lchsenhausen
809 3753 949 3815 Beuren

256 3860 430 3923 ssucherm
815 3859 1029 3939 Wingarten

256 3967 409 4029 Marhtal
816 3965 1025 4028 Weisenaro

258 4073 441 4136 Zwifalten
810 4073 1028 4135 Bickenreut

259 4181 504 4260 Rochenburg
809 4181 1015 4245 Richenaro

257 4287 553 4350 Wettenhausem
813 4289 1080 4351 llanckstetten

255 4393 509 4472 Oberstonfalt,
535 4405 697 4456 exustum
810 4396 845 4456 S.
872 4395 1020 4476 Georgii

260 4501 478 4564 Edelstetten
811 4502 846 4562 S.
873 4503 982 4565 Blasii

256 4609 449 4672 Minchrott
812 4609 848 4670 S.
874 4609 971 4671 Petri

256 4713 501 4779 Ottenbeuren
809 4715 844 4780 ὃ.
871 4716 1036 4798 Τωρθτϊί

257 4823 338 4900 [rsa,
362 4823 398 4885 in
424 4823 564 4902 Algoiis
811 4823 927 4884 Lorch
1022 4815 1030 4905 Ι

258 4929 476 5011 Steingaden
812 4930 1000 5010 Adelberg
1021 4905 1033 5004 i

185 5049 256 5106 llulcu,
268 5055 410 5094 Documenta
421 5055 559 5097 burburena.

1064 4594 1076 4786 Ι
1107 4556 1142 4618 ἰη
1168 4557 1271 4638 nigra
1295 4555 1404 4637 Sylva

1056 4888 1182 4938 exusta
