3425 5700
784 551 1031 610 0-23268ffl

268 702 380 765 malos
405 701 727 784 exploratissimum
752 711 848 765 c'erte
874 709 929 763 est
952 711 1013 764 aut
1036 699 1121 763 nihil
1146 708 1208 762 aut
1221 698 1411 760 admodum
1426 715 1543 778 parum

269 808 437 892 praesidii
460 808 496 872 in
520 808 589 872 illis
614 808 728 873 situm.

357 915 399 978 In
423 917 514 978 hanc
538 916 660 978 horam
676 934 788 996 usque
804 913 1144 998 Wittembergensis
1167 914 1290 980 schola
1312 921 1389 976 toto
1406 922 1546 993 pectore

269 1023 440 1086 incumbit
467 1024 512 1084 ad
542 1023 811 1103 provehendam
836 1022 1108 1085 commotionem
1132 1019 1315 1103 nephariis
1338 1019 1410 1082 suis
1434 1018 1546 1101 dispu-

270 1131 465 1194 tationibus
490 1139 526 1192 et
549 1129 691 1212 scriptis
720 1129 932 1201 maledictis;
964 1129 1221 1192 calumniantur
1253 1135 1352 1201 vota;
1384 1127 1549 1190 damnant

270 1237 304 1300 in
321 1236 521 1300 universum
539 1236 802 1302 confessionem
826 1236 907 1301 oris.
957 1235 1148 1301 Affirmant
1167 1255 1320 1318 peccare
1334 1241 1371 1295 et
1387 1233 1549 1298 schisma·

270 1344 315 1407 tis
340 1365 419 1408 esse
444 1364 525 1407 reos
550 1344 761 1426 quicumque
778 1341 968 1408 Sanctitati
992 1353 1134 1409 vestrae
1159 1344 1421 1423 obsequuntur;
1446 1359 1551 1421 super

271 1452 420 1514 articulo
446 1449 774 1516 communicationis
797 1453 864 1513 sub
888 1451 1009 1532 specie
1032 1449 1136 1532 panis
1151 1448 1401 1512 commendant
1416 1467 1551 1509 rursum

272 1559 450 1622 Bohemos
474 1569 642 1640 tanquam
658 1578 827 1640 germane
852 1556 1073 1622 christianos.
1111 1557 1166 1619 Ac
1182 1554 1287 1618 editis
1304 1555 1458 1618 scedulis
1481 1564 1552 1616 tam

273 1666 482 1747 blasphema
506 1664 574 1747 ipsi
598 1665 731 1747 passim
755 1664 952 1746 divulgant.

361 1773 402 1835 In
428 1771 504 1836 dies
529 1781 610 1853 post
634 1771 788 1834 omnium
805 1773 980 1836 bonorum
996 1769 1151 1838 ‘virorum
1176 1778 1352 1850 conatum,
1376 1778 1458 1852 post
1481 1768 1554 1830 bul·

272 1880 340 1941 lam
367 1877 603 1941 Beatitudinis
636 1886 779 1940 vestrae
811 1885 847 1941 et
872 1876 1085 1939 Caesareum
1117 1877 1271 1939 edictum
1304 1877 1340 1938 in
1364 1875 1554 1938 Martinum

273 1997 308 2048 et
326 1985 527 2066 complices,
545 1994 720 2065 augentur
735 1983 837 2065 copie
852 1983 1144 2063 lutheranorum,
1170 1983 1310 2065 iamque
1325 1982 1493 2046 rarissimi
1508 1983 1555 2044 in-

273 2093 463 2156 veniuntur
486 2091 567 2154 laici
592 2091 652 2173 qui
676 2091 829 2153 candide
854 2099 890 2152 et
909 2090 1116 2173 simpliciter
1132 2090 1279 2153 faveant
1295 2089 1557 2168 ecclesiasticis,

275 2201 337 2263 sed
363 2210 398 2262 et
422 2201 517 2262 bona
542 2219 625 2281 pars
650 2197 875 2260 sacerdotum
903 2197 990 2263 facit
1021 2217 1099 2259 cum
1124 2198 1281 2260 Luthero
1306 2206 1342 2260 et
1365 2198 1558 2278 plerosque

274 2310 386 2390 pudet
409 2315 504 2369 stare
531 2327 551 2366 a
575 2314 677 2386 parte
694 2305 861 2367 Romane
886 2303 1057 2383 Ecclesie,
1082 2304 1173 2366 adeo
1190 2303 1341 2367 invisum
1359 2312 1413 2366 est
1428 2325 1558 2366 nomen

276 2416 531 2477 curtisanorum
557 2421 592 2474 et
616 2413 840 2474 decretorum
865 2410 1095 2473 beatitudinis
1120 2397 1239 2473 vestre
1262 2431 1331 2492 que
1347 2430 1480 2492 magno
1504 2431 1558 2472 su·

275 2520 422 2602 percilio
447 2529 529 2602 post
553 2518 901 2600 Wittembergenses
926 2527 962 2580 et
986 2516 1045 2580 alii
1069 2538 1211 2600 quoque
1234 2517 1408 2582 reiiciunt.

364 2627 614 2690 Erfordienses
639 2626 770 2688 subditi
795 2626 881 2688 dicti
895 2633 1081 2688 creaturae
1104 2637 1247 2688 vestrae
1271 2627 1335 2688 sed
1359 2626 1500 2707 perfidi,
1524 2624 1561 2687 in

277 2737 419 2798 Ducatu
446 2734 533 2796 illmi
557 2731 739 2796 Saxoniae
763 2733 874 2796 Ducis
898 2733 1064 2795 electoris
1093 2741 1158 2796 etc.
1189 2742 1374 2796 manentes
1402 2733 1562 2796 excitato

278 2864 392 2925 nuper
416 2840 664 2905 seditiosorum
689 2841 851 2922 tumultu,
877 2839 1120 2904 dissimulante
1144 2850 1271 2904 senatu
1294 2840 1478 2923 utriusque
1501 2842 1563 2903 de·

277 2949 356 3011 cani
381 2960 451 3011 tam
476 2948 581 3011 divae
605 2948 755 3029 virginis
780 2968 884 3029 quam
909 2948 1024 3011 sancti
1049 2948 1165 3011 severi
1189 2969 1231 3011 ac
1253 2958 1334 3010 octo
1360 2958 1396 3010 et
1411 2950 1565 3030 quadra·

278 3056 378 3137 ginta
402 3054 550 3117 aliorum
576 3054 829 3117 canonicorum
853 3064 890 3117 et
913 3055 1124 3118 vicariorum
1150 3055 1420 3135 collegiatarum
1449 3059 1564 3119 eccle·

278 3163 406 3225 siarum
432 3163 541 3224 aedes
567 3162 790 3243 diripuerunt
815 3171 991 3245 nocteque
1016 3172 1052 3225 et
1075 3162 1168 3225 inter
1191 3162 1250 3224 diu
1266 3162 1402 3225 foribus
1418 3163 1566 3226 aedium

278 3267 478 3331 huiusmodi
494 3268 726 3347 comminutis
751 3268 876 3331 fractis
888 3268 1065 3349 fenestris,
1088 3268 1229 3347 mensis,
1254 3270 1432 3348 tabulatis,
1457 3269 1566 3350 arcis,

279 3374 439 3441 armariis
462 3374 562 3438 libris
586 3374 752 3455 omnique
777 3373 846 3437 alio
872 3376 1121 3458 suppellectile
1145 3385 1181 3438 et
1205 3376 1368 3439 dissectis
1381 3378 1568 3441 variorum

278 3481 427 3545 vinculis
451 3479 654 3545 effuderunt
677 3480 761 3543 vina
779 3491 814 3544 et
831 3482 1050 3548 cerevisiam.
1098 3485 1157 3547 Ad
1171 3487 1262 3547 haec
1277 3494 1406 3565 vestes,
1423 3505 1568 3565 carnes,

279 3589 433 3652 butirum
457 3597 493 3651 et
516 3587 655 3669 reliqua
678 3590 872 3667 esculenta,
897 3591 1084 3670 pecuniam
1109 3611 1261 3672 quoque,
1286 3602 1460 3672 argentea
1476 3613 1570 3657 vasa

280 3708 315 3759 et
343 3695 507 3758 clenodia
531 3714 649 3757 secum
675 3696 912 3759 abstulerunt.
959 3696 1130 3760 Preterea
1153 3698 1187 3759 in
1205 3699 1345 3762 domum
1361 3700 1570 3763 consistorii

279 3801 475 3885 praepositi
490 3800 673 3883 utriusque
698 3802 874 3864 ecclesiae
898 3802 1073 3866 irruentes
1097 3825 1175 3866 eam
1192 3814 1301 3866 totam
1319 3806 1570 3888 devastarunt,

279 3921 410 3972 tectum
435 3908 691 3990 confregerunt
715 3919 751 3971 et
768 3908 936 3989 quicquid
953 3909 1133 3989 librorum,
1158 3920 1318 3973 actorum
1334 3910 1571 3995 iudicialium,

281 4016 521 4099 depositarum
538 4015 735 4079 litterarum
752 4025 787 4078 et
800 4025 1105 4079 monumentorum
1117 4027 1354 4099 reppererunt
1367 4017 1572 4101 discerpse-

281 4133 371 4187 runt.
420 4123 544 4204 Neque
568 4132 675 4186 antea
699 4143 721 4185 a
745 4124 997 4204 prosequendo
1023 4124 1119 4186 clero
1136 4134 1190 4186 est
1208 4123 1357 4187 desitum
1373 4145 1481 4205 quam
1505 4130 1573 4192 ubi

281 4230 490 4313 perterritus
505 4229 541 4293 in
559 4229 742 4291 tuitionem
758 4250 837 4293 sese
852 4238 998 4293 senatus
1015 4230 1183 4311 dedisset,
1209 4229 1354 4313 eiusque
1370 4231 1575 4315 presidium

282 4338 516 4418 implorasset.
564 4332 718 4399 Senatus
736 4335 844 4399 nihilo
862 4336 971 4400 setius
985 4356 1007 4399 a
1022 4338 1268 4401 sacerdotibus
1286 4348 1321 4401 et
1336 4340 1431 4402 clero
1449 4342 1575 4405 huius-

283 4445 377 4508 modi
403 4443 525 4525 exegit
548 4443 717 4506 articulos
742 4444 914 4525 quosdam
944 4444 1254 4526 nephandissimos
1284 4456 1407 4526 utpote
1435 4446 1576 4527 quibus

283 4554 329 4615 ad
362 4571 524 4633 quaeque
556 4550 701 4612 sordida
730 4562 767 4612 et
798 4550 918 4613 civilia
947 4571 1057 4615 onera
1087 4552 1273 4615 subeunda
1296 4572 1337 4615 ac
1362 4553 1409 4615 ad
1432 4554 1577 4621 tributa

284 4658 474 4739 pendenda
498 4668 535 4719 ut
558 4655 733 4737 reliquum
756 4658 886 4739 vulgus
911 4660 1188 4740 perpelleretur;
1213 4660 1393 4742 multaque
1408 4661 1479 4723 alia
1495 4682 1577 4729 non

285 4765 397 4829 solum
429 4784 519 4846 quae
551 4762 686 4827 faciunt
716 4765 891 4828 adversus
914 4764 1117 4830 libertatern
1141 4766 1417 4830 ecclesiasticam
1441 4770 1510 4831 sed
1537 4783 1577 4836 et

284 4870 370 4938 iuris
394 4872 580 4934 humanam
606 4870 822 4952 aequitatem
847 4874 1060 4936 subvertunt
1082 4876 1129 4936 ab
1147 4873 1280 4937 eisdem
1297 4886 1511 4957 exegerunt,
1540 4892 1581 4943 et
