3425 5700
669 568 916 628 estete*

150 736 380 799 permaneas,
405 718 567 781 hortatur
591 718 684 781 enim
708 730 744 783 te
768 718 873 799 fides,
903 729 939 781 et
970 717 1127 801 dignitas
1158 727 1237 797 tua,
1268 726 1376 800 atque
1406 716 1436 780 is

151 825 251 887 Deus
275 846 381 889 verus
397 838 432 888 et
448 846 549 907 unire,
574 826 672 889 cuius
697 848 819 890 omnes
844 827 985 906 nomini,
1010 840 1045 889 et
1068 827 1195 889 honori
1210 828 1343 890 tuendo
1368 829 1434 890 ela·

151 934 335 1005 boramus;
373 952 475 1015 quem
510 932 573 995 tibi
603 953 673 996 non
706 934 908 996 dubitamus
939 944 1079 995 tuorum
1107 934 1269 997 laborum
1301 933 1436 997 fructus

152 1038 350 1103 uberrimos
374 1042 576 1102 relaturum.
629 1038 713 1120 Nos,
738 1040 767 1102 si
796 1040 862 1103 tibi
893 1040 1151 1103 incommodum
1184 1062 1255 1104 non
1287 1051 1360 1122 est,
1391 1042 1437 1105 de

153 1149 260 1209 rebus
283 1145 353 1209 illis
378 1167 443 1228 per
467 1158 501 1208 te
526 1146 747 1228 potissimum
772 1148 944 1212 certiores
967 1168 1177 1230 cuperemus
1193 1148 1281 1229 fieri,
1306 1148 1335 1212 si
1351 1149 1437 1231 quid

158 1264 252 1315 esset
276 1256 371 1336 quod
397 1274 418 1317 a
443 1254 546 1317 nobis
571 1254 647 1335 geri
679 1265 740 1317 aut
770 1256 907 1318 consuli
939 1266 1106 1337 oportere
1134 1253 1322 1336 iudicares,
1355 1276 1435 1318 nam

154 1371 191 1421 et
214 1382 257 1423 ea
282 1361 466 1424 verissima
490 1364 703 1425 haberemus
727 1383 818 1443 quae
842 1365 907 1425 abs
931 1372 967 1424 te
990 1360 1123 1443 scripta
1147 1373 1267 1424 essent
1299 1373 1335 1425 et
1364 1382 1436 1425 non

155 1469 360 1531 deessemus
385 1470 500 1531 studio
531 1480 566 1531 et
597 1489 718 1550 opera,
749 1469 868 1532 omnia
896 1467 1062 1532 faciendo
1091 1489 1182 1550 quae
1214 1470 1259 1531 ad
1293 1468 1435 1533 Christi·

155 1575 299 1637 anitatis
334 1577 442 1637 decus
467 1576 571 1637 etad
596 1574 689 1638 illius
714 1574 868 1638 nationis
892 1577 1041 1639 salutem
1065 1577 1294 1657 pertinerent.

244 1682 376 1744 Datum
419 1683 559 1745 Romae
602 1682 659 1744 die
706 1682 837 1745 XXIII
875 1683 1030 1765 Augusti
1068 1682 1267 1748 MDXXV.
1329 1684 1435 1746 Anno

155 1788 334 1853 Secundo.

761 2328 835 2394 249.

330 2442 457 2525 Joenn
487 2443 657 2524 ilbertus
684 2444 929 2547 brandeburg.
971 2443 1144 2524 Clementi
1170 2444 1249 2525 VH.

623 2601 681 2675 (hp.
710 2602 796 2675 prino.
819 2602 871 2660 m
900 2601 970 2672 240.)

647 2727 701 2797 (25.
721 2730 836 2793 Augusti
860 2728 947 2799 1525.)

247 2873 352 2955 Depo
378 2875 412 2936 la
436 2883 567 2936 venuta
591 2872 660 2936 mia
689 2873 724 2935 in
752 2872 963 2954 Germania,
1000 2875 1044 2936 de
1075 2884 1205 2954 quante
1238 2893 1331 2935 nove
1359 2893 1435 2954 per-

154 2979 351 3043 turbationi
376 2999 487 3042 sonno
511 2999 655 3042 occurse
680 2982 726 3042 de
750 2981 782 3042 le
807 2981 903 3060 quali
926 2980 962 3042 in
986 2982 1081 3042 bona
1097 2992 1199 3061 parte
1214 2979 1248 3042 io
1263 2999 1327 3041 son
1344 2989 1436 3041 stato

155 3097 334 3170 presente,
359 3107 405 3149 ne
429 3089 475 3148 ho
499 3097 622 3149 tenuto
647 3085 784 3150 avisato
808 3089 842 3149 lo
868 3084 915 3148 S‘.
941 3087 1126 3149 Marchese
1144 3085 1340 3166 Gumperto
1364 3085 1434 3147 mio

157 3194 311 3272 fratellq
336 3193 502 3256 acciochd
527 3193 755 3257 riferendone
772 3214 794 3255 a
810 3194 895 3274 Mg‘.
912 3194 936 3254 il
960 3192 1119 3270 Datame,
1145 3214 1208 3256 sua
1231 3193 1266 3256 S.
1292 3202 1435 3273 potesse

159 3301 263 3364 farne
287 3301 472 3382 partecipe
497 3301 541 3366 V.
574 3299 626 3363 Sti
651 3303 792 3381 quando
825 3301 848 3362 li
883 3301 978 3363 {usse
1011 3321 1118 3382 parso
1148 3312 1369 3381 opportun0‚
1403 3311 1438 3360 et

158 3409 234 3486 che,
260 3428 360 3470 come
385 3428 450 3489 per
474 3411 581 3470 molte
607 3410 697 3471 altre
722 3407 790 3488 vie,
815 3411 887 3470 cosi
913 3409 1047 3469 anchor
1070 3427 1136 3488 per
1168 3417 1293 3487 questa
1324 3405 1435 3467 venis·
1534 3481 1539 3485 ,

157 3535 246 3578 seno
263 3536 284 3577 a
300 3514 426 3578 notitia
452 3515 487 3576 di
511 3517 546 3577 la
570 3512 622 3577 St*
648 3515 706 3578 V2.
738 3515 838 3577 Hora
863 3535 928 3577 con
953 3513 1126 3577 occission
1151 3513 1188 3573 di
1204 3512 1297 3574 circa
1321 3522 1436 3574 cento-

158 3621 254 3685 milia
282 3621 405 3684 rustici
440 3621 474 3684 in
504 3620 635 3685 diversi
665 3621 798 3700 luochi‚
834 3623 868 3683 le
897 3619 1061 3683 seditioni
1090 3638 1156 3700 per
1183 3629 1308 3700 questa
1338 3618 1436 3678 volta

158 3750 266 3813 spero
289 3731 450 3792 haranno
475 3731 609 3791 havuto
632 3727 702 3790 fine
727 3738 763 3790 et
785 3727 872 3790 forsi
896 3728 931 3790 in
956 3727 1045 3790 tanti
1070 3727 1151 3787 mali
1176 3745 1217 3787 ce
1240 3723 1320 3787 sari
1344 3733 1436 3786 stato

157 3857 226 3919 pur
250 3848 377 3919 questo
403 3835 438 3898 di
462 3839 582 3899 buono
607 3838 673 3898 che
698 3837 795 3898 molti
820 3856 858 3897 se
887 3851 1220 3915 recognosceranno
1252 3832 1311 3893 dal
1339 3851 1438 3894 error

158 3965 356 4008 commesso
381 3945 417 4006 In
441 3944 521 4024 Die,
546 3943 580 4006 in
605 3946 640 4006 la
664 3941 715 4005 St*
731 3943 775 4006 V.
801 3951 836 4003 et
860 3951 950 4003 tutta
974 3941 1009 4002 Ia
1033 3940 1128 4001 Sede
1145 3937 1366 4020 Apostolica.
1398 3937 1437 3998 Io

158 4071 230 4114 non
255 4071 357 4114 cesso
381 4049 427 4112 nd
451 4052 496 4113 ho
521 4051 590 4112 mai
614 4059 753 4112 cessato
776 4049 992 4131 persuadere
1017 4049 1082 4109 che
1106 4043 1180 4108 cosi
1204 4045 1256 4106 sia
1280 4055 1315 4106 et
1339 4064 1438 4106 come

158 4161 177 4224 ἐ
203 4159 273 4221 mio
298 4157 421 4220 debito
446 4157 694 4220 commendare
717 4155 742 4217 il
767 4175 872 4218 nome
896 4156 941 4216 de
957 4156 992 4217 la
1008 4152 1061 4216 8²⁸
1078 4152 1122 4214 V.
1137 4173 1159 4214 a
1176 4151 1289 4234 questi
1305 4151 1437 4233 popoli‚

158 4277 193 4330 et
218 4265 307 4329 forsi
330 4286 401 4328 non
425 4264 532 4347 pochi
557 4284 601 4326 ne
625 4265 671 4326 ho
696 4263 831 4326 rimessi
855 4262 889 4323 in
914 4263 949 4323 la
972 4259 1030 4322 via
1054 4259 1174 4322 dIritta
1198 4279 1263 4321 con
1288 4259 1324 4320 lo
1340 4257 1436 4319 aiuto

157 4375 204 4436 de
228 4372 309 4436 Dio.

248 4478 294 4543 Di
320 4499 438 4542 nuovo
463 4479 481 4540 ὲ
504 4487 637 4541 venuto
662 4479 708 4539 da
732 4499 787 4540 me
816 4474 993 4540 Giovanni
1018 4474 1166 4555 Venger
1196 4471 1367 4535 cittadino
1397 4470 1433 4533 di

156 4587 368 4651 Navistadio
393 4597 488 4649 terra
514 4587 570 4648 nel
595 4585 737 4648 domino
762 4595 902 4664 nostre,
935 4585 1041 4645 homo
1072 4580 1107 4643 in
1138 4580 1246 4642 molte
1276 4581 1365 4642 altre
1388 4577 1436 4640 fa-

156 4695 253 4758 culti
279 4705 314 4758 et
337 4695 372 4756 in
386 4693 571 4775 theologia
596 4691 804 4771 dottissim0,
822 4701 868 4770 et,
883 4699 1016 4772 quanto
1032 4698 1156 4770 questa
1172 4696 1293 4749 nostra
1316 4684 1437 4766 lingua

154 4811 253 4884 pate,
278 4801 531 4863 facundissimo
557 4811 592 4863 et
608 4812 693 4881 apto
717 4821 739 4862 a
755 4798 987 4880 persuadere;
1012 4795 1035 4857 il
1053 4795 1157 4875 quale
1172 4813 1193 4854 a
1207 4790 1437 4874 requisitione

156 4919 194 4974 et
219 4907 361 4991 prieghi
386 4909 422 4969 di
446 4907 545 4970 molti
568 4905 747 4989 impauriti
776 4905 823 4966 da
851 4912 974 4989 queste
1007 4898 1225 4963 tribulationi
1256 4909 1291 4960 et
1314 4917 1380 4982 per
1402 4899 1436 4960 lo
