3425 5700
753 994 828 1061 254.

492 1120 648 1202 loannes
675 1119 786 1201 Fabri
813 1119 986 1200 Clementi
1012 1118 1093 1199 VII.

582 1274 683 1350 (Epiri.
701 1274 821 1349 rrunp.
839 1276 890 1334 m
910 1275 982 1348 208.)

671 1410 705 1469 (9.
727 1407 799 1469 Sept.
822 1412 909 1467 1525.)

236 1582 360 1645 Multis
384 1584 493 1645 credo
519 1582 728 1645 testimoniis
753 1591 917 1646 constare
942 1592 1110 1664 quantum
1134 1603 1201 1665 pro
1224 1583 1318 1646 virili
1349 1604 1428 1646 mea

147 1698 273 1752 contra
297 1689 603 1753 Lutheranismum
628 1701 667 1751 ut
689 1689 750 1752 ille
775 1711 794 1751 e
818 1674 957 1771 piorum
980 1690 1156 1753 mentibus
1177 1691 1428 1753 adversaretur

145 1797 334 1878 adhucque
359 1797 473 1859 illaesi
498 1800 543 1859 ab
569 1816 611 1860 eo
635 1807 971 1879 praeservarentur,
1005 1816 1113 1878 porro
1145 1796 1215 1859 iam
1247 1797 1308 1860 illo
1333 1799 1426 1860 labe-

147 1903 272 1966 factati
297 1904 576 1983 restituerentur,
607 1904 863 1976 laboraverim
889 1904 924 1966 id
949 1906 1043 1986 quod
1069 1902 1174 1966 etiam
1197 1924 1267 1967 non
1292 1913 1363 1967 tam
1391 1904 1427 1967 in

144 2010 362 2074 serenissimi
386 2010 559 2095 principis
583 2011 650 2075 mei
675 2010 890 2075 Archiducis
914 2011 1082 2076 Austriae
1106 2012 1203 2093 aula,
1239 2031 1361 2073 verum
1391 2020 1428 2073 et

144 2118 360 2200 ubicumque
384 2120 542 2182 locorum
567 2118 631 2181 sim
646 2118 749 2181 facio.
797 2116 870 2181 Sed
885 2128 982 2181 certe
999 2118 1108 2200 serpit
1123 2120 1192 2181 hoc
1215 2118 1265 2181 ita
1287 2120 1427 2199 malum,

145 2236 186 2289 ut
211 2226 245 2288 in
270 2227 379 2289 horas
403 2226 516 2307 magis
540 2225 724 2307 magisque
757 2245 920 2288 crescere
948 2224 1129 2306 videatur,
1160 2224 1300 2289 tametsi
1332 2234 1427 2288 totus

145 2334 216 2395 iam
241 2333 338 2396 orbis
371 2334 456 2415 quid
489 2334 617 2396 veneni
649 2334 684 2395 in
717 2354 754 2395 se
786 2334 918 2395 habeat
947 2353 1017 2395 non
1049 2333 1154 2394 modo
1186 2352 1256 2396 non
1288 2331 1428 2395 noverit

145 2440 212 2503 sed
236 2450 273 2503 et
296 2443 391 2503 bona
416 2461 499 2522 pars
522 2440 627 2503 huius
651 2460 715 2503 suo
733 2460 811 2503 cum
829 2438 988 2522 periculo
1008 2438 1168 2504 senserit.
1216 2438 1311 2520 Quot
1334 2438 1427 2501 enim

147 2568 195 2611 ex
221 2567 265 2609 eo
290 2549 383 2609 malo
408 2547 538 2609 caedes
561 2547 812 2628 provenerint,
848 2556 933 2628 quot
963 2546 1093 2609 viduae
1118 2556 1274 2628 quotque
1302 2543 1428 2628 pupilli

144 2654 229 2719 hinc
255 2653 386 2716 redditi
411 2653 491 2732 sint,
515 2654 614 2717 novit
638 2655 708 2716 heu
732 2653 935 2733 Germania,
959 2652 994 2716 in
1012 2674 1082 2735 qua
1104 2657 1152 2717 ob
1176 2653 1212 2716 id
1236 2654 1305 2717 iam
1319 2654 1428 2735 longe

145 2763 241 2824 ultra
265 2770 418 2823 centena
443 2760 538 2823 milia
562 2760 740 2823 hominum
765 2764 965 2823 occubuere
999 2770 1035 2823 et
1058 2761 1174 2824 adhuc
1204 2760 1241 2823 in
1272 2760 1348 2823 dies
1372 2780 1427 2823 oc·

145 2871 328 2933 cumbunt.
374 2869 455 2932 Non
479 2867 652 2950 potuisset
675 2871 743 2932 hoc
768 2889 838 2931 uno
855 2869 967 2931 maius
984 2878 1020 2932 et
1034 2868 1261 2949 pernitiosius
1285 2869 1428 2950 aliquod

144 2976 280 3040 tamin
305 2975 498 3038 animarum
523 2997 626 3057 quam
651 2975 746 3039 vitae
769 2976 949 3039 hominum
972 2976 1142 3039 iacturam
1166 2975 1296 3039 enasci.
1343 2975 1427 3038 Cae-

145 3095 262 3147 terum
288 3103 359 3145 non
382 3083 526 3165 ignorat
549 3081 584 3146 S,
610 3083 654 3146 V.
680 3093 718 3145 ut
742 3103 811 3145 non
837 3083 961 3144 dubito
985 3082 1145 3146 comitias
1164 3082 1365 3165 imperiales
1381 3080 1426 3143 ad

146 3193 244 3254 diem
269 3187 304 3252 8¹
332 3189 478 3253 Martini
508 3190 672 3272 proxime
701 3190 856 3253 futurum
888 3191 1076 3270 Augustae
1100 3188 1307 3252 Vindelicae
1338 3191 1428 3252 cele·

144 3298 306 3360 brandas
331 3317 409 3360 esse
433 3296 601 3376 indictas,
636 3296 671 3359 in
704 3297 830 3378 quibus
854 3298 979 3379 procul
1004 3296 1113 3358 dubio
1136 3295 1204 3358 nisi
1227 3305 1428 3378 opportune

147 3405 337 3481 renitatur,
351 3404 460 3466 multa
467 3423 535 3484 pro
543 3404 690 3466 Lutheri
698 3403 875 3467 sententia
886 3405 1145 3476 tractabuntur;
1158 3403 1353 3464 consultum
1368 3401 1428 3464 ita·

145 3531 218 3594 que
250 3510 333 3573 mihi
365 3511 506 3573 omnino
539 3510 719 3573 videretur
751 3519 790 3572 ut
813 3508 849 3574 S.
876 3508 920 3573 V.
944 3509 1084 3573 interim
1109 3507 1324 3573 Germaniae
1347 3507 1427 3592 Epi-

146 3638 280 3700 scopos
303 3620 507 3680 hortaretur
531 3636 600 3697 quo
627 3617 769 3680 selectis
794 3637 840 3679 511
865 3635 928 3679 suo
953 3617 1049 3679 clero
1085 3616 1291 3679 doctoribus
1322 3613 1428 3678 iidem

145 3723 383 3789 convenirent
407 3733 442 3786 et
467 3725 511 3786 de
536 3723 683 3786 Lutheri
708 3723 926 3803 aliorumque
952 3722 1194 3802 consimilium,
1218 3722 1429 3804 praesertim

146 3829 375 3910 Carlostadii,
400 3829 541 3913 scriptis
573 3829 687 3912 magis
720 3829 894 3911 suspectis
924 3829 1150 3893 confutandis
1178 3829 1427 3893 deliberarent.

146 3938 260 4002 Dedit
283 3948 320 4000 et
343 3937 425 4000 mihi
450 3937 693 4000 serenissimus
716 3936 884 4019 princeps
916 3956 1014 3998 meus
1046 3936 1091 3998 ad
1124 3935 1260 4019 aliquot
1291 3946 1430 4019 tempus

147 4066 208 4109 me
232 4047 278 4108 ab
303 4046 385 4107 aula
409 4042 631 4122 absentandi,
656 4053 693 4105 ut
717 4042 827 4106 sacris
850 4041 962 4106 literis
986 4043 1202 4106 commodius
1225 4044 1429 4107 incumbere
1449 4107 1454 4116 ,

146 4152 293 4235 possim,
318 4151 475 4232 copiam;
501 4151 595 4231 quod
620 4160 658 4212 ut
682 4150 814 4232 optime
840 4152 1034 4213 collocetur
1058 4153 1172 4213 nullas
1203 4151 1297 4215 vires
1328 4171 1429 4234 prae·

147 4257 361 4332 termittam;
385 4257 529 4321 fuerunt
552 4255 715 4338 profecto
740 4268 775 4318 et
799 4266 890 4338 sunt,
909 4267 948 4318 ut
962 4258 1149 4320 veritatem
1165 4258 1277 4321 libere
1294 4259 1429 4339 loquar,

147 4365 367 4430 Germaniae
391 4362 562 4446 Episcopi
586 4363 671 4426 satis
694 4363 729 4424 in
754 4364 820 4426 hac
845 4384 884 4427 re
909 4362 1144 4445 negligentes,
1168 4364 1290 4426 forsan
1315 4363 1427 4445 gravi-

145 4483 224 4536 tate
247 4471 299 4536 rei
324 4471 496 4554 exterriti,
521 4479 559 4532 ut
582 4470 735 4532 animum
760 4469 966 4550 abiecerint,
980 4469 1221 4533 undefactum
1237 4480 1275 4532 ut
1291 4490 1429 4532 omnem

144 4579 225 4642 fere
249 4599 349 4640 suam
373 4577 651 4640 iurisdictionem
676 4576 857 4640 amiserint
881 4587 916 4640 et
939 4577 1008 4639 iam
1032 4576 1233 4658 proximum
1265 4579 1361 4658 quod
1394 4587 1430 4640 et

146 4706 273 4750 eorum
296 4684 453 4767 dignitas
478 4693 586 4765 atque
610 4681 764 4746 officium
790 4682 823 4745 in
850 4675 994 4746 nihilum
1019 4684 1213 4764 redigatur.
1259 4683 1359 4746 Haec
1384 4686 1429 4747 ad

146 4791 186 4856 S.
213 4790 258 4853 V.
282 4791 506 4873 perscribere
529 4791 627 4854 volui
651 4799 689 4852 ut
712 4790 931 4873 intelligeret
964 4813 1019 4853 me
1052 4789 1176 4853 salutis
1209 4811 1293 4854 suae
1318 4800 1354 4853 et
1378 4811 1429 4854 sa·

145 4908 360 4963 crosanctae
389 4897 607 4980 apostolicae
639 4896 744 4960 Sedis
773 4917 844 4960 non
876 4897 990 4959 minus
1020 4905 1213 4960 amatorem
1248 4897 1428 4961 studiosis-
