3425 5700
813 580 1060 653 ⁰⁴3380ffl

297 720 366 785 mia
390 723 487 787 debil
518 724 640 806 lingua
671 737 707 789 et
737 728 887 790 stancha
915 748 1034 809 penna
1065 726 1310 809 magnificarle
1343 735 1380 789 et
1410 726 1575 789 inalzarle
1691 793 1692 802 χ

298 849 369 892 non
393 851 482 911 pure
505 852 570 914 per
594 835 679 897 dare
704 844 829 915 questo
854 834 990 916 premio
1015 836 1081 897 che
1111 835 1129 897 ὲ
1154 855 1200 897 un
1225 833 1322 897 fumo
1347 854 1368 895 a
1391 854 1462 896 una
1485 832 1576 896 virtir

297 944 397 999 tanto
422 938 559 1019 divina,
583 960 640 1003 ma
663 961 728 1022 per
751 942 910 1005 excitare
934 942 1039 1004 altrui
1063 953 1100 1005 et
1124 962 1225 1004 come
1248 943 1284 1004 la
1307 941 1388 1003 dice
1412 960 1477 1021 per
1500 960 1574 1021 pro·

298 1064 404 1125 porte
427 1066 498 1109 uno
523 1048 686 1130 exemplo
711 1058 747 1111 et
770 1070 841 1111 una
862 1051 990 1130 regula
1013 1070 1034 1111 a
1057 1048 1140 1111 tutti
1164 1048 1189 1111 li
1213 1046 1293 1110 altri
1326 1046 1479 1129 principi
1509 1046 1575 1128 sig-

299 1152 376 1214 nori
401 1161 437 1215 et
459 1155 589 1235 prelati
613 1154 647 1217 in
673 1157 738 1219 che
775 1156 881 1218 modo
918 1157 1084 1218 debbano
1119 1155 1275 1218 formare
1308 1155 1342 1217 le
1378 1154 1509 1217 actioni
1543 1164 1577 1216 et

297 1258 453 1339 pensieri
477 1260 553 1323 suoi
580 1270 673 1325 sotto
698 1283 744 1325 un
769 1266 819 1325 tal
844 1262 1011 1345 Principe
1035 1274 1072 1325 et
1095 1261 1264 1343 pontifice
1290 1262 1379 1342 loro,
1403 1271 1440 1323 et
1468 1272 1576 1323 certa·

299 1377 416 1429 mente
439 1366 474 1429 io
499 1369 607 1430 credo
637 1370 702 1431 che
735 1368 851 1453 questi
883 1371 979 1433 modi
1015 1389 1174 1451 operano
1207 1389 1291 1432 cose
1323 1370 1389 1431 che
1418 1370 1576 1431 daranno

300 1492 366 1535 con
383 1471 570 1537 incredibil
584 1475 833 1541 satisfaccione
849 1475 989 1539 infinita
1011 1475 1221 1558 maraviglia
1244 1477 1316 1540 alla
1331 1476 1386 1538 eta
1412 1485 1447 1538 et
1471 1474 1577 1556 tempi

297 1579 410 1642 nostri
433 1580 492 1663 gia
516 1592 616 1645 tanto
641 1584 788 1646 corrotti
821 1592 857 1646 et
886 1585 933 1647 da
963 1582 1049 1667 ogni
1073 1585 1166 1646 bene
1195 1582 1331 1645 luntani
1359 1602 1425 1663 per
1452 1582 1477 1645 li
1500 1602 1575 1663 pas-

298 1685 366 1749 sati
390 1686 501 1749 errori
525 1698 561 1751 et
585 1688 756 1752 disordini
782 1738 863 1755 ....

388 1811 529 1875 Vinnae
552 1812 609 1875 IX
634 1812 712 1877 Oct.
738 1814 957 1881 MDXXIV.

900 2236 973 2303 172.

578 2350 655 2431 nes.
683 2350 855 2433 Erasmus
883 2354 934 2435 lo.
963 2353 1075 2434 lieth.
1104 2349 1289 2449 (liberto).

690 2498 781 2571 (totu
799 2502 829 2559 er
847 2500 927 2559 allor-
946 2501 1028 2575 epist
1046 2500 1092 2559 ru
1111 2499 1181 2572 283.)

792 2624 845 2683 (13.
865 2621 975 2673 Octobr.
997 2627 1084 2684 1524.)

388 2760 619 2826 Ornatissime
636 2763 700 2826 vir.
746 2762 847 2825 Missi
872 2762 1008 2844 pridem
1032 2761 1191 2824 libellum
1214 2760 1260 2822 de
1281 2759 1396 2823 libero
1411 2757 1575 2830 arbitrio;

300 2891 391 2933 nunc
416 2870 602 2934 excuditur
626 2873 671 2934 de
694 2871 903 2935 invocandis
927 2869 1069 2950 sanctie,
1094 2869 1243 2951 aliisque
1266 2867 1454 2932 nonnullis.
1497 2867 1575 2946 Jam

298 2976 436 3058 pridem
453 2978 743 3042 debaccabantur
766 2979 801 3041 in
817 2999 874 3042 me
889 2977 1032 3041 furiosis
1047 2976 1177 3041 libellis
1192 2997 1234 3038 ac
1251 2974 1397 3038 famosis
1419 2973 1578 3055 picturis.

298 3083 400 3148 Nunc
424 3083 536 3147 maior
560 3084 666 3148 etiam
689 3085 850 3150 fremitus
877 3085 1064 3149 comitatus
1080 3093 1149 3158 est;
1174 3104 1278 3147 nemo
1294 3083 1458 3146 crederet
1472 3101 1579 3163 quam

299 3191 370 3252 late
394 3192 522 3254 malum
547 3194 717 3276 serpserit
741 3204 777 3257 et
799 3195 835 3256 in
860 3193 936 3257 dies
960 3202 1090 3275 serpat.
1137 3191 1213 3254 Nec
1232 3191 1395 3254 meolam
1410 3197 1466 3252 est
1489 3208 1579 3270 quos

300 3297 433 3360 amicos
452 3299 679 3380 perdiderim,
705 3321 793 3383 quos
809 3303 932 3364 hostes
948 3299 984 3362 in
1001 3320 1056 3362 me
1073 3297 1312 3382 provocarim
1336 3315 1444 3379 porro
1459 3316 1580 3359 rerum

299 3405 469 3467 tumultus
493 3405 553 3486 qui
577 3407 719 3469 videtur
744 3406 983 3470 atrocissimus
1015 3405 1198 3469 imminere
1225 3423 1392 3487 quorsum
1423 3401 1469 3466 sit
1496 3422 1579 3466 eva-

299 3516 401 3573 surus
427 3512 555 3578 nescio.
603 3512 683 3595 Ego
706 3522 824 3576 tamen
849 3514 967 3575 omnia
990 3510 1130 3594 perpeti
1154 3511 1247 3574 malo
1271 3529 1376 3592 quam
1408 3509 1466 3572 isti
1498 3529 1579 3572 con·

299 3617 464 3682 iurationi
492 3620 674 3686 accedere.
721 3619 800 3683 Non
827 3620 950 3682 dubito
969 3619 1063 3708 'quin
1093 3617 1129 3682 S.
1161 3617 1205 3682 D.
1237 3615 1280 3680 N.
1311 3615 1357 3679 sit
1390 3635 1471 3679 eum
1505 3615 1581 3678 ani·

299 3746 393 3790 mum
417 3727 653 3808 praestiturus
677 3747 781 3811 quem
802 3727 886 3790 mihi
909 3727 1097 3809 pollicetur
1121 3724 1157 3787 in
1180 3744 1245 3787 suo
1270 3722 1482 3805 diplomate;
1507 3741 1582 3803 ego

298 3832 454 3897 vicissim
478 3834 528 3898 sic
552 3837 714 3897 tractabo
745 3836 811 3898 hoc
844 3833 1025 3915 negotium
1057 3841 1095 3894 ut
1130 3850 1252 3893 omnes
1286 3829 1488 3912 intelligant
1522 3849 1583 3894 me

299 3960 371 4003 non
395 3939 552 4004 defuisse
581 3962 647 4023 pro
671 3961 750 4004 mea
774 3940 866 4004 virrli
890 3939 1072 4002 Ecclesiae
1097 3936 1311 4002 Catholicae.
1358 3935 1518 4000 Libellus
1533 3939 1584 4002 de

298 4048 411 4112 libero
429 4047 575 4112 arbitrio
592 4048 661 4112 iam
675 4050 804 4111 multos
819 4047 997 4129 pertraxit
1020 4046 1056 4108 in
1080 4044 1257 4108 diversam
1281 4043 1495 4107 sententiam
1516 4045 1586 4126 qui

299 4156 487 4219 lutherano
524 4155 682 4236 dogmati
717 4154 857 4218 fuerant
886 4153 1126 4217 addictissimi.
1186 4149 1355 4215 Studebis
1385 4149 1421 4215 S.
1457 4151 1502 4214 D.
1537 4151 1586 4218 N.

299 4262 460 4326 savorem
483 4263 519 4325 in
543 4283 608 4326 nos
632 4263 701 4324 tuis
725 4261 1091 4326 commendationibus
1115 4277 1266 4340 augere,
1301 4257 1361 4340 qui
1384 4257 1414 4321 si
1437 4277 1494 4320 me
1519 4259 1586 4322 de·

301 4369 424 4434 stituat
446 4373 553 4454 plane
581 4369 826 4451 memetipsum
863 4367 979 4431 obieci
1009 4365 1160 4430 rabiosis
1190 4364 1456 4427 dilacerandum
1487 4366 1589 4430 cani·

300 4480 383 4550 bus;
415 4477 478 4540 sed
503 4477 633 4557 aderit,
664 4486 702 4540 ut
726 4495 851 4557 spero,
884 4473 1061 4552 Christus,
1094 4471 1192 4535 cuius
1216 4470 1357 4552 gloriae·
1377 4469 1519 4533 confido
1547 4471 1590 4538 S.

301 4585 346 4647 D.
370 4583 412 4647 N.
437 4603 588 4668 syncero
613 4592 760 4665 pectore
786 4583 1009 4646 serviturum.
1061 4579 1216 4642 Primum
1245 4579 1414 4661 optabam
1437 4585 1477 4639 ut
1511 4579 1593 4645 hoc

302 4691 503 4772 dissidium,
527 4689 760 4773 periculosius
785 4709 889 4770 quam
912 4687 1011 4751 multi
1032 4685 1256 4768 intelligunt,
1281 4683 1474 4747 moderatis
1497 4688 1593 4751 rati-

336 4928 360 4990 ¹)
377 4927 452 4974 llaec
472 4923 586 4988 epistola
603 4923 672 4973 inter
690 4935 771 4988 opera
790 4920 894 4971 Erasini
911 4935 966 4970 non
984 4925 1102 4986 apparet.
