3425 5700
830 548 1077 603 ()-<3162[>-ο

314 699 384 757 ben
408 695 544 757 faremo
569 706 604 758 et
628 696 693 757 che
717 716 788 757 non
814 696 978 758 debiamo
1004 716 1105 758 curar
1131 696 1196 755 che
1220 695 1253 755 le
1278 714 1361 754 core
1385 692 1582 753 andaranno

315 805 418 882 bene,
444 812 479 863 et
503 802 647 865 tandem
669 802 779 864 fanno
803 803 889 883 ogni
914 812 988 864 atto
1008 802 1048 863 in
1072 810 1197 883 questa
1221 820 1328 878 causa
1351 799 1387 860 di
1403 798 1532 861 Luther
1552 797 1585 859 al

315 908 492 971 contrario
521 908 556 970 di
591 912 710 989 quello
744 910 810 972 che
833 910 921 987 Dio,
958 911 992 971 la
1016 929 1139 987 tason,
1175 908 1210 970 la
1233 908 1359 988 legge,
1393 906 1413 966 l’
1432 905 1585 983 honesto,

314 1016 336 1078 l’
353 1016 437 1077 utile
462 1036 533 1078 non
557 1019 670 1079 solum
694 1016 895 1079 universale
919 1038 976 1080 ma
1004 1036 1113 1079 ancor
1136 1014 1283 1097 proprio
1308 1016 1383 1076 loro
1409 1011 1585 1081 rechiede;

315 1123 358 1185 ne
391 1132 551 1185 trovamo
577 1124 668 1185 altro
693 1125 738 1186 de
761 1127 831 1186 ben
855 1124 890 1185 in
916 1124 985 1186 essi
1009 1144 1047 1187 se
1073 1144 1142 1185 non
1168 1124 1234 1183 che
1258 1120 1287 1183 si
1305 1123 1445 1182 lassano
1470 1119 1521 1181 dir
1543 1118 1587 1180 da

315 1230 374 1291 noi
397 1239 488 1292 tutto
513 1232 631 1313 quello
655 1233 720 1294 che
744 1230 804 1294 noi
827 1232 968 1293 volemo
994 1244 1029 1293 et
1053 1229 1286 1311 increpationi
1316 1228 1416 1309 quasi
1448 1225 1586 1289 conviti-

316 1356 389 1415 ose,
414 1346 449 1398 et
472 1336 604 1417 perche
628 1357 667 1398 se
691 1357 853 1399 movemo
877 1357 944 1419 per
967 1339 1000 1398 la
1025 1336 1172 1417 ragione
1189 1335 1275 1398 nihil
1290 1344 1440 1417 gravate
1464 1333 1587 1395 ferunt.

317 1443 384 1505 Un’
409 1445 501 1505 altra
531 1464 639 1506 ancor
663 1442 868 1505 scintilletta
900 1445 945 1505 de
969 1442 1117 1506 honesta
1142 1444 1160 1505 d
1185 1442 1218 1505 in
1245 1441 1314 1504 essi
1343 1443 1408 1503 che
1437 1438 1540 1521 dopoi
1564 1438 1588 1501 il

314 1550 423 1630 fatto,
459 1552 602 1631 quando
634 1550 657 1612 li
682 1551 890 1615 recordamo
927 1550 947 1611 l’
963 1550 1235 1613 inconveniente
1271 1549 1410 1630 seguito
1435 1568 1499 1629 per
1522 1567 1589 1609 non

315 1660 425 1722 haver
449 1659 538 1721 fatto
564 1660 719 1721 secondo
746 1659 779 1719 la
803 1657 971 1720 richiesta
995 1669 1130 1736 nostra,
1160 1655 1241 1719 tutti
1266 1677 1287 1719 a
1310 1656 1423 1737 primo
1448 1656 1494 1716 ad
1518 1651 1588 1715 ulti·

316 1786 408 1827 mum
443 1775 637 1845 strengono
667 1768 699 1827 le
731 1766 844 1845 spalle
874 1775 909 1826 et
943 1763 1155 1827 confessario
1180 1764 1334 1846 ingenue
1366 1763 1432 1825 che
1457 1762 1591 1825 dicemo

316 1872 339 1934 il
364 1894 461 1951 vero,
486 1894 542 1935 ma
566 1874 632 1935 che
656 1873 715 1934 del
740 1884 885 1953 passato
910 1892 979 1933 non
1006 1892 1044 1934 se
1059 1872 1106 1933 ha
1123 1871 1181 1953 piu
1199 1892 1220 1933 a
1236 1890 1376 1952 pensar‚
1402 1880 1437 1932 et
1452 1870 1587 1932 deman·

315 1981 407 2042 deno
432 1981 478 2042 da
503 1980 559 2042 nni
586 1980 744 2041 conselio
769 1988 806 2040 et
828 1998 934 2059 parer
959 1986 1080 2040 nostro
1106 1979 1165 2039 del
1188 1978 1317 2056 futuro,
1343 1988 1378 2039 et
1402 1976 1461 2038 noi
1486 1996 1590 2038 ancor

315 2088 380 2149 che
414 2087 467 2148 sia
501 2087 593 2149 assai
626 2085 770 2147 difficile
806 2104 974 2166 correger
1012 2084 1034 2146 li
1064 2086 1174 2146 errori
1200 2084 1417 2166 dependenti
1442 2082 1489 2146 da
1512 2083 1591 2145 mali

314 2193 489 2275 principii,
514 2205 611 2256 tucta
635 2194 732 2256 volta
756 2214 801 2255 ne
825 2192 999 2255 sforzamo
1025 2201 1144 2256 trovar
1170 2203 1204 2254 et
1228 2211 1410 2273 proponet
1440 2191 1461 2253 l'
1487 2210 1589 2271 expe·

315 2301 435 2362 diente
460 2302 505 2363 de
530 2302 648 2381 quello
674 2302 739 2361 che
763 2308 878 2379 resta,
917 2314 952 2361 et
975 2299 1095 2379 partiti
1121 2319 1199 2362 cum
1237 2303 1331 2361 bona
1367 2296 1592 2361 conclusione

314 2428 454 2488 sempre
488 2408 597 2469 fanno
633 2408 678 2468 de
703 2407 876 2469 diametro
912 2408 944 2468 al
979 2406 1172 2486 contrario,
1209 2408 1274 2468 che
1300 2408 1318 2468 ὸ
1343 2426 1426 2468 cosa
1451 2404 1592 2486 persar

313 2514 482 2596 impaccir
506 2516 529 2575 li
554 2515 649 2592 saxi,
676 2534 746 2576 non
771 2516 836 2575 che
861 2514 885 2575 li
908 2512 1051 2575 homini.
1099 2512 1178 2575 Non
1203 2512 1249 2576 mi
1274 2513 1429 2575 extendo
1454 2534 1475 2575 a
1500 2512 1593 2574 mille

315 2620 469 2701 exempli
495 2622 559 2683 che
585 2619 669 2701 ogni
695 2619 729 2682 di
754 2629 790 2682 et
813 2640 879 2701 pur
905 2620 1016 2701 hoggi
1041 2620 1072 2682 ci
1102 2640 1189 2682 sono
1214 2620 1392 2700 accaduti,
1417 2619 1547 2700 perche
1574 2620 1591 2681 ὁ

313 2728 474 2789 taedioso
511 2736 547 2790 et
582 2727 703 2790 inutile
740 2748 760 2788 a
784 2737 968 2805 racontar,
1005 2747 1075 2788 non
1112 2727 1141 2789 si
1165 2728 1323 2807 potendo
1348 2725 1436 2789 costi
1473 2736 1592 2789 trovar

314 2834 472 2898 timedio.
520 2834 616 2897 Talis
641 2844 694 2897 est
718 2855 834 2897 rerum
861 2844 983 2913 status,
1008 2833 1088 2897 talis
1112 2855 1345 2915 personarum
1370 2833 1543 2914 conditio,
1570 2832 1594 2897 li

314 2943 411 3024 quali
446 2942 562 3004 vorrei
598 2945 666 3004 ben
704 2943 770 3004 che
807 2942 945 3004 iussero
979 2953 1102 3004 contra
1138 2942 1198 3005 noi
1221 2943 1280 3024 pin
1306 2943 1423 3023 asperi
1448 2963 1504 3004 ma
1527 2943 1594 3004 che

314 3059 522 3112 trattassero
547 3052 616 3111 ben
640 3050 674 3110 la
699 3069 783 3110 cosa
807 3050 850 3110 de
864 3049 944 3129 Dio,
970 3051 1028 3111 del
1052 3069 1115 3112 suo
1141 3049 1284 3112 Vicario
1309 3059 1344 3112 et
1367 3051 1412 3112 de
1436 3051 1469 3112 la
1496 3048 1593 3114 Chie-

313 3157 366 3218 sia
401 3166 436 3218 et
468 3176 532 3218 sua
561 3156 726 3238 propria:
762 3157 855 3217 vedo
881 3158 970 3217 bene
996 3158 1061 3219 che
1086 3157 1119 3218 in
1153 3157 1237 3237 ogni
1263 3177 1346 3218 cosa
1371 3159 1447 3220 loro
1483 3157 1594 3220 fanno

314 3267 422 3343 cossl,
447 3283 504 3324 ma
527 3263 581 3324 de’
606 3262 682 3324 suoi
705 3261 784 3324 fatti
809 3263 964 3326 viderint
987 3263 1065 3344 ipsi,
1090 3265 1150 3326 ubi
1174 3264 1292 3344 agitur
1316 3269 1360 3328 de
1384 3265 1592 3346 particulari

314 3381 431 3433 tamen
456 3389 519 3431 suo
544 3371 748 3443 commodo;
785 3370 819 3431 in
838 3391 945 3432 causa
961 3391 1046 3433 vero
1065 3373 1250 3434 lutherana
1274 3372 1303 3434 si
1328 3373 1425 3453 agita
1449 3375 1484 3435 la
1508 3394 1594 3436 cosa

314 3477 512 3539 universale
538 3475 740 3556 christiana,
766 3480 797 3539 el
820 3498 969 3539 comune
994 3480 1086 3539 bene
1112 3487 1147 3540 et
1170 3479 1203 3540 la
1221 3481 1334 3542 salute
1351 3481 1408 3541 del
1426 3479 1594 3542 Christia-

313 3583 462 3662 nesimo,
486 3585 582 3664 quod
606 3604 684 3646 cum
708 3583 861 3645 maxime
887 3583 1061 3665 videatur,
1086 3585 1207 3647 videre
1233 3595 1349 3649 tamen
1377 3587 1509 3650 nolunt.
1550 3588 1596 3649 Et

313 3693 425 3773 perhd
449 3710 505 3752 me
530 3690 652 3752 dubito
677 3692 743 3752 che
768 3691 789 3751 ’l
815 3693 945 3752 mundo
970 3699 1049 3752 ruat
1074 3691 1108 3753 in
1134 3693 1257 3773 cham,
1282 3704 1419 3756 attenta
1442 3695 1475 3756 la
1499 3715 1594 3757 com-

312 3797 482 3860 mutation
509 3800 553 3859 de
577 3806 669 3859 tutta
693 3807 818 3877 questa
844 3796 1035 3860 Germania
1060 3800 1125 3860 che
1156 3798 1176 3859 'l
1209 3820 1278 3862 non
1311 3800 1352 3862 sii
1385 3821 1406 3862 o
1430 3801 1595 3881 praelato

312 3927 332 3967 0
358 3905 519 3986 principe
545 3907 610 3966 che
636 3925 703 3966 non
729 3903 771 3965 sii
796 3905 892 3965 odel
916 3915 1005 3966 tutto
1026 3917 1150 3967 contra
1171 3905 1239 3984 nui,
1264 3927 1285 3968 o
1309 3926 1347 3968 se
1358 3927 1425 3987 pur
1438 3913 1594 3972 essendo

310 4033 375 4094 per
400 4011 467 4091 nui,
492 4011 561 4073 imo
578 4031 643 4094 per
666 4032 704 4073 se
719 4010 833 4090 stessi,
848 4022 967 4074 tamen
992 4011 1083 4073 ausit
1109 4013 1279 4094 detegere
1304 4035 1399 4086 sese;
1424 4014 1513 4077 adeo
1532 4037 1593 4080 ve·

310 4129 474 4180 ternosus
497 4128 621 4198 stupor
646 4138 768 4179 omnes
795 4116 925 4180 invasit
950 4120 1014 4180 che
1040 4141 1078 4180 se
1105 4122 1244 4182 lassano
1270 4121 1458 4184 minacciar
1483 4131 1518 4184 et
1547 4125 1594 4187 de

311 4225 410 4287 brevi
434 4227 552 4287 batter
577 4225 623 4285 da
647 4244 692 4285 un
717 4225 877 4287 Hutteno
903 4237 937 4287 et
961 4247 1030 4288 non
1066 4227 1094 4288 si
1118 4246 1278 4289 moven0.
1327 4230 1432 4290 bolus
1457 4229 1595 4296 Caesar

310 4333 424 4393 adhuc
449 4339 598 4408 constat,
623 4333 654 4392 el
680 4333 784 4412 quale
809 4333 827 4393 l·
853 4333 898 4393 de
923 4335 1016 4394 bona
1040 4342 1164 4394 natura
1181 4346 1216 4395 et
1231 4333 1409 4416 religiosa,
1433 4356 1498 4417 pur
1522 4341 1594 4403 chri

310 4438 366 4501 chi
390 4440 437 4500 ha
460 4441 494 4500 la
518 4458 603 4500 cura
628 4439 672 4498 de
696 4440 731 4499 la
755 4439 973 4502 conscientia
997 4441 1031 4502 lo
1055 4443 1272 4522 mantenghl.
1319 4443 1426 4505 Tutto
1450 4443 1473 4506 il
1492 4456 1595 4510 resto

310 4544 365 4607 de'
398 4546 474 4606 suoi
510 4546 567 4606 chi
597 4565 661 4626 per
692 4564 760 4605 una
794 4566 901 4608 causa
930 4545 985 4608 chi
1010 4567 1073 4627 per
1098 4547 1154 4608 un'
1180 4549 1273 4610 ultra
1295 4548 1330 4610 in
1355 4559 1480 4631 questa
1503 4571 1595 4617 cosa

310 4651 345 4713 di
370 4651 502 4714 Luther
527 4672 597 4714 non
621 4651 731 4713 fanno
755 4653 827 4714 ben
852 4654 885 4715 el
909 4653 1046 4734 debito,
1072 4654 1151 4718 hinc
1177 4665 1231 4716 est
1255 4657 1320 4717 che
1347 4655 1367 4718 'l
1391 4657 1463 4718 bon
1487 4661 1595 4726 volet

309 4757 345 4819 di
358 4756 511 4821 Caesare
537 4779 606 4820 non
632 4759 837 4838 dexeguito
862 4761 1003 4840 perche,
1027 4780 1092 4840 per
1112 4781 1229 4824 essere
1245 4761 1293 4824 lui
1308 4761 1472 4844 giovene‚
1496 4769 1595 4846 parli

310 4865 545 4930 conveniente
570 4866 764 4950 reportarsi
789 4868 822 4930 al
848 4867 1004 4930 conselio
1029 4868 1074 4929 de
1096 4867 1153 4931 chi
1179 4869 1200 4931 l'
1225 4869 1271 4932 ha
1295 4867 1341 4931 sm
1376 4871 1432 4951 qui
1459 4876 1592 4956 guber·
