3425 5700
777 1391 806 1454 1.

360 1529 522 1595 l'rirlmioo
548 1531 626 1596 lluoi
650 1531 819 1599 saxoniae.
844 1534 881 1600 S'.
908 1535 948 1600 le.
972 1535 1061 1618 lmp¹.
1087 1537 1220 1603 electori

320 1659 331 1764 i
593 1673 711 1757 Leo
745 1673 862 1757 1²1².
896 1675 1003 1776 ΖΒ)

513 1829 615 1902 (Aeta
634 1829 914 1889 Wormaoiensia
931 1831 988 1890 lot
1008 1833 1063 1900 et)

674 1975 709 2043 (8.
729 1975 795 2040 Julii
818 1975 905 2044 1520.)

235 2245 374 2307 Dilecta
405 2243 455 2305 fili
486 2245 636 2305 salutem
668 2253 703 2305 et
733 2245 966 2324 apostolicam
999 2246 1295 2309 benedictionem.
1347 2248 1427 2312 Cre-

141 2355 231 2427 dere
264 2355 425 2414 volumus
456 2350 678 2413 nobilitatem
710 2361 805 2414 tuam
839 2371 915 2431 noa
946 2363 982 2413 et
1005 2371 1071 2432 pro
1096 2363 1222 2417 natura
1246 2365 1368 2417 nostra
1393 2367 1429 2418 et

138 2481 209 2542 pro
235 2459 413 2521 Pastorali
438 2459 532 2539 quod
558 2457 712 2538 gerimus
738 2457 867 2538 officim
892 2459 939 2519 ad
963 2460 1145 2521 lenitatem
1171 2469 1206 2523 et
1229 2472 1427 2524 mansuetu·

137 2569 263 2630 dinem
278 2585 487 2647 propensos,
515 2567 662 2627 moleste
685 2565 876 2626 admodum
899 2564 994 2628 ferre
1021 2586 1100 2628 cum
1116 2569 1173 2630 vel
1189 2589 1279 2630 unus
1299 2569 1427 2650 aliquis

138 2697 186 2739 ex
212 2693 328 2756 grege
353 2692 475 2734 eorum
500 2671 559 2752 qui
584 2691 686 2734 sacro
712 2671 846 2752 perfusi
871 2673 1085 2752 baptismate
1108 2673 1171 2736 filii
1194 2684 1277 2737 sunt
1301 2687 1336 2737 et
1360 2676 1428 2737 Dei

136 2793 174 2845 et
209 2779 339 2859 nostri,
373 2779 506 2860 aliquid
528 2778 733 2840 committet
766 2779 801 2840 in
833 2781 950 2861 legem
981 2790 1139 2842 sanctam
1165 2789 1200 2842 et
1223 2780 1427 2863 scripturas²

136 2911 211 2973 quo
245 2888 323 2971 ejici
355 2908 400 2949 ex
433 2886 586 2949 ecclesia
616 2896 807 2959 mereatur;
842 2888 901 2948 vel
932 2907 1011 2948 cum
1042 2886 1102 2948 illo
1130 2888 1175 2950 ad
1203 2888 1349 2951 sceleris
1373 2889 1426 2951 sui

136 2997 335 3074 vesaniam,
371 3004 407 3056 et
432 2993 684 3083 contumatiam
720 3003 756 3055 et
788 2993 1064 3057 obstinationem
1096 2995 1251 3056 addente
1283 2996 1328 3057 ad
1361 3016 1426 3057 nos

133 3101 344 3167 necessario
370 3100 529 3162 defertur
553 3101 726 3163 severitas
751 3100 971 3163 vindicandi:
1005 3101 1094 3163 Nam
1120 3110 1156 3163 et
1172 3100 1350 3164 interitum
1367 3105 1425 3164 vcl

132 3211 308 3274 minimae
333 3209 409 3270 ovis
433 3229 480 3270 ex
504 3228 616 3289 grege
642 3218 762 3269 nostro
788 3228 866 3269 cum
892 3208 1015 3270 dolore
1039 3208 1201 3288 ferimuS,
1228 3217 1263 3269 et
1286 3228 1426 3289 poenae

132 3317 404 3381 animadversio
436 3314 696 3376 mansuetudini
729 3325 871 3376 nostrae
902 3316 1133 3378 vehementer
1158 3323 1211 3375 est
1235 3315 1423 3379 contraria.

132 3425 267 3505 Itaque
291 3423 434 3484 Testem
459 3422 574 3482 Deum
607 3421 886 3502 omnipotentem
915 3431 950 3483 et
973 3429 1069 3484 tuam
1093 3421 1315 3484 nobilitatem
1340 3422 1422 3484 faci-

132 3553 212 3595 mus
230 3550 299 3592 nos
312 3530 383 3610 jam
405 3530 450 3590 ab
468 3527 567 3589 initio
586 3549 663 3590 cum
681 3528 825 3590 Martini
843 3528 1000 3608 Lutheri,
1026 3548 1129 3610 quem
1144 3528 1256 3589 filium
1273 3529 1423 3610 amplius

131 3650 300 3702 nostrum
326 3656 455 3698 vocare
480 3656 551 3697 non
568 3656 764 3716 possumuS‚
789 3636 939 3717 primum
956 3622 1197 3698 malivolentia
1214 3645 1249 3697 et
1264 3635 1424 3698 inaudito

130 3748 294 3827 quodam
318 3742 352 3803 in
377 3745 469 3804 hanc
495 3740 762 3804 Sanctissimam
783 3741 915 3804 Sedem
939 3750 1122 3823 totumque
1146 3763 1275 3804 nomen
1292 3742 1422 3805 Roma-

129 3875 217 3915 num
255 3850 339 3912 odio
370 3857 660 3930 prorumpentem
684 3848 936 3924 temeritatem,
969 3848 1099 3910 deinde
1130 3869 1241 3929 usque
1271 3850 1316 3911 ad
1339 3849 1423 3911 fidei

130 3961 365 4024 orthodoxae
382 3956 614 4019 fundamenta
631 3957 877 4037 convellenda,
903 3959 1027 4036 bon03,
1052 3966 1088 4017 et
1103 3976 1219 4018 mores
1236 3956 1423 4018 et'animos

129 4066 438 4145 corrumpendos,
479 4084 688 4144 omnemque
729 4063 889 4125 ordinem
930 4062 1150 4125 Christianae
1183 4063 1422 4145 Reipublicae

128 4172 415 4257 pervertendum
440 4179 648 4251 provectam
672 4170 844 4232 insaniam
869 4171 1071 4232 videremus
1096 4169 1226 4232 diutius
1246 4192 1325 4232 esse
1345 4192 1421 4251 pas·

128 4303 204 4362 sos,
241 4298 349 4360 quam
373 4278 521 4340 forsitan
546 4278 735 4359 pastoralis
760 4277 874 4340 Curae
899 4276 1084 4357 vigilantia
1108 4280 1327 4358 postulabat:
1359 4279 1422 4339 sed

128 4406 260 4469 caspe
279 4405 358 4447 esse
374 4404 509 4465 passos,
527 4385 622 4465 quod
639 4384 736 4465 illum
752 4385 796 4445 ad
815 4384 1068 4465 poenitentiam
1085 4384 1255 4465 converti,
1273 4395 1308 4446 et
1325 4395 1420 4448 tuam

127 4494 361 4558 nobilitatem
394 4512 464 4554 non
496 4491 629 4554 offendi
664 4491 872 4573 optavimus.
926 4489 986 4553 Sic
1020 4492 1113 4554 enim
1145 4492 1318 4554 communi
1352 4513 1421 4556 om-

127 4605 229 4666 nium
265 4620 427 4663 sermone
458 4600 750 4681 praedicabatur,
785 4600 849 4661 tibi
873 4599 971 4662 illum
995 4601 1140 4662 charum
1164 4608 1421 4680 acceptumque

128 4732 223 4790 esse,
257 4719 390 4787 tuoque
413 4707 511 4770 illum
535 4706 733 4788 patrocinio
758 4707 873 4787 magis
898 4705 1066 4769 confisum
1090 4728 1196 4788 quam
1220 4710 1421 4787 oportebat,

150 4906 173 4973 Ι)
201 4906 348 4954 Diversarn
375 4904 482 4951 omnino
505 4903 643 4967 epistolam
670 4904 808 4951 ediderunt
833 4904 1004 4967 impressores
1028 4918 1136 4967 operum
1159 4902 1285 4962 Lutheri,
1311 4903 1344 4951 de
1369 4919 1422 4967 qua

201 4985 324 5035 diximus
343 4985 370 5032 in
392 4984 562 5047 praefatione.

153 5094 242 5143 Balsa,
259 5091 403 5129 Documenta
413 5088 551 5129 bulherum.
1243 5070 1259 5125 l
