3425 5700
802 559 1048 617 04312οΜ

899 742 943 807 45

676 858 848 940 Carolus
877 859 916 939 ll.
944 794 1171 957 iamenu.

736 999 820 1069 (Auta
837 998 972 1057 wormac.
990 996 1036 1056 tol.
1053 996 1118 1069 110.)

792 1107 845 1177 (11.
866 1110 955 1158 Martii
980 1112 1063 1171 1521.)

374 1234 606 1299 Honorabilis
630 1236 760 1297 devote
785 1234 932 1297 dilecte:
964 1233 1138 1315 Quoniam
1156 1233 1230 1296 Nos
1255 1243 1290 1297 et
1314 1233 1406 1297 sacri
1431 1233 1569 1315 imperii

286 1352 399 1405 status
423 1342 480 1405 hic
505 1342 717 1423 congregati
733 1341 959 1420 intendimus,
984 1350 1020 1403 et
1036 1341 1272 1403 conclusimus
1286 1340 1425 1404 ratione
1440 1340 1566 1403 doctri-

285 1470 426 1529 narum,
460 1458 497 1511 et
529 1449 697 1513 librorum
729 1447 788 1530 qui
819 1468 886 1530 per
918 1447 1064 1529 aliquod
1098 1462 1237 1529 tempus
1261 1468 1282 1510 a
1306 1459 1341 1511 te
1366 1448 1451 1511 editi
1477 1456 1568 1527 sunt,

285 1565 390 1618 exte
415 1556 662 1619 certitudinem
687 1556 870 1639 accipere:
905 1556 990 1619 Ideo
1014 1555 1089 1619 Nos
1114 1556 1177 1618 tibi
1201 1558 1269 1621 huc
1294 1556 1510 1619 adveniendi
1535 1564 1570 1618 et

285 1665 331 1724 ab
351 1662 433 1725 hinc
449 1664 577 1726 iterum
590 1663 783 1726 recedendi
798 1664 845 1725 ad
861 1672 956 1727 tuam
973 1683 1134 1726 securam
1151 1663 1385 1743 securitatem,
1409 1670 1570 1725 nostrum

284 1781 321 1833 et
346 1769 438 1831 sacri
462 1769 600 1851 imperii
623 1769 790 1849 liberum,
822 1780 858 1833 et
882 1770 1089 1851 expeditum
1113 1772 1248 1833 salvum
1273 1771 1488 1831 conductum
1514 1770 1568 1831 de·

285 1876 416 1956 dimus,
449 1897 553 1957 quem
586 1876 688 1939 iuxta
710 1887 897 1958 presentes
921 1877 967 1938 ad
992 1887 1027 1939 te
1051 1875 1235 1939 mittimus:
1277 1874 1462 1958 Cupiendo
1488 1897 1572 1957 qua-

283 1995 386 2046 tenus
411 1992 447 2045 te
471 1983 640 2045 maturius
664 1984 781 2046 leves:
810 1982 861 2045 ita
886 1984 981 2063 quod
1006 1982 1041 2045 in
1065 1982 1192 2064 viginti
1217 1993 1253 2045 et
1276 2003 1346 2045 uno
1371 1982 1512 2063 diebus,
1538 1983 1573 2045 in

283 2089 484 2153 huiusmodi
513 2100 636 2153 nostro
670 2092 770 2153 salvo
803 2091 982 2153 conductu
1016 2089 1222 2169 nominatis,
1256 2098 1354 2152 certo
1385 2088 1442 2153 hic
1473 2092 1573 2172 apud

285 2217 349 2259 nos
381 2196 533 2269 existas3
567 2205 603 2258 et
635 2217 679 2259 ne
710 2199 841 2258 absens
874 2216 1037 2274 maneas,
1072 2203 1108 2257 et
1141 2195 1204 2257 tibi
1239 2197 1283 2258 de
1315 2194 1488 2259 violentia
1512 2200 1574 2261 vel

285 2302 412 2366 iniuria
435 2304 532 2366 nullo
557 2305 663 2365 modo
682 2302 825 2365 timeas:
851 2302 943 2383 Quia
958 2322 1023 2365 nos
1039 2320 1126 2382 erga
1140 2311 1175 2363 te
1192 2300 1390 2382 praefatum
1407 2315 1574 2368 nostrum

285 2412 421 2473 salvum
445 2411 657 2473 conductum
681 2408 828 2473 firmiter
851 2410 1015 2474 obtinere
1040 2412 1216 2489 volumus,
1240 2430 1348 2493 super
1368 2411 1574 2475 huiusmodi

284 2517 390 2581 etiam
421 2517 577 2580 adventu
610 2527 670 2580 tuo
702 2538 767 2579 nos
796 2518 939 2581 omnino
971 2518 1176 2579 fundamus:
1211 2516 1256 2579 Et
1289 2527 1327 2579 tu
1350 2518 1439 2581 facis
1464 2520 1502 2582 in
1529 2542 1574 2583 eo

285 2634 442 2687 nostram
474 2624 644 2687 seriosam
674 2625 911 2688 voluntatem:
946 2626 1077 2687 Datum
1107 2624 1144 2686 in
1169 2624 1321 2687 Civitate
1354 2636 1477 2689 nostra
1512 2628 1574 2691 im-

284 2732 411 2813 periali
434 2730 636 2793 Wormatia
666 2731 734 2793 Die
759 2730 816 2793 XI
845 2731 976 2793 mensis
1009 2730 1129 2793 Martii
1158 2730 1331 2793 MDXXI
1355 2732 1575 2813 Regnorum

284 2828 483 2903 nostrorum
508 2838 665 2903 Romani
689 2841 847 2902 secundo
873 2849 1094 2902 coeterorum
1121 2830 1178 2900 X⁰
1201 2836 1332 2902 Sexto:

373 2946 585 3009 Honorabili
617 2949 749 3010 devoto
782 2947 885 3009 nobis
909 2946 1039 3010 dilecto
1065 2945 1202 3008 doctori
1227 2946 1383 3009 Martino
1409 2947 1575 3013 leuthero

284 3054 418 3116 ordinis
442 3052 565 3116 Sancti
590 3053 794 3136 Augustini.

897 3473 950 3540 46.

583 3597 717 3679 Salvus
745 3599 941 3679 conductus
969 3600 1076 3679 datus
1103 3599 1267 3680 luthero.

726 3737 811 3807 (Arta
828 3735 964 3796 Wormao.
983 3735 1028 3796 lul.
1046 3737 1118 3808 loa.)

372 3867 520 3929 Carolus
536 3877 602 3930 etc.
625 3865 944 3949 Recognoscimus,
963 3886 1041 3928 cum
1059 3865 1132 3928 Nos
1149 3887 1195 3929 ex
1208 3866 1435 3930 moventibus
1448 3869 1578 3932 causis

283 3973 474 4036 Martinum
499 3973 692 4036 lutherum
717 3974 851 4037 ordinis
876 3974 989 4036 sancti
1014 3973 1217 4055 Augustini,
1242 3976 1309 4036 huc
1331 3973 1578 4038 Wormatiam

283 4082 328 4143 ad
354 4102 419 4143 nos
442 4081 699 4160 vocaverimus
724 4081 820 4162 quod
845 4081 877 4142 ei
901 4081 994 4142 illius
1018 4079 1217 4160 occasione,
1243 4089 1401 4142 nostrum
1424 4091 1459 4142 et
1475 4083 1578 4144 sacri

283 4187 422 4269 imperii
445 4186 606 4268 liberum,
631 4188 848 4269 expeditum,
874 4189 1009 4249 salvum
1034 4189 1256 4266 conductum,
1282 4196 1317 4249 et
1341 4187 1578 4252 securitatem

282 4294 455 4356 adversus
479 4313 720 4375 quoscumque
745 4294 994 4372 concessimus,
1019 4302 1055 4356 et
1078 4293 1295 4356 addiximus:
1333 4304 1368 4356 et
1391 4295 1459 4356 hoc
1484 4293 1578 4358 faci-

282 4421 360 4463 mus
384 4421 430 4462 ex
455 4400 633 4464 Caesarea
656 4411 852 4482 potestate,
888 4421 933 4463 ex
960 4409 1058 4463 certa
1082 4399 1246 4480 scientia,
1279 4410 1315 4463 et
1339 4411 1463 4463 tenore
1489 4423 1578 4484 pre-

283 4507 443 4570 sentium.
491 4508 545 4570 Ita
569 4526 674 4588 quum
699 4507 777 4590 ipse
800 4506 894 4569 infra
919 4506 1071 4588 spatium
1088 4505 1186 4568 XXI
1209 4507 1356 4588 dierum,
1380 4517 1465 4589 post
1488 4529 1579 4590 pre-

283 4613 517 4677 sentationem
534 4616 657 4677 harum
674 4624 874 4677 nostrarum
890 4615 1096 4694 litterarum,
1111 4615 1180 4676 huc
1194 4613 1429 4676 Wormatiam
1444 4616 1580 4680 venire

318 4807 336 4874 ¹)
356 4813 418 4858 Hoc
443 4811 629 4858 documentum
655 4827 707 4858 non
733 4825 824 4875 parnm
850 4811 877 4858 in
902 4810 1015 4860 lectione
1040 4809 1128 4860 differt
1152 4825 1167 4858 a
1193 4825 1245 4874 quo
1266 4811 1333 4859 inter
1356 4825 1437 4874 opera
1457 4811 1580 4864 Lutheri

355 4899 417 4952 Vol.
436 4902 472 4948 11.
492 4907 569 4951 extat.
