3425 5700
820 492 1066 597 &naga-¹0

304 692 460 772 nomine,
486 702 522 755 et
545 689 696 773 imperio
721 708 759 751 es
784 707 979 767 successor,
1003 687 1053 757 ita
1068 695 1104 751 te
1120 706 1238 755 rerunt
1262 696 1444 769 gestarum
1468 687 1584 770 gloria

304 801 481 865 aemulum
507 808 543 862 et
566 816 766 881 speramus,
792 805 828 858 et
851 804 1027 878 optamus.
1073 795 1111 861 Is'
1138 794 1288 859 Carolus
1318 794 1480 876 quamvis
1503 815 1583 859 con·

304 908 410 971 tinuis
435 920 559 971 contra
582 906 754 969 immanes
778 900 992 982 Saracenos,
1016 912 1052 965 et
1069 910 1154 968 tunc
1175 902 1393 982 idololatras,
1419 900 1583 967 Saxones

303 1015 405 1077 bellis
438 1014 635 1097 districtae,
668 1013 775 1093 inque
800 1011 1001 1075 adserenda
1025 1030 1046 1073 e
1068 1009 1316 1092 Tyrannorum
1340 1008 1504 1074 manibus
1529 1028 1583 1073 ec·

303 1114 502 1185 clesiastica
541 1122 706 1184 libertate
741 1118 930 1200 plurimum
970 1124 1184 1200 occupatus,
1219 1114 1422 1181 felicianam
1464 1124 1582 1181 tamen

302 1228 478 1293 haeresim
503 1228 575 1291 suis
599 1226 828 1309 temporibus,
854 1234 961 1305 atque
984 1222 1021 1286 in
1037 1222 1229 1288 Germania
1253 1235 1366 1286 ortam
1390 1244 1461 1289 non
1485 1225 1583 1306 prius

301 1335 468 1418 persequi
492 1335 637 1414 destitit,
662 1354 766 1416 quam
791 1331 898 1397 misso
914 1330 1033 1395 Felice
1057 1330 1308 1397 haeresiarcha
1332 1351 1411 1398 cum
1434 1331 1582 1413 pernici·

302 1442 375 1506 osis
399 1442 475 1506 eius
498 1442 597 1506 libris
622 1441 666 1504 ad
691 1441 893 1505 Romanurn
918 1437 1137 1517 Pontificem,
1161 1437 1363 1503 universam
1386 1439 1479 1503 hanc
1502 1442 1582 1502 hae·

301 1550 408 1615 resim
423 1549 633 1613 exstinctam
650 1547 749 1611 vidit.
786 1545 860 1611 Sed
875 1546 959 1629 quid
977 1549 1086 1628 longe
1102 1545 1167 1610 tibi
1187 1545 1382 1627 repetimus
1406 1550 1583 1628 exempla,

301 1655 360 1738 qui
385 1654 598 1735 domestica,
624 1664 731 1735 atque
754 1656 845 1717 adeo
876 1662 1051 1735 cognata,
1079 1660 1115 1715 et
1138 1650 1296 1719 recentia
1319 1654 1475 1718 habeas?
1522 1654 1582 1717 Al·

301 1766 424 1827 bertus
448 1762 594 1842 Caesar,
626 1760 791 1843 idemque
816 1762 898 1823 Dux
924 1759 1108 1839 Austriae,
1139 1778 1229 1823 unus
1253 1780 1274 1823 e
1297 1758 1491 1825 maioribus
1514 1759 1583 1825 tuis

301 1870 504 1934 Boemicam
533 1867 708 1932 haeresim
744 1868 794 1931 ita
829 1866 985 1945 attrivit,
1020 1876 1060 1929 ut
1094 1865 1124 1928 si
1158 1864 1291 1930 diutius
1325 1866 1583 1946 supervixisset

304 1975 464 2058 (biennio
498 1975 590 2039 enirn
626 1982 762 2037 tantum
797 1974 999 2057 imperavit)
1034 1994 1080 2039 ne
1115 1972 1304 2054 vestigium
1333 1973 1475 2054 quidem
1509 1973 1584 2035 eius

300 2082 459 2147 haeresis
492 2082 598 2145 fuerit
633 2080 917 2163 superfuturum
964 2080 1014 2145 At
1044 2079 1231 2161 Philippus
1255 2078 1473 2160 Burgundus
1502 2101 1570 2162 pro

300 2211 388 2255 avus
411 2199 511 2269 tuus,
543 2197 579 2253 et
610 2187 684 2251 eius
708 2187 866 2266 Joannes
897 2196 1000 2269 pater
1023 2206 1094 2249 non
1119 2206 1165 2249 ne
1187 2186 1407 2267 perturbatis
1429 2187 1583 2269 Eugenii

301 2295 496 2376 pontificis,
521 2294 554 2358 ei
576 2295 679 2358 huius
704 2292 859 2358 Sanctae
883 2292 989 2356 Sedis
1010 2295 1119 2359 rebus
1143 2292 1191 2356 ita
1215 2293 1416 2375 adfuerunt,
1441 2304 1479 2359 ut
1503 2295 1582 2359 Flo·

299 2401 428 2467 rentini
453 2400 601 2465 Concilii
626 2402 719 2465 Acta
742 2400 889 2481 Joannis
908 2420 1035 2465 nomen
1060 2409 1236 2482 perpetuo
1251 2403 1395 2467 celebre
1417 2402 1583 2479 reddant,

300 2520 335 2573 et
357 2510 579 2591 praeclarum
604 2508 690 2573 illud
722 2508 878 2589 elogium
910 2507 1068 2589 Philippi
1101 2509 1267 2590 sepulcro
1301 2507 1514 2589 insculptum
1547 2509 1582 2573 in

301 2637 440 2681 omnem
465 2617 710 2699 posteritatem
735 2614 974 2679 testimonium
997 2615 1187 2697 perhibeat
1216 2614 1327 2678 fuisse
1357 2615 1468 2697 ipsius
1499 2636 1584 2679 con-

299 2722 392 2803 silio,
418 2734 454 2787 et
477 2743 545 2804 ope
572 2720 771 2804 Eugenium
795 2722 1022 2802 Pontificem,
1047 2732 1082 2785 et
1106 2721 1174 2785 Dei
1198 2720 1395 2787 Ecclesiam
1419 2724 1465 2785 ab
1489 2733 1583 2787 atro·

299 2827 439 2893 cissimo
455 2820 644 2894 schismate
659 2828 867 2894 liberatam?
884 2827 959 2892 Sed
973 2830 1089 2895 adhuc
1105 2829 1306 2894 recentiora
1320 2829 1416 2894 lacta
1430 2830 1585 2894 materni

298 2937 354 3000 avi
383 2937 432 2999 tui
456 2937 691 3019 Ferdinandi,
716 2947 822 3017 atque
847 2936 951 3000 aviae
975 2936 1186 3002 Helisabeth
1215 2935 1479 3002 Catholicorum
1507 2938 1586 3002 Re·

297 3064 381 3126 gum
406 3045 516 3108 oculis
540 3044 610 3107 tuis
634 3053 769 3107 tantum
795 3063 868 3106 non
892 3043 1077 3106 obversari
1102 3044 1253 3122 debent,
1284 3044 1345 3125 qui
1376 3043 1412 3106 in
1442 3065 1585 3127 expug-

296 3150 423 3214 nandis
447 3172 470 3214 a
497 3151 638 3216 iudaica
673 3149 823 3233 perfidia
852 3150 926 3214 suis
956 3151 1114 3232 Regnis,
1145 3162 1181 3215 et
1213 3151 1451 3234 propaganda
1483 3153 1585 3233 apud

296 3267 423 3340 gentes
462 3279 554 3324 nunc
589 3259 739 3341 primum
775 3268 938 3340 repertas
971 3258 1162 3322 christiana
1196 3258 1286 3336 fide,
1323 3259 1448 3322 merita
1483 3261 1584 3340 apud

296 3366 412 3428 Deum
443 3364 619 3447 proemia,
653 3375 690 3428 et
719 3365 824 3429 nullis
852 3365 1003 3428 saeculis
1033 3365 1253 3429 interituram
1288 3367 1384 3446 apud
1417 3365 1588 3432 homines

296 3472 456 3553 gloriam,
482 3472 719 3554 catholicique
743 3471 966 3554 cognominis
990 3470 1112 3536 titulos
1135 3483 1217 3536 sunt
1239 3473 1410 3538 adsecuti.

383 3579 519 3642 Horum
550 3587 588 3641 tu
612 3579 783 3643 maiorum
806 3587 947 3642 tuorum
971 3581 1137 3662 exempla
1168 3599 1239 3644 non
1265 3579 1435 3644 aemulari
1457 3582 1587 3662 modo,

297 3685 361 3748 sed
385 3695 422 3749 et
446 3705 616 3768 superare
640 3685 722 3748 ideo
738 3685 822 3749 eniti
840 3686 962 3766 debes,
988 3686 1082 3767 quod
1106 3687 1205 3750 Deus
1229 3687 1382 3767 optimus
1406 3687 1589 3752 maximus

294 3812 386 3874 quae
400 3793 594 3856 maioribus
616 3793 694 3874 tuis,
719 3793 860 3874 singula
875 3791 940 3855 tibi
954 3793 1144 3856 uniunersa
1157 3792 1266 3871 dedit,
1279 3792 1489 3875 Imperiales
1500 3794 1586 3858 titu-

294 3900 358 3982 los,
376 3908 429 3962 tot
445 3911 614 3981 tantaque
630 3899 773 3982 Regna,
790 3900 949 3981 Populos
964 3900 1056 3963 adeo
1073 3899 1274 3980 bellicosos,
1291 3908 1445 3963 aetatem
1470 3903 1588 3966 rebus

294 4006 463 4088 gerendis
487 4007 662 4086 idoneam,
687 4007 913 4087 prudentiam
937 4008 1045 4088 longe
1068 4025 1176 4087 supra
1200 4026 1330 4070 annos:
1355 4006 1485 4089 quibus
1507 4029 1588 4072 om·

294 4111 399 4174 nibus
423 4111 452 4175 si
477 4132 546 4194 non
571 4111 606 4174 in
632 4111 861 4176 defendenda
884 4112 953 4175 Dei
977 4111 1139 4176 Ecclesia
1169 4112 1297 4193 utaris,
1325 4113 1407 4178 vide
1435 4135 1483 4179 ne
1514 4116 1589 4180 tibi

294 4218 354 4281 ille
379 4229 478 4282 tanto
502 4219 648 4301 gravius
673 4229 943 4301 succenseatur,
968 4230 1138 4302 quantum
1162 4222 1400 4283 cunctahaec
1425 4219 1491 4284 tibi
1517 4243 1591 4287 sua

293 4326 369 4388 sola
392 4325 613 4408 benignitate
637 4335 691 4388 est
714 4326 922 4408 delargitus
1084 4357 1101 4411 χ

382 4433 509 4495 Excita
532 4431 650 4514 igitur,
676 4432 856 4496 carissime
880 4432 915 4495 in
940 4432 1080 4496 Christo
1103 4431 1164 4514 fili,
1188 4431 1385 4514 potentiam
1407 4442 1520 4515 tuam,
1549 4447 1589 4500 et

293 4538 497 4621 compositis
512 4539 692 4621 paulisper
715 4539 770 4601 his
786 4541 901 4620 bellis,
926 4559 1016 4621 quae
1040 4548 1076 4602 te
1100 4559 1208 4621 super
1223 4538 1368 4604 minimo
1383 4538 1590 4606 Christiani

293 4645 398 4710 Orbis
430 4647 562 4732 angulo
592 4645 801 4728 impeditum
837 4656 977 4726 tenent,
1011 4646 1146 4710 labanti
1170 4645 1362 4710 universali
1388 4646 1589 4713 Ecclesiae

291 4773 468 4816 succurre.
514 4752 639 4835 Neque
664 4773 789 4837 speres
813 4773 918 4835 posse
941 4764 978 4816 te
1002 4757 1140 4835 absque
1169 4752 1457 4820 manifestissimo
1482 4757 1591 4836 peri-

291 4861 377 4923 culo
395 4881 471 4924 earn
483 4908 491 4942 ,
522 4881 627 4943 quam
651 4870 839 4944 tantopere
864 4870 968 4945 optas
990 4861 1029 4925 in
1052 4861 1187 4926 Turcas
1211 4859 1479 4943 expeditionem
1505 4883 1589 4930 mo·
