3425 5700
698 572 945 630 ο-13361133

178 718 218 779 10
240 718 354 783 honor
370 740 433 783 suo
456 721 573 784 havea
589 722 755 784 mandato
772 741 838 803 per
854 720 1036 804 gratificat
1057 743 1078 783 a
1092 722 1126 786 13
1141 721 1283 784 Maesta
1297 720 1461 797 Cesarea,

179 834 221 885 et
243 844 306 889 sua
330 826 484 890 serenita
507 832 602 891 resto
627 839 741 893 morto
766 829 919 891 maxime
944 829 988 891 de
1012 829 1047 890 13
1072 830 1203 891 sorella
1229 837 1265 891 et
1289 849 1344 891 me
1368 828 1461 890 disse

178 932 309 995 alcune
333 935 510 1017 suspicion
535 937 652 999 havea
674 938 807 999 havuto
832 938 869 999 di
892 936 938 999 lei
963 937 1104 1017 quando
1127 936 1165 998 fu
1183 936 1220 999 in
1236 935 1462 1016 Norinbergo

181 1047 221 1100 et
250 1060 305 1101 me
338 1042 519 1122 rengratid
553 1043 613 1123 piu
644 1045 741 1106 volte
775 1047 857 1125 quel
887 1045 1039 1106 havesse
1070 1043 1167 1106 facto
1200 1042 1373 1105 intendet.
1420 1042 1462 1104 El

87 1230 94 1239 ι
181 1145 311 1227 giorno
336 1160 506 1230 sequente
530 1170 622 1213 vene
646 1172 668 1213 3
691 1171 775 1215 cesa
800 1150 967 1214 delRmo
984 1151 1122 1232 Legato
1146 1159 1182 1213 et
1206 1152 1251 1213 da
1275 1170 1314 1213 se
1337 1150 1361 1211 11
1385 1149 1463 1211 fece

179 1251 349 1318 intender
377 1258 441 1318 che
465 1259 571 1319 volee
601 1259 751 1320 deman
783 1278 846 1320 sua
871 1257 1029 1321 scriverli
1061 1277 1194 1319 senon
1218 1267 1361 1319 mutave
1384 1276 1462 1338 pro-

181 1360 301 1441 posito
335 1366 402 1426 che
425 1386 494 1427 non
521 1385 582 1428 era
614 1386 680 1448 per
704 1367 850 1428 haverla
881 1385 947 1446 per
970 1365 1119 1444 sorella,
1151 1364 1194 1427 ne
1218 1365 1322 1426 volea
1347 1364 1415 1425 mai
1440 1362 1463 1425 11

181 1467 326 1531 venisse
358 1471 517 1552 davanti,
551 1480 585 1535 et
609 1472 818 1535 similmente
842 1474 947 1535 volea
971 1470 1106 1534 scriver
1130 1493 1150 1534 a
1173 1474 1208 1534 la
1231 1470 1465 1533 Serenissima

183 1574 351 1639 Madama
367 1576 573 1661 Margareta
596 1580 661 1641 che
686 1579 710 1641 li
734 1578 874 1642 facesse
899 1598 1097 1661 cognoscer
1120 1581 1155 1641 lo
1179 1599 1279 1641 error
1295 1599 1368 1641 su0.
1407 1577 1465 1639 Ha

182 1680 281 1747 facto
305 1686 482 1764 prendere
507 1686 637 1748 diversi
661 1685 698 1747 in
723 1695 847 1767 questa
872 1695 982 1765 terra,
1006 1686 1123 1748 alcuni
1147 1706 1212 1767 per
1234 1686 1346 1747 haver
1368 1684 1464 1747 facto

181 1789 385 1868 profession
411 1793 455 1853 de
481 1812 578 1855 esser
602 1792 789 1871 lutherani,
814 1793 893 1856 altri
917 1813 982 1874 per
1004 1794 1116 1855 hever
1137 1794 1295 1855 venduto
1318 1790 1401 1855 libri
1420 1792 1465 1854 de

183 1895 341 1959 Luthero
374 1906 409 1960 et
432 1918 539 1979 spero
569 1898 624 1961 fra
656 1901 773 1981 pocho
798 1910 918 1981 tempo
949 1902 984 1963 la
1006 1900 1147 1963 haeresi
1170 1901 1357 1962 lutherana
1385 1898 1465 1961 sari

181 2000 343 2065 funditus
374 2005 553 2086 extirpata
581 2008 639 2069 nel
664 2006 877 2088 patrimonio
909 2027 973 2069 suo
1004 2006 1182 2069 mediante
1215 2009 1251 2069 la
1273 2006 1391 2089 gratia
1421 2008 1465 2068 de

182 2107 256 2171 Dio
281 2120 315 2171 et
339 2111 373 2173 la
397 2132 507 2192 opera
532 2125 567 2174 et
591 2113 780 2194 prudentia
805 2115 862 2176 del
887 2114 982 2176 Rmo
1006 2114 1155 2196 Legato

275 2233 437 2300 Viennae
462 2237 520 2301 die
544 2238 667 2300 ultima
690 2237 774 2315 Julii
797 2237 1016 2301 MDXXIV.

724 2434 931 2449 ΝΛΜΛΝννν-Ιινινννκ

408 2762 505 2845 Gard.
535 2765 746 2868 Campegius
774 2649 1046 2867 iriiiepiscopo
1074 2763 1250 2866 capuano.

576 2913 719 2984 otuntnt.
739 2914 865 2974 (teman.
884 2912 958 2972 tm.
977 2912 1022 2972 iol.
1042 2914 1078 2984 8.)

680 3031 733 3102 (12.
754 3036 871 3098 Augusti
893 3033 979 3101 1524.)

279 3172 384 3254 Dopo
416 3175 469 3236 ch'
486 3174 519 3237 io
543 3196 631 3238 sono
656 3176 692 3239 in
725 3186 851 3258 questa
876 3175 1076 3257 legatione,
1112 3175 1147 3240 10
1172 3196 1242 3237 non
1266 3178 1313 3238 ho
1337 3175 1469 3258 giamai

189 3289 376 3360 expettato
409 3300 476 3343 con
510 3291 609 3345 tanto
638 3283 817 3346 desiderio
849 3283 1005 3364 risposta
1038 3284 1084 3345 ad
1107 3283 1233 3345 alcune
1268 3285 1312 3345 de
1345 3285 1379 3344 le
1403 3281 1470 3344 mie

190 3387 318 3452 lettere
342 3398 475 3469 quanto
500 3390 589 3452 hora
613 3411 633 3453 a
658 3391 690 3453 le
715 3391 760 3452 de
779 3390 850 3452 VII
874 3391 910 3452 di
934 3389 1062 3471 Luglio
1087 3410 1153 3452 con
1177 3391 1210 3451 le
1235 3389 1330 3471 quali
1354 3388 1471 3451 scrissi

192 3494 238 3555 de
269 3495 303 3556 la
335 3497 562 3560 conclusione
594 3498 652 3560 del
686 3507 864 3560 convento
896 3497 931 3558 di
956 3497 1176 3578 Ratispona,
1206 3498 1241 3559 13
1272 3499 1376 3578 quale
1401 3516 1471 3560 non

192 3601 345 3664 essendo
369 3601 441 3666 fino
465 3624 487 3664 3
511 3615 636 3686 questa
659 3606 747 3667 hora
771 3603 929 3686 capitata
955 3602 992 3664 fa
1017 3603 1096 3665 chio
1121 3623 1192 3666 non
1215 3623 1323 3683 posso
1347 3622 1473 3684 passer

192 3727 298 3770 senza
322 3708 531 3791 displacere,
557 3720 592 3773 et
615 3711 669 3774 ch’
686 3711 722 3774 io
740 3732 810 3776 non
827 3711 875 3774 mi
890 3711 958 3774 stia
973 3719 1065 3772 tutto
1082 3730 1241 3791 suspeso,
1264 3708 1473 3789 parendomi

192 3835 260 3897 pur
284 3817 485 3881 necessario
511 3819 576 3880 che
601 3818 637 3880 di
661 3820 779 3899 quelle
803 3838 887 3880 cose
911 3819 934 3880 ll
959 3817 1124 3879 ordinate
1147 3817 1180 3878 io
1205 3835 1250 3878 ne
1274 3815 1415 3878 havessi
1439 3816 1475 3877 13

146 3973 148 3978 .
193 3933 311 3986 mente
345 3923 381 3986 di
404 3925 446 3989 N.
472 3924 506 3988 S.
542 3947 581 3989 se
605 3924 701 3988 forse
735 3925 790 3987 eid
815 3945 885 3987 non
911 3924 1008 3986 fusse
1041 3925 1107 3986 che
1131 3923 1166 3985 in
1191 3924 1342 4004 qualche
1371 3932 1473 4004 parte

194 4050 265 4092 non
295 4031 484 4094 havessino
509 4032 691 4096 satisfacto
724 4033 841 4113 quelle
873 4029 1020 4109 actioni,
1057 4030 1111 4093 ch'
1124 4030 1158 4092 io
1190 4050 1260 4092 non
1285 4029 1384 4092 vorei
1415 4029 1473 4110 gia

193 4155 258 4218 per
282 4135 368 4218 ogni
392 4157 481 4220 gran
507 4159 607 4210 cosa;
645 4150 680 4200 et
704 4141 847 4220 quando
871 4158 939 4220 pur
963 4137 1032 4215 sia,
1058 4157 1165 4219 spero
1189 4136 1391 4199 facilmente
1415 4138 1473 4197 ha·

193 4262 304 4306 verne
327 4244 432 4308 venia
465 4247 510 4308 da
535 4245 608 4308 Sua
632 4245 851 4308 beatitudine
861 4293 869 4326 ‚
905 4248 940 4308 la
963 4246 1046 4325 qual
1070 4265 1170 4306 come
1200 4241 1475 4324 prudentissima

192 4351 327 4416 havera
352 4353 575 4416 considerato
601 4375 622 4416 a
647 4355 712 4416 che
736 4362 867 4436 tempe,
893 4373 959 4415 con
984 4351 1040 4414 cui
1065 4361 1101 4414 et
1123 4351 1159 4412 in
1176 4353 1241 4413 che
1257 4349 1404 4413 materia
1428 4350 1474 4411 ho

193 4461 327 4522 havuto
352 4481 373 4522 3
397 4460 588 4542 negociare
618 4469 653 4523 et
678 4461 743 4522 che
767 4468 860 4521 tutto
884 4460 931 4521 da
954 4480 1009 4521 me
1034 4459 1052 4521 ὲ
1077 4466 1170 4521 stato
1195 4457 1284 4519 fatto
1309 4477 1375 4519 con
1400 4457 1473 4518 dili·

195 4565 318 4648 gentio
342 4575 378 4630 et
402 4587 467 4630 con
492 4565 608 4630 animo
633 4566 669 4628 di
692 4569 763 4629 ben
787 4565 881 4639 fare3
907 4576 942 4628 et
966 4585 1003 4627 se
1021 4565 1065 4627 V.
1090 4561 1141 4626 8¹·
1160 4564 1257 4627 fusse
1282 4573 1375 4627 stata
1398 4582 1474 4643 pre-

196 4682 298 4737 sente
331 4675 401 4736 alle
426 4673 591 4737 dimande
625 4675 690 4738 che
714 4675 761 4736 mi
795 4693 904 4736 erano
927 4673 1017 4736 fatte
1051 4681 1086 4735 et
1110 4672 1163 4735 ch’
1176 4672 1211 4735 io
1236 4670 1378 4734 dovessi
1409 4681 1474 4732 sta·

195 4779 288 4844 tuire
321 4789 356 4844 et
380 4801 447 4844 con
473 4781 594 4862 quanti
626 4790 662 4844 et
686 4781 817 4844 diversi
842 4801 949 4862 sopra
973 4780 1114 4843 diverse
1137 4778 1281 4842 materie
1312 4777 1359 4839 mi
1384 4777 1403 4838 e
1426 4776 1474 4838 bi·

197 4896 349 4971 sognato
381 4887 458 4952 fare
492 4909 573 4952 cose
608 4887 748 4952 diverse
782 4897 817 4952 et
849 4887 1130 4951 transformarmi
1162 4885 1199 4948 in
1230 4883 1329 4947 varie
1361 4882 1475 4965 figure
