3425 5700
635 606 882 666 ΦΜΒΒΕᾺ

134 757 237 820 danno
261 756 306 819 de
330 756 471 835 lanima,
496 764 532 818 et
555 755 642 819 forsi
656 777 766 820 ancor
789 759 835 818 de
860 755 883 820 li
908 755 991 818 beni
1008 758 1054 819 de
1069 753 1223 836 fortuna,
1247 762 1283 818 et
1297 756 1399 818 ruina

134 865 169 926 de
191 863 214 926 li
236 862 351 946 corpi,
386 884 424 926 se
457 864 507 925 tal
538 863 802 926 abominatione
833 865 879 926 de
902 863 1036 926 Luther
1060 863 1090 926 si
1113 864 1207 926 lassa
1231 885 1297 946 per
1320 864 1397 926 loro

134 969 300 1052 impunita.
348 967 481 1033 Omitto
506 971 663 1034 dedecus
679 971 817 1052 ingens,
842 971 908 1033 che
923 972 1043 1034 hanno
1061 971 1227 1034 mandato
1243 991 1264 1032 a
1280 971 1399 1034 Roma

135 1087 162 1140 et
182 1097 243 1159 per
266 1087 357 1140 tutto
381 1077 407 1140 il
430 1078 562 1140 mundo
586 1080 622 1141 13
646 1077 881 1141 deliberation
903 1079 949 1141 de
965 1077 1075 1141 Cesar
1099 1088 1136 1140 et
1158 1098 1229 1140 non
1254 1080 1289 1139 la
1305 1098 1398 1140 man--

135 1185 192 1246 dan
219 1184 263 1246 ad
288 1183 477 1247 execution
512 1185 604 1247 dove
628 1187 800 1266 besogna.
848 1184 901 1247 La
924 1204 1097 1266 speranza
1121 1195 1243 1248 nostra
1267 1187 1301 1265 ἐ,
1337 1184 1398 1266 poi

135 1291 203 1370 Dio,
225 1291 259 1354 in
283 1312 363 1354 esso
390 1291 499 1354 Cesar
523 1293 600 1354 solo
624 1293 657 1354 el
681 1293 764 1374 qual
790 1301 888 1355 certo
913 1312 1053 1373 sempre
1075 1291 1095 1353 ὲ
1120 1301 1213 1354 stato
1238 1300 1398 1354 constan·

136 1397 264 1478 tissime,
289 1409 325 1460 et
349 1419 483 1461 ancora
506 1398 539 1462 ci
563 1408 739 1482 promette
763 1399 914 1472 maiora;
940 1419 997 1461 ma
1019 1420 1075 1461 me
1100 1397 1240 1479 dubito,
1273 1403 1339 1461 che
1364 1398 1399 1460 in

135 1507 233 1586 questi
265 1527 336 1568 non
362 1505 491 1588 piccoli
515 1505 648 1569 fastidii
682 1507 748 1568 che
773 1509 848 1568 loro
880 1515 1054 1586 trattano,
1087 1506 1110 1568 il
1134 1504 1299 1568 Conselio
1323 1525 1398 1586 per-

135 1613 231 1674 suade
254 1614 362 1676 molte
387 1633 481 1694 cose,
506 1614 571 1675 che
596 1615 754 1688 sarebbe⁴
772 1613 879 1676 melio
903 1614 969 1675 che
988 1632 1069 1693 non,
1094 1612 1281 1694 presertim
1304 1612 1340 1674 in
1365 1614 1400 1674 la

136 1739 229 1781 causa
266 1719 480 1782 Lutherana.
536 1718 660 1800 Questi
698 1719 856 1801 Principi
892 1720 1012 1782 hanno
1049 1728 1221 1800 receputo
1259 1719 1400 1780 novelle

136 1827 227 1887 lettre
251 1826 307 1889 del
325 1827 384 1888 Re
407 1825 571 1888 irancese
596 1827 641 1888 de
666 1825 700 1887 dl
717 1825 785 1889 XI.
810 1827 855 1889 de
872 1837 1009 1908 questo,
1033 1825 1127 1888 dove
1141 1824 1191 1888 lui
1214 1846 1253 1887 se
1268 1845 1401 1888 excusa

137 1932 244 1994 esserli
269 1933 352 1995 dato
377 1952 485 1994 causa
509 1933 556 1995 da
579 1930 698 2011 Cesar,
722 1931 828 1995 immo
850 1952 948 1995 esser
962 1932 1023 2014 gia
1039 1943 1094 1994 sta
1109 1930 1271 1994 diffidato
1287 1931 1401 2014 perho

136 2037 194 2100 che
216 2040 233 2101 ἐ
256 2039 392 2102 forzato
416 2039 473 2102 far
496 2059 635 2121 guerra,
661 2059 761 2102 come
786 2037 955 2111 defensor
978 2049 1015 2102 et
1048 2060 1118 2102 non
1156 2038 1331 2118 offensor,
1365 2048 1400 2100 et

136 2165 197 2208 non
220 2145 277 2227 gia
300 2156 425 2208 contra
449 2145 469 2208 l'
486 2145 654 2228 Imperio,
691 2149 736 2208 de
765 2146 821 2208 chi
847 2166 949 2209 como
973 2146 1033 2208 Re
1058 2146 1092 2209 di
1116 2146 1253 2209 Franza
1277 2148 1295 2208 ὲ
1320 2166 1400 2208 con·

135 2250 298 2332 lederat0,
332 2263 368 2314 et
391 2272 493 2315 como
517 2253 619 2315 Duca
643 2253 687 2314 de
712 2252 823 2316 Milan
855 2253 1123 2333 evasa110,.et
1155 2255 1280 2316 alcune
1311 2253 1401 2316 altre

135 2377 190 2420 sue
212 2357 447 2422 iustificationi
471 2357 587 2445 (corno
612 2360 636 2423 li
661 2359 842 2422 Cesariani
867 2360 1007 2441 dieono)
1032 2379 1102 2422 non
1127 2360 1218 2422 iuste
1243 2359 1400 2422 01511111-

135 2464 247 2528 cienti:
278 2467 314 2529 in
346 2487 482 2530 summa
506 2465 565 2548 gia
590 2466 619 2529 si
643 2466 715 2528 tien
740 2476 835 2529 rotta
858 2467 892 2527 le
916 2487 1064 2548 guerra;
1098 2466 1121 2528 li
1147 2465 1328 2529 Cesariani
1354 2467 1400 2528 di·

135 2589 216 2635 cono
240 2576 338 2637 voler
362 2573 417 2636 far
440 2573 677 2655 grandissimo
702 2593 848 2637 numero
872 2575 917 2636 de
930 2572 1157 2636 Lantznechi.
1200 2573 1268 2636 Dio
1294 2582 1403 2636 mette

134 2697 214 2758 pace
248 2690 301 2742 tra
332 2681 357 2744 li
389 2680 588 2762 christiani,
623 2701 644 2743 0
668 2682 807 2743 almeno
832 2700 902 2742 non
927 2680 956 2743 si
980 2680 1102 2743 habbii
1126 2701 1147 2742 3
1171 2679 1345 2744 meschiar
1368 2684 1403 2744 13

133 2805 232 2848 causa
255 2788 298 2849 de
324 2788 467 2867 Luther,
492 2808 570 2850 cum
595 2788 628 2850 le
652 2807 758 2850 cause
782 2786 970 2869 temporali
995 2789 1040 2849 de
1064 2789 1141 2852 loro
1165 2789 1258 2850 stati.

214 2892 310 2959 Sono
343 2892 403 2977 qul
427 2917 449 2958 a
481 2915 585 2959 cerco
609 2894 697 2958 forsi
723 2914 786 2975 700
810 2895 937 2958 cavalli
962 2896 1007 2958 de
1031 2895 1296 2959 Gentilhomeni
1320 2898 1402 2959 adu-

136 3001 202 3062 nati
237 3013 329 3065 sotto
366 3022 471 3066 nome
507 3005 551 3065 de
589 3023 636 3065 un
661 3013 759 3066 certo
784 3002 916 3081 Conte,
942 3004 976 3065 el
999 3005 1082 3085 qual
1105 3003 1219 3085 perho
1243 3003 1263 3066 ὲ
1287 3005 1399 3067 subal-

134 3116 238 3190 terno,
263 3120 297 3173 et
321 3110 554 3174 subordinato
580 3112 624 3173 de
642 3110 833 3173 Francisco
851 3108 1081 3191 Sichinghen‚
1106 3112 1140 3173 el
1164 3111 1247 3191 qual
1271 3131 1316 3181 no
1342 3113 1402 3173 du·

133 3214 219 3293 bito,
244 3218 309 3279 che
333 3237 405 3280 non
430 3217 522 3280 facci
546 3219 696 3300 qualche
721 3216 863 3300 paccia,
896 3217 1026 3299 perche
1059 3237 1146 3299 pare
1176 3219 1242 3279 che
1275 3218 1304 3280 si
1328 3218 1403 3281 curi

133 3339 216 3400 poco
242 3324 299 3386 del
323 3324 478 3407 Imperio
504 3334 539 3387 et
563 3325 620 3387 del
646 3324 853 3407 Imperator,
879 3324 1015 3387 usando
1040 3326 1166 3387 alcune
1189 3326 1327 3406 parolle
1351 3346 1404 3387 as·

133 3428 177 3489 sai
192 3429 336 3511 incivili,
361 3452 462 3494 como
486 3430 521 3494 io
545 3431 691 3494 intendo
716 3434 796 3494 chel
821 3430 910 3511 dice,
935 3434 1001 3493 che
1026 3431 1049 3493 11
1067 3428 1158 3493 Stati
1175 3431 1285 3494 fanno
1309 3431 1343 3494 in
1369 3434 1404 3494 la

133 3534 220 3599 dieta
243 3539 278 3601 le
302 3542 472 3619 consulte,
499 3549 533 3602 et
558 3540 623 3602 che
647 3538 695 3600 lui
712 3537 790 3601 sara
804 3540 838 3600 la
855 3537 1094 3617 conclusione,
1120 3546 1156 3600 et
1171 3540 1299 3601 alcune
1314 3541 1404 3602 altre

133 3644 296 3725 temerita,
322 3647 388 3708 che
412 3654 616 3708 monstrano
640 3666 685 3707 un
708 3647 777 3707 mal
793 3644 927 3707 animo:
953 3642 1001 3707 Se
1031 3644 1111 3707 dice
1134 3655 1314 3726 percerte
1339 3648 1404 3708 che

133 3751 175 3812 tal
202 3772 350 3816 numero
376 3753 421 3815 de
445 3752 572 3816 cavalli
596 3752 717 3815 avanti
741 3754 806 3814 che
831 3751 873 3814 sii
897 3750 986 3817 XX.
1024 3750 1058 3813 di
1094 3753 1299 3815 accrescerit
1330 3753 1404 3815 sino

134 3874 152 3916 a
177 3858 267 3939 1800,
292 3880 403 3923 overo
430 3880 525 3941 2000,
551 3870 587 3922 et
610 3880 676 3940 par
700 3861 766 3921 che
791 3858 923 3922 voliino
947 3859 1060 3921 andar
1083 3870 1208 3921 contra
1240 3859 1261 3921 l'
1276 3862 1404 3923 elettor

133 3962 283 4044 Treveri,
309 3968 344 4030 el
368 3968 449 4049 qual
475 3988 530 4029 me
553 3969 600 4029 ha
624 3967 723 4030 detto
748 3966 939 4047 expettarli
973 3966 1114 4027 debon
1139 3965 1255 4028 animo
1280 3977 1316 4028 et
1339 3969 1405 4029 che

134 4088 230 4151 spera
254 4075 301 4136 de
326 4076 524 4155 respondet
548 4076 624 4136 loro
655 4075 762 4144 bene;
800 4075 865 4135 che
890 4072 959 4134 Dio
985 4074 1018 4135 el
1041 4072 1234 4151 benedica,
1253 4075 1332 4135 che
1368 4095 1406 4135 se

134 4180 176 4240 tal
197 4180 318 4244 animo
342 4182 493 4244 havesse
522 4184 557 4243 lo
582 4182 710 4243 elettor
734 4177 945 4263 Galerito¹),
981 4189 1042 4242 aut
1076 4199 1253 4260 nunquam
1279 4180 1405 4243 Luthe·

134 4284 201 4347 rani
235 4286 531 4368 insurrexissent,
567 4308 588 4351 0
612 4289 751 4351 almeno
776 4286 835 4368 gia
860 4286 988 4367 cinque
1012 4286 1100 4349 mesi
1123 4289 1323 4349 sarebbeno
1348 4308 1405 4349 ex-

134 4390 213 4458 tinti.
259 4394 344 4458 Non
369 4394 449 4457 dico
474 4395 540 4457 che
564 4415 634 4458 non
660 4394 701 4457 sii
716 4393 848 4475 alioqui
867 4392 999 4475 Signor
1022 4392 1128 4475 pieno
1153 4393 1188 4454 di
1205 4394 1290 4475 ogni
1306 4396 1405 4456 vertd

136 4508 166 4559 et
185 4501 353 4580 honesta,
378 4522 435 4564 ma
459 4504 493 4565 la
517 4500 703 4564 incredibil
727 4500 979 4582 pusillanimita
1012 4521 1077 4563 sua
1102 4499 1136 4562 fa
1160 4503 1278 4563 danno
1302 4522 1324 4563 a
1348 4501 1407 4563 noi

136 4606 206 4668 altri
229 4608 324 4689 tutti,
351 4619 388 4671 et
411 4629 432 4670 a
457 4608 504 4671 lui
529 4617 690 4671 extrema
714 4606 895 4671 infeliciti.
943 4606 1079 4670 Treviri
1094 4608 1141 4669 ha
1165 4608 1302 4688 grande
1326 4629 1405 4671 con·

136 4710 353 4781 federatione
377 4736 456 4778 cum
482 4718 514 4779 el
538 4716 640 4778 Duca
656 4713 801 4777 Saxone
827 4717 965 4795 elettor,
990 4724 1025 4777 et
1050 4716 1083 4776 el
1099 4714 1189 4776 Lant
1204 4714 1337 4778 Gravio
1363 4717 1407 4778 de

137 4864 341 4881 Q...-

163 4946 179 5016 ¹)
197 4950 426 5015 Archiepiscopus
446 4949 619 5011 Mogontinus
639 4948 719 4996 rubeo
739 4947 829 5009 galero
848 4954 973 5011 tanquam
993 4945 1142 4995 Cardinalis
1162 4946 1307 5009 insignitus.
