3425 5700
799 532 1136 588 0041400».

887 819 950 884 192

714 935 927 1038 campegiua
953 871 1128 1017 10101010.

662 1073 1017 1144 mentientium
1039 1075 1187 1144 111101)

782 1185 818 1246 (8.
837 1186 976 1235 Februarii
998 1184 1084 1254 1525.)

372 1319 410 1382 L’
424 1319 546 1382 ultimo
560 1319 629 1382 mio
644 1339 769 1401 spazzo
782 1319 819 1384 fu
833 1320 877 1382 de
888 1318 1006 1381 XXII
1019 1320 1076 1382 del
1089 1330 1234 1401 passato
1246 1323 1350 1402 quale
1371 1342 1438 1404 per
1458 1324 1555 1384 homo

282 1448 303 1488 a
318 1437 422 1508 posta
435 1426 575 1488 mandai
594 1427 630 1489 in
644 1425 795 1506 Vienna,
813 1434 849 1488 et
865 1425 925 1489 alli
940 1424 1064 1488 XXV.
1085 1426 1178 1508 parti
1198 1427 1234 1490 di
1254 1426 1278 1491 li
1297 1449 1363 1491 con
1389 1431 1425 1492 la
1448 1439 1556 1510 posta,

282 1553 397 1615 penso
411 1532 491 1596 sara
508 1543 639 1596 venuto
655 1535 755 1597 salvo
770 1553 809 1595 se
824 1554 846 1595 a
861 1533 1038 1614 Inspruck
1052 1554 1124 1596 non
1144 1535 1277 1597 havera
1297 1537 1432 1598 havuto
1458 1535 1555 1618 impe-

283 1640 439 1702 dimento
455 1661 520 1722 per
535 1642 570 1703 la
587 1660 703 1702 nuova
719 1641 784 1702 che
799 1639 834 1702 di
847 1660 917 1720 qua
928 1639 948 1702 ὸ
958 1652 1091 1702 venuta
1104 1640 1139 1702 di
1152 1640 1283 1704 Nostro
1298 1639 1465 1724 signore,
1480 1663 1557 1706 cosa

284 1746 362 1810 chio
380 1767 450 1809 non
466 1748 588 1820 eredo;
606 1747 694 1828 pero
712 1756 747 1809 et
762 1766 827 1809 con
847 1747 881 1810 el
896 1746 1089 1810 medesimo
1105 1747 1174 1810 mio
1191 1750 1256 1811 che
1274 1750 1367 1812 ando
1386 1771 1406 1812 a
1423 1749 1556 1813 Vienna

284 1854 424 1916 mandai
438 1875 457 1916 a
469 1854 632 1917 ordinare
646 1854 758 1917 eheie
773 1862 878 1934 poste
893 1853 928 1916 di
942 1873 1011 1935 qua
1024 1853 1057 1917 111
1071 1873 1291 1936 0011000000,
1309 1865 1346 1919 01
1361 1860 1434 1920 0001
1446 1877 1556 1920 10000

285 1971 321 2024 01
345 1962 551 2024 andaranno
575 1980 640 2042 per
663 1980 767 2023 mano
792 1961 837 2022 de
859 1960 1012 2023 Fucheri
1037 1962 1083 2022 da
1110 1960 1136 2023 li
1162 1961 1257 2042 quali
1284 1983 1398 2044 penso
1425 1984 1556 2026 saremo

283 2072 354 2132 ben
379 2068 520 2148 serviti,
556 2067 600 2130 ne
635 2065 680 2128 mi
716 2067 795 2130 sara
828 2067 888 2148 piir
925 2067 1128 2131 necessario
1163 2090 1229 2151 per
1260 2069 1428 2133 indirizzo
1459 2072 1556 2133 dele

285 2177 390 2239 lettre
414 2186 537 2237 tenere
562 2175 652 2236 altro
676 2175 805 2236 huomo
829 2173 866 2236 in
891 2173 1032 2237 Vienna
1057 2175 1100 2237 111
1125 2175 1298 2238 mandarli
1322 2178 1448 2240 altro,-

372 2281 447 2344 Con
472 2283 505 2344 le
531 2281 626 2342 dette
650 2281 755 2342 lettre
783 2279 902 2342 scrissi
934 2279 970 2342 in
1001 2281 1067 2342 che
1099 2280 1249 2344 termine
1285 2303 1394 2346 erano
1422 2286 1455 2346 le
1478 2304 1557 2346 cose

284 2390 319 2452 di
344 2388 508 2470 Boemia,
540 2389 583 2450 ne
609 2387 644 2448 di
669 2386 729 2470 poi
753 2386 781 2449 si
806 2387 824 2448 ὲ
848 2386 964 2449 101000
995 2389 1103 2461 01110;
1132 2407 1239 2468 spero
1268 2390 1333 2452 che
1363 2401 1485 2472 presto
1513 2411 1554 2453 ne

283 2495 528 2559 intenderemo
560 2493 766 2557 risolutione
795 2493 928 2576 perche
964 2494 1022 2555 dal
1046 2493 1173 2574 giorno
1207 2494 1242 2556 di
1276 2494 1349 2557 San
1381 2496 1491 2560 Paulo
1524 2497 1556 2559 in

285 2625 354 2686 qua
379 2622 466 2665 sono
499 2601 536 2664 in
568 2600 658 2663 fatto
688 2600 723 2663 in
755 2601 875 2681 quella
903 2599 1010 2663 Dieta
1037 2620 1144 2682 sopra
1178 2612 1304 2682 questo
1336 2602 1483 2666 articolo
1516 2604 1557 2665 de

285 2710 426 2790 unione,
450 2711 484 2771 la
508 2709 613 2790 quale
637 2707 774 2790 piaccia
798 2727 818 2768 a
843 2706 923 2787 Dio,
949 2708 1015 2770 che
1039 2706 1162 2788 siegua
1186 2708 1340 2772 comesi
1364 2729 1478 2791 spera.

373 2817 419 2881 Di
443 2815 502 2899 poi
528 2815 587 2879 alli
612 2813 746 2878 XXVI
769 2813 938 2897 gionsero
962 2815 997 2877 le
1021 2813 1056 2877 di
1081 2813 1212 2879 Vostra
1235 2811 1406 2899 Signoria
1436 2818 1480 2880 de
1511 2816 1556 2880 sei

285 2928 343 2989 del
367 2933 512 3008 passato
539 2932 573 2987 et
598 2925 657 2986 alli
681 2922 715 2984 II
740 2921 776 2983 di
801 2930 926 3003 questo
951 2923 1068 3005 quelle
1093 2923 1138 2985 de
1163 2921 1282 2985 XVII.
1308 2943 1375 2986 con
1401 2924 1434 2986 10
1450 2924 1556 3006 prime

286 3054 346 3096 era
370 3032 395 3095 11
419 3030 607 3094 summario
637 3031 681 3091 de
714 3029 737 3091 11
770 3028 915 3110 capitoli
946 3030 991 3091 de
1021 3030 1056 3091 lo
1090 3038 1345 3110 apuntamento
1384 3030 1481 3093 facto
1506 3032 1556 3094 001

286 3136 602 3216 Christianissimo‚
636 3140 669 3199 el
702 3138 807 3218 quale
830 3135 876 3198 mi
901 3156 988 3216 pare
1013 3138 1079 3198 che
1103 3136 1157 3199 sia
1180 3138 1288 3199 molto
1312 3137 1502 3201 iustificato
1524 3148 1556 3201 et

285 3254 430 3328 passato
455 3265 521 3308 con
546 3242 819 3325 prudentissime
844 3243 994 3325 ragioni‚
1019 3252 1055 3305 et
1077 3244 1174 3306 forse
1204 3244 1379 3307 00111010
1413 3248 1479 3309 che
1501 3266 1543 3327 po

286 3353 338 3416 tra
363 3352 487 3415 indure
511 3352 627 3432 questi
651 3351 825 3433 imperiali
849 3353 920 3413 alla
943 3371 1033 3432 pace
1057 3360 1156 3414 tanto
1181 3352 1382 3415 necessaria
1407 3364 1444 3415 et
1464 3362 1555 3415 tanto

284 3470 474 3543 procurata
505 3458 552 3520 da
583 3456 657 3520 Sua
680 3458 908 3521 Beatitudine
938 3467 974 3520 et
1002 3478 1131 3539 penso,
1161 3459 1226 3521 che
1252 3458 1319 3521 Dio
1351 3459 1484 3523 Nostro
1506 3458 1554 3521 Si·

283 3586 396 3649 gnore
420 3564 556 3628 aiutara
585 3575 620 3627 et
646 3564 801 3629 favorira
825 3568 899 3627 0001
923 3573 1025 3627 00010
1048 3574 1166 3627 mente
1191 3574 1227 3629 et
1250 3566 1460 3649 intentione,
1483 3586 1555 3649 per·

284 3672 349 3736 che
374 3694 411 3736 se
436 3693 480 3735 ne
505 3672 597 3734 veda
620 3671 645 3733 il
669 3670 749 3751 fine,
773 3672 797 3733 il
823 3672 905 3752 qual
930 3673 1044 3734 anche
1066 3671 1127 3753 piir
1151 3671 1354 3736 iacilmente
1390 3694 1431 3736 se
1455 3674 1554 3755 impe·

284 3779 380 3843 traria
404 3776 515 3842 s'entio
539 3778 563 3841 il
595 3776 829 3841 Serenissimo
864 3779 908 3841 de
940 3777 1073 3858 Anglia
1104 3778 1173 3841 mio
1205 3775 1359 3861 Signore
1393 3780 1555 3843 inclinato

284 3896 429 3950 atanto
454 3890 549 3949 bene
584 3896 619 3948 et
642 3906 707 3967 per
730 3884 924 3948 accostarsi
949 3907 969 3948 a
994 3896 1119 3966 questa
1146 3894 1263 3949 mente
1295 3886 1331 3948 di
1353 3886 1486 3951 Nostro
1509 3885 1554 3950 Si-

284 4013 412 4076 gnore3
437 3994 558 4055 donde
584 3994 692 4055 molto
717 3991 763 4054 rni
788 3991 806 4054 ὲ
830 3992 1008 4075 piacciuto
1034 3992 1201 4055 l’andata
1229 3993 1288 4054 del
1311 3993 1555 4058 Protonotario

284 4101 411 4165 Casaie
435 4103 470 4163 10
495 4103 599 4182 01110,
633 4110 668 4161 01
700 4120 805 4162 sanza
835 4099 944 4161 dubio
975 4120 1014 4161 se
1046 4098 1118 4161 Sua
1148 4098 1298 4161 Maiesta
1322 4120 1361 4163 se
1386 4101 1554 4164 risolvea

284 4227 374 4289 pace
399 4228 420 4269 0
444 4216 573 4288 tregua
596 4226 697 4269 come
725 4206 837 4287 peril
863 4206 1018 4268 scrivere
1048 4206 1092 4267 de
1117 4206 1248 4269 Vostra
1272 4204 1444 4289 Signoria
1466 4208 1497 4271 n'
1513 4209 1554 4269 ha

284 4312 493 4393 intentione,
515 4316 549 4376 10
575 4334 658 4376 0000
682 4312 814 4375 havera
837 4312 863 4375 il
887 4312 1090 4375 desiderato
1114 4332 1290 4376 successo.

373 4421 443 4483 Dal
467 4419 605 4483 Noncio
628 4420 784 4482 Rorario
809 4419 939 4481 Nostro
966 4417 1118 4499 Signore
1143 4420 1275 4482 havera
1300 4418 1417 4484 inteso
1430 4428 1553 4503 quanto

285 4528 314 4591 si
340 4527 462 4609 doglia
493 4527 516 4589 il
547 4525 781 4589 Serenissimo
813 4525 980 4608 Principe
1014 4524 1050 4588 di
1079 4526 1177 4588 detto
1211 4536 1475 4608 apuntarnento.
1518 4524 1553 4587 Io

286 4634 331 4697 de
355 4638 413 4715 qui
438 4635 484 4697 ho
500 4632 623 4695 scritto
644 4652 751 4714 sopra
764 4630 818 4694 cio
837 4653 860 4694 a
877 4628 949 4694 8110
967 4629 1270 4713 8010111110111(11
1294 4632 1500 4697 Tridentino
1521 4641 1553 4694 et

285 4762 307 4803 a
332 4739 567 4803 Salamancha
591 4740 627 4803 in
650 4743 769 4803 buona
793 4740 908 4805 forma
931 4749 967 4803 et
990 4761 1097 4822 spero
1121 4742 1187 4803 che
1211 4740 1450 4804 examinando
1467 4738 1552 4821 quie·

285 4856 440 4910 tamente
466 4849 501 4910 la
529 4867 613 4910 cosa
637 4858 873 4928 1101010000,
906 4849 971 4911 che
996 4845 1070 4911 Sua
1094 4846 1232 4911 Santita
1255 4868 1320 4931 per
1342 4858 1467 4931 questo
1489 4866 1553 4910 non
