3425 5700
641 590 888 651 *stateo

141 742 342 827 presentium
374 742 508 805 seriose
533 741 799 805 committimus:
835 748 1010 825 quatenus
1033 739 1180 804 consilio
1213 747 1249 802 et
1271 735 1404 801 auxilio

141 848 427 931 conquerentibus
451 848 587 930 adsint,
618 868 680 913 eos
703 857 888 930 tueantur,
913 858 949 913 et
973 848 1105 911 dictum
1128 855 1286 911 nostrum
1309 861 1404 908 man·

142 959 244 1021 datum
279 958 375 1020 omni
409 956 596 1040 diligentia
629 967 871 1039 exequantur,
906 967 942 1019 et
974 978 1019 1019 ne
1047 957 1179 1019 bonum
1209 974 1288 1017 cum
1311 953 1404 1015 malo

142 1064 387 1146 supprimatur,
423 1072 459 1128 et
481 1065 626 1127 tandem
649 1064 817 1128 resolutio
847 1062 926 1127 fieri
953 1084 1016 1127 seu
1040 1061 1253 1125 adamussim
1277 1057 1405 1121 exami-

141 1170 205 1233 nari
231 1170 364 1251 possit,
400 1190 505 1253 quarn
528 1170 624 1234 viam
654 1170 689 1234 in
719 1172 786 1234 hac
816 1190 856 1234 re
888 1171 1037 1253 quisque
1068 1171 1199 1232 debeat
1228 1164 1405 1250 amplecti,

141 1286 371 1340 convenerunt
393 1278 504 1341 nostri
529 1278 845 1357 Locumtenentes,
878 1286 1015 1357 orator,
1046 1277 1229 1339 Electores
1253 1291 1405 1355 quoque,

140 1382 329 1465 Principes,
354 1384 529 1465 Praelati,
554 1383 727 1465 Comites,
757 1394 792 1447 et
815 1382 958 1466 imperii
982 1382 1126 1447 ordines
1149 1401 1227 1444 cum
1251 1377 1412 1443 Sanctis-1

140 1488 205 1552 simi
235 1489 379 1553 Domini
413 1489 598 1554 Pontificis
631 1492 770 1575 Legato
812 1490 869 1554 hic
904 1499 1088 1573 presente,
1123 1488 1184 1571 qui
1217 1485 1405 1564 Generale,

139 1595 286 1677 liberum,
311 1606 348 1659 et
370 1597 572 1662 universale
587 1598 785 1663 Concilium
801 1596 1075 1663 Christianitatis
1089 1604 1258 1677 tanquam
1272 1590 1406 1655 summe

138 1702 365 1767 necessarium
394 1723 460 1785 per
492 1705 755 1769 Beatitudinem
779 1704 962 1768 Pontificis
992 1704 1037 1767 de
1068 1722 1242 1766 consensu
1273 1708 1406 1779 nostro,

137 1817 260 1889 quanto
284 1810 398 1891 citius,
423 1820 458 1873 et
483 1831 587 1893 quam
611 1812 763 1894 primum
785 1813 957 1894 possibile
980 1811 1136 1874 futurum
1160 1809 1205 1873 sit
1225 1809 1270 1871 ad
1291 1807 1406 1870 locum

138 1916 399 1983 convenientem
422 1917 458 1980 in
483 1916 675 1981 Germania
698 1926 805 2002 prout
828 1918 933 1983 decet
955 1918 1078 2000 indici,
1102 1926 1139 1981 et
1161 1914 1347 1999 publicari,
1371 1922 1407 1977 et

136 2020 367 2086 nihilominus·
384 2023 522 2087 interea
549 2026 721 2107 temporis
748 2026 783 2091 in
808 2026 901 2089 diem
924 2026 1008 2089 Divi
1031 2024 1176 2087 Martini
1207 2022 1407 2105 proximum

137 2128 168 2189 in
198 2130 341 2194 civitate
366 2128 564 2214 SpirensiS,
601 2133 794 2196 communis
825 2132 1056 2215 congregatio
1081 2129 1316 2195 Germanicae
1339 2127 1406 2190 Na·
1502 2185 1505 2188 .
1576 2174 1584 2190 .

135 2233 233 2299 tionis
258 2237 442 2317 celebrari,
467 2237 569 2301 acin
593 2239 755 2321 eandem,
778 2250 818 2303 ut
840 2239 1052 2323 praefertur,
1077 2236 1286 2316 deliberari,
1310 2244 1347 2300 et
1370 2233 1406 2297 in

138 2344 428 2409 consultationem
456 2346 542 2429 poni
567 2348 714 2428 debeat,
750 2367 821 2429 quo
844 2358 952 2429 pacto
976 2345 1158 2429 usquead
1181 2340 1407 2406 indicendum

134 2452 299 2530 generale
331 2450 518 2515 concilium
550 2452 596 2516 sit
627 2454 816 2537 agendum.
863 2454 922 2518 Ad
955 2472 1060 2535 quam
1093 2448 1408 2532 congregationem

135 2555 244 2637 quivis
258 2557 473 2636 Electorum,
498 2559 713 2642 Principum,
728 2562 985 2642 Praelatorum,
1000 2560 1184 2638 Comitum,
1209 2566 1245 2619 et
1259 2554 1407 2619 aliorum

133 2664 292 2728 ordinum
309 2674 421 2728 status
437 2665 576 2747 imperii
591 2688 629 2731 se
645 2668 883 2749 personaliter
899 2667 1061 2731 conferre
1076 2673 1249 2729 teneatur.
1274 2662 1408 2725 Verum

131 2769 157 2831 si
179 2772 309 2856 aliquis
333 2793 379 2836 ex
404 2773 456 2837 eis
479 2774 622 2856 urgenti
646 2776 692 2839 de
715 2795 823 2839 causa
843 2776 1079 2859 personaliter
1097 2773 1223 2835 adesse
1239 2789 1311 2832 non
1327 2787 1406 2850 pos·

131 2887 196 2960 set,
233 2901 281 2943 ex
303 2890 388 2945 tunc
412 2883 443 2944 is
467 2882 598 2946 debeat
621 2903 729 2947 unum
760 2885 817 2947 vel
840 2887 961 2967 plures
985 2901 1115 2965 graves
1142 2888 1179 2943 et
1206 2883 1407 2960 prestantes

130 2983 359 3059 Consiliarios
390 2989 436 3051 ad
459 2993 700 3072 tractandum,
731 2992 1018 3069 consultandum,
1052 2997 1088 3052 et
1110 2984 1265 3049 finaliter
1294 2985 1340 3046 de
1363 2982 1406 3045 iis

130 3095 412 3159 concludendum
443 3097 551 3176 pleno
575 3107 611 3159 et
634 3096 824 3170 sufficienti
848 3100 1015 3161 mandato
1047 3093 1209 3158 suffultos
1232 3088 1406 3153 transmit·

128 3208 218 3281 tere,
245 3203 544 3282 quemadmodum
568 3203 713 3267 lieterae
738 3206 783 3266 ad
804 3180 1003 3286 Principes,
1027 3203 1227 3278 Electores,
1259 3206 1296 3261 et
1318 3197 1407 3259 alios

128 3305 332 3389 Principes,
367 3317 404 3370 et
427 3307 549 3372 Status
574 3310 727 3393 desuper
752 3313 918 3375 decretae
942 3321 1033 3391 sunt,
1058 3318 1093 3372 et
1116 3305 1336 3390 potissimum
1360 3303 1406 3366 ad

127 3431 202 3493 eos,
240 3414 304 3496 qui
338 3415 553 3478 universalia
577 3417 694 3480 studia
723 3417 758 3480 in
790 3418 862 3481 suis
885 3416 1099 3497 Ducatibus,
1136 3423 1173 3478 et
1195 3410 1406 3476 Civitatibus

126 3517 274 3602 habent,
305 3542 385 3585 cum
408 3523 654 3587 commissione
678 3535 852 3606 quatenus
876 3545 941 3607 per
964 3545 1047 3588 suos
1070 3523 1195 3585 doctos
1218 3516 1406 3600 practicoS,

125 3639 316 3710 expertos,
340 3637 377 3692 et
394 3629 640 3712 intelligentes
664 3630 885 3695 consiliarios
909 3631 1066 3709 extrahi,
1095 3637 1130 3691 et
1154 3626 1258 3709 seligi
1282 3632 1406 3688 curent

123 3735 297 3818 quicquid
321 3737 536 3820 disputabile
560 3738 597 3799 in
621 3737 723 3801 novis
747 3739 931 3819 doctrinis,
956 3749 992 3802 et
1013 3735 1114 3801 libris
1136 3732 1345 3816 repererint,
1369 3740 1406 3794 et

123 3841 218 3920 quod
248 3842 305 3906 ita
336 3843 574 3924 extraxerint,
610 3843 739 3925 Nobis,
774 3846 833 3908 vel
863 3845 899 3908 in
923 3845 1086 3909 absentia
1109 3851 1248 3922 nostra,
1283 3847 1405 3902 nostro

121 3946 409 4027 Locumtenenti,
435 3960 470 4013 et
493 3947 717 4033 Principibus
741 3952 983 4033 Electoribus,
1008 3949 1244 4031 Principibus,
1268 3954 1305 4010 et
1328 3942 1404 4008 Sta-

120 4053 213 4119 tibus
238 4056 278 4119 in
306 4056 400 4118 dicta
424 4057 705 4139 congregatione
729 4059 958 4122 conventuris
982 4057 1196 4136 exhibeant,
1220 4063 1258 4116 ut
1281 4049 1405 4116 maiori

119 4162 236 4226 fructu
263 4163 457 4246 negocium
480 4164 548 4225 hoc
572 4163 607 4226 in
630 4163 749 4226 futuro
766 4164 925 4228 Concilio
948 4164 1062 4248 possit
1083 4166 1218 4226 habere
1241 4179 1405 4243 progres-

119 4289 203 4336 sum.
254 4271 455 4333 Debebunt
485 4269 631 4352 insuper
655 4271 766 4334 nostri
790 4271 1087 4335 Locumtenentes
1119 4280 1155 4333 et
1178 4268 1405 4331 constitutum

118 4377 326 4462 Regimen,
361 4377 547 4460 Principes
569 4377 732 4459 insuper,
768 4378 968 4459 Electores,
1004 4376 1205 4458 Principes,
1238 4374 1405 4452 Praelati,

119 4482 290 4566 Comites,
319 4494 354 4548 et
370 4482 493 4548 Status
516 4484 659 4566 Imperii
683 4483 778 4548 circa
800 4485 1000 4567 prescripta
1015 4481 1196 4564 singulari,
1221 4492 1257 4544 et
1271 4501 1406 4543 summa

118 4592 314 4676 diligentia
336 4601 373 4655 et
396 4591 620 4654 advertentia
642 4591 860 4673 prospicere,
885 4592 980 4674 quod
1001 4591 1118 4654 medio
1141 4599 1302 4671 tempore
1319 4587 1404 4650 San-

116 4709 209 4764 ctum
234 4699 481 4781 Evangelium
513 4706 549 4761 et
572 4697 732 4761 Verbum
757 4699 824 4762 Dei
854 4700 1047 4762 secundum
1070 4718 1194 4761 verum
1217 4715 1404 4778 syncerum

116 4806 356 4886 intellectum,
380 4815 416 4869 et
440 4805 770 4888 interpretationem
786 4807 993 4886 Doctorum,
1017 4825 1039 4866 a
1055 4803 1229 4865 communi
1243 4801 1405 4865 Ecclesia

115 4913 352 5000 receptorum
376 4909 511 4996 absque
535 4913 684 4974 tumultu
710 4921 746 4976 et
768 4914 938 4988 scandalo
961 4913 1198 4994 praedicetur,
1223 4919 1258 5002 et
1279 4911 1403 4989 docea-
