3425 5700
822 568 1069 624 &diffide-⁰

308 717 343 780 S.
369 715 420 778 St*
442 715 837 798 prudentissimamente
863 713 1020 776 discorre
1046 733 1090 776 ne
1115 715 1148 776 Ia
1173 713 1313 796 prefata
1346 714 1588 795 instructione,

307 825 342 887 la
366 825 470 906 quale
495 822 604 886 lascio
629 826 687 904 qui
712 825 744 884 al
770 823 912 884 Barone
937 822 1121 900 accioche,
1146 841 1246 884 come
1271 822 1315 884 V.
1340 819 1376 884 S.
1401 822 1529 902 scrive,
1555 826 1588 886 el

307 951 346 994 se
379 951 424 994 ne
456 929 645 1013 prevaglia
679 929 904 1010 bisognando
941 949 1007 991 con
1044 937 1170 1010 questa
1202 929 1341 991 Maesta
1379 937 1415 992 et
1438 927 1588 1009 Signori

308 1059 375 1101 con
399 1037 423 1100 li
447 1035 541 1120 quali
563 1037 641 1100 fara
664 1037 686 1099 I'
705 1035 834 1117 offici0,
860 1056 916 1098 ma
939 1057 1032 1118 poco
1056 1035 1085 1098 si
1109 1056 1156 1117 po
1181 1057 1306 1118 sperat
1330 1036 1376 1099 da
1400 1035 1478 1099 essi.

397 1161 452 1224 Ex
475 1162 571 1225 Alba
594 1161 716 1242 Regia
740 1160 868 1223 XVIII
891 1159 986 1239 Junii
1010 1159 1209 1224 MDXXV.

860 1403 963 1412 “unumve-.-
971 1403 1035 1412 νμ-μιι
1043 1403 1052 1410 Α

909 1707 984 1772 224.

636 1824 750 1924 Epist.
779 1822 976 1903 Tridentin.
1005 1821 1178 1902 Clementi
1204 1821 1282 1902 VH.

725 1970 824 2044 (Epiri.
842 1971 928 2043 prino.
947 1970 999 2028 111.
1018 1969 1083 2042 5031.
1101 1969 1165 2042 ru.)

812 2093 864 2152 (22.
885 2091 960 2156 Junii
984 2088 1071 2156 1525.)

395 2224 605 2288 Beatissime
630 2226 739 2287 Pater
762 2232 798 2286 et
822 2223 975 2286 Domine
1001 2222 1267 2302 colendissime,
1296 2233 1379 2304 post
1402 2225 1589 2285 beatorum

304 2334 436 2416 pedum
461 2335 581 2396 oscula
605 2331 820 2395 humilimam
845 2332 1189 2394 commendationem
1222 2340 1259 2394 et
1282 2329 1463 2392 servitutis
1487 2349 1589 2392 meae

306 2441 533 2504 oblationem.

396 2547 511 2627 Quum
535 2545 665 2607 Vestra
689 2544 875 2607 Beatitudo
901 2543 1009 2607 dubio
1034 2546 1158 2626 procul
1183 2543 1228 2607 sit
1252 2565 1272 2605 a
1297 2542 1587 2606 diversissadmo·

307 2654 380 2717 nita
399 2655 444 2716 de
461 2651 771 2736 progressionibus
784 2651 975 2714 furentium
988 2631 1197 2714 rusticorum
1207 2649 1432 2730 Germaniae,
1444 2659 1479 2712 et
1492 2652 1588 2732 quod

230 2783 234 2791 ·
307 2762 445 2825 illorum
470 2760 588 2822 rabies
610 2759 726 2822 indies
751 2768 918 2838 extensa,
950 2758 1055 2820 modo
1080 2760 1187 2838 banc,
1212 2759 1318 2820 modo
1342 2757 1436 2821 illam
1475 2757 1588 2836 regio-

310 2891 390 2933 nem
414 2877 643 2950 pervagatur,
668 2866 773 2946 nihil,
799 2867 859 2928 ubi
883 2866 1022 2953 saeuire
1047 2866 1174 2948 coepit,
1199 2866 1384 2945 intactum,
1410 2866 1495 2928 nihil
1519 2886 1589 2928 non

309 2976 583 3040 contaminatum
609 2993 687 3037 esse
712 2957 850 3052 sinens,
881 2981 915 3035 et
948 2954 1042 3034 idem
1066 2982 1247 3054 postremo
1271 2993 1340 3036 non
1366 2972 1451 3035 nihil
1476 2971 1588 3035 visum

306 3082 416 3147 fuisse
440 3083 476 3144 in
499 3083 567 3144 hac
590 3080 725 3162 patria,
754 3090 792 3142 ut
822 3098 936 3161 usque
964 3080 1001 3142 in
1025 3079 1223 3161 presentia,
1256 3100 1360 3142 nemo
1384 3078 1497 3161 possit
1522 3081 1589 3143 sibi

308 3191 515 3274 promittere
540 3189 585 3251 de
598 3168 905 3251 ¹commotionibus
919 3187 1005 3265 isus,
1032 3207 1135 3270 quem
1153 3187 1287 3250 exitum
1303 3186 1374 3249 sint
1390 3187 1589 3266 sortiturae,

310 3298 416 3362 etiam
439 3299 534 3379 quod
559 3298 604 3359 de
636 3296 707 3359 illis
738 3296 993 3377 componendis
1023 3294 1155 3378 iugiter
1183 3315 1293 3378 opera
1322 3305 1485 3363 navetur;
1518 3314 1588 3356 non

311 3405 434 3488 putavi
468 3404 550 3467 ideo
585 3403 664 3466 fore
700 3403 959 3483 necessarium,
998 3403 1093 3484 quod
1126 3401 1292 3465 Vestram
1327 3400 1589 3464 Beatitudinem

312 3514 437 3575 horum
461 3511 614 3574 omnium
638 3510 734 3573 haud
757 3510 918 3590 ignaram
943 3528 1013 3591 ego
1038 3508 1197 3590 pluribus
1222 3510 1465 3588 obtunderem,
1489 3528 1589 3591 prae-

312 3621 416 3702 cipue
440 3620 535 3700 quod
559 3619 588 3679 si
613 3616 753 3699 singula
777 3616 906 3679 vellem
929 3636 1132 3695 recensere,
1165 3615 1266 3678 citius
1300 3635 1355 3677 me
1386 3624 1525 3697 tempus
1556 3627 1593 3678 et

313 3735 411 3789 carta
435 3724 614 3805 deficeret,
638 3745 743 3806 quarn
768 3721 887 3786 omnia
917 3722 1038 3786 verbis
1069 3720 1239 3804 consequi
1269 3742 1427 3804 possem,
1462 3723 1525 3785 sed
1558 3732 1593 3785 et

314 3832 486 3897 eiusmodi
511 3841 641 3913 essent,
666 3852 734 3914 que
757 3831 889 3893 Vestra
913 3829 1093 3894 Sanctitas
1116 3830 1166 3893 sic
1190 3829 1371 3893 teterrima
1386 3840 1422 3893 et
1438 3832 1593 3911 nephan-

314 3940 457 4005 dissima
490 3939 612 4002 audire
643 3940 954 4021 perhorresceret:
990 3958 1113 4002 verum
1153 3938 1317 4020 equidem
1348 3939 1416 4000 hoc
1452 3937 1594 4001 silentio

314 4047 612 4130 praetereundum
636 4044 777 4108 minime
801 4045 898 4125 duxi,
934 4065 1136 4128 quanquam
1160 4066 1226 4108 nec
1250 4047 1319 4108 hoc
1349 4044 1463 4126 ipsam
1486 4045 1595 4126 plane

316 4157 439 4235 lateat,
472 4155 567 4236 quod
600 4174 704 4217 omne
731 4153 879 4216 istorum
904 4152 1074 4232 studium,
1100 4172 1184 4215 cura
1217 4162 1252 4214 et
1285 4160 1433 4214 conatus
1462 4162 1532 4232 est,
1557 4160 1596 4214 ut

315 4282 474 4345 quosque
498 4260 608 4324 sacris
631 4259 807 4340 initiatos,
838 4270 875 4323 et
901 4260 1015 4342 ipsam
1048 4259 1201 4341 denique
1233 4258 1511 4322 ecclesiasticam
1547 4259 1595 4321 di·

317 4369 489 4452 gnitatem
508 4368 651 4431 deleant
675 4377 710 4430 et
728 4357 900 4447 evertant,
926 4375 961 4429 et
978 4364 1094 4447 siquid
1107 4365 1335 4448 reliquiarum
1359 4364 1452 4429 illius
1476 4385 1595 4447 super-

317 4475 433 4556 fuerit,
458 4474 492 4536 id
517 4483 627 4536 totum
652 4474 808 4555 pendeat
832 4475 878 4536 ab
902 4472 1059 4555 ipsorum
1083 4493 1199 4552 manu,
1224 4474 1281 4535 vei
1306 4472 1473 4554 alioquin,
1490 4472 1519 4535 si
1535 4472 1596 4553 qui

317 4584 556 4666 praelatorum
587 4581 805 4643 contendunt
837 4599 876 4643 se
907 4590 943 4642 et
966 4600 1030 4641 sua
1052 4578 1160 4661 tueri,
1184 4578 1253 4643 illis
1277 4599 1423 4642 necesse
1448 4578 1492 4642 sit
1515 4598 1595 4641 con—

318 4690 472 4752 ditiones
496 4687 716 4770 turpissimas
741 4696 941 4769 acceptare,
967 4695 1002 4749 et
1019 4686 1140 4749 auditu
1160 4685 1435 4767 indignissimae,
1447 4686 1482 4748 id
1501 4686 1597 4767 quod

318 4796 498 4881 plerisque
522 4815 587 4877 per
615 4794 844 4859 Germaniam
867 4793 938 4857 iarn
963 4793 1154 4875 contigisse
1178 4803 1312 4857 certum
1338 4804 1400 4857 est.
1437 4792 1515 4875 Ego
1539 4812 1598 4855 au·

317 4914 390 4966 tem
413 4923 478 4985 per
500 4904 568 4965 boc
593 4914 731 4982 tempus
756 4920 825 4983 quo
860 4900 980 4984 coepit
1007 4902 1095 4965 haec
1126 4904 1226 4965 labes
1255 4922 1455 4984 erumpere,
1486 4908 1522 4963 et
1550 4900 1596 4963 ad
