3425 5700
686 585 744 639 ΗΒ
783 581 917 638 218Η)

169 749 262 792 rones
297 730 459 792 dominos
489 731 705 812 temporales
740 739 775 792 et
807 730 895 792 alios
930 748 1170 810 quoscumque
1203 739 1274 789 tam
1302 728 1338 789 in
1363 747 1440 809 ger-

168 836 274 898 mania
307 857 413 917 quam
446 836 482 898 in
515 837 796 918 quibuscumque
825 835 904 898 aliis
928 834 1200 898 christianorum
1229 834 1327 913 locis,
1353 855 1441 915 quos

168 943 366 1025 apostolicis
383 944 558 1006 mandatis
574 943 823 1007 inobedientes
838 942 1055 1022 inveneritis,
1080 941 1303 1023 deponendi,
1321 944 1441 1022 appel-

168 1049 312 1114 lationes
336 1050 483 1132 insuper
507 1051 785 1133 provocationes
810 1058 846 1114 et
870 1049 1041 1130 suffragia
1065 1069 1284 1130 quecumque
1309 1069 1374 1130 per
1392 1048 1440 1110 M.

169 1155 220 1219 W.
237 1157 295 1219 Ul.
313 1165 349 1220 et
373 1158 427 1237 J0.
453 1178 494 1219 ac
521 1157 610 1219 alios
635 1177 878 1238 quoscumque
901 1156 1021 1218 forsan
1046 1155 1257 1237 interposita
1273 1157 1329 1217 vel
1347 1155 1441 1217 dein·

170 1283 246 1343 ceps
271 1263 398 1344 quavis
424 1264 613 1326 occasione
639 1266 695 1326 vel
719 1284 827 1326 causa
850 1263 1123 1344 interponenda,
1147 1263 1277 1325 frivola
1311 1273 1346 1324 et
1369 1263 1439 1324 ina·

170 1368 220 1432 nia
242 1370 442 1452 nulliusque
466 1371 605 1433 roboris
638 1373 695 1434 vel
728 1371 895 1435 momenti
919 1371 1029 1434 fuisse
1063 1379 1098 1433 et
1132 1391 1210 1432 esse
1241 1371 1346 1432 etiam
1377 1390 1442 1451 per

171 1476 316 1539 edictum
331 1477 513 1558 publicum
534 1479 751 1558 declarandi,
777 1499 841 1540 nec
871 1499 942 1540 non
966 1478 1248 1541 contradictores
1273 1498 1441 1558 quoscun-

170 1603 230 1663 que
252 1605 317 1664 per
342 1605 510 1646 censuras
528 1585 788 1648 ecclesiasticas
814 1594 849 1646 et
865 1584 935 1646 alia
950 1596 1154 1667 opportuna
1173 1584 1260 1667 juris
1285 1585 1443 1647 remedia

170 1691 403 1771 appellatione
428 1691 628 1773 postposita
653 1690 915 1773 compescendi,
952 1702 986 1753 et
1020 1693 1049 1754 si
1082 1702 1117 1755 et
1148 1702 1323 1774 quatenus
1353 1714 1442 1774 opus

170 1797 268 1858 fuerit
292 1797 463 1860 auxilium
487 1797 624 1861 brachii
650 1798 842 1860 charissimi
875 1799 909 1861 in
936 1797 1075 1862 Christo
1103 1799 1165 1862 filii
1189 1798 1301 1862 nostri
1325 1800 1441 1863 Caroli

171 1903 409 1967 Romanorum
435 1915 470 1967 et
494 1905 746 1986 Hispaniarum
771 1906 888 1987 Regis
917 1904 1091 1969 Catholici
1120 1907 1157 1968 in
1186 1907 1442 1988 imperatorem

171 2012 266 2073 electi
293 2032 336 2073 ac
361 2021 484 2076 sancte
508 2011 674 2075 Romane
700 2012 849 2074 ecclesie
874 2013 1039 2075 advocati
1073 2035 1115 2076 ac
1143 2013 1291 2076 aliorum
1317 2013 1441 2076 Catho-

170 2117 306 2182 licorum
322 2118 529 2200 Principum
555 2119 755 2184 invocandi.
782 2119 916 2181 Verum
941 2120 1129 2202 omniaque
1154 2121 1223 2182 alia
1247 2141 1289 2183 ac
1302 2121 1443 2203 singula

170 2245 233 2304 que
256 2228 299 2289 ad
325 2225 527 2289 huiusmodi
544 2238 682 2309 pestem
707 2226 986 2307 extinguendam
1011 2237 1046 2290 et
1070 2227 1239 2290 radicitus
1264 2228 1441 2309 extirpan-

170 2331 244 2394 dam
274 2343 475 2414 opportuna
506 2353 584 2396 esse
610 2333 877 2415 quomodolibet
901 2334 1089 2412 noveritiS,
1114 2334 1269 2397 faciendi
1294 2335 1442 2415 gerendi

170 2440 354 2502 mandandi
380 2441 568 2503 ordinandi
599 2441 790 2504 exercendi
824 2452 858 2503 et
891 2441 1093 2523 excipiendi
1125 2450 1162 2504 et
1191 2443 1236 2503 ad
1269 2443 1443 2523 premissa

169 2545 280 2608 omnia
305 2555 341 2609 et
365 2547 507 2628 singula
531 2548 560 2610 si
585 2559 620 2610 et
645 2549 787 2628 quando
821 2547 994 2628 expedire
1024 2547 1183 2610 videritis
1213 2548 1309 2610 viros
1340 2559 1443 2632 aptos

168 2660 200 2711 et
224 2653 382 2734 ydoneos
407 2674 487 2716 cum
512 2653 616 2717 simili
641 2666 701 2716 aut
725 2655 875 2718 limitata
898 2654 1068 2717 facultate
1090 2655 1292 2718 assumendi
1317 2657 1442 2718 subde·

167 2759 307 2839 legendi
325 2769 360 2824 et
385 2761 593 2842 deputandi,
619 2760 788 2845 ipsosque
813 2761 976 2842 quotiens
1001 2771 1239 2843 opportunum
1263 2762 1443 2825 videbitur

166 2866 353 2930 revocandi
383 2877 418 2929 et
449 2870 528 2930 loco
559 2868 717 2951 ipsorum
748 2869 836 2932 alios
861 2868 1021 2931 similiter
1051 2870 1211 2951 ydoneos
1248 2871 1443 2951 deputandi

165 2973 302 3052 plenam
335 2985 371 3037 et
402 2974 549 3037 liberam
584 2986 709 3039 tenore
733 2976 950 3057 presentium
975 2976 1202 3039 concedimus
1226 2976 1441 3042 facultatem.

169 3077 242 3141 Vos
262 3080 369 3163 igitur
394 3084 453 3144 vel
475 3082 602 3163 aliquis
626 3093 792 3163 vestrum,
818 3082 946 3145 ceteris
974 3081 1096 3145 forsan
1134 3081 1323 3162 impeditis,
1354 3104 1442 3146 onus

167 3194 237 3248 tam
260 3188 432 3251 meritorii
457 3189 592 3271 negotii
616 3191 746 3253 devota
770 3199 889 3252 mente
913 3188 1158 3270 suscipientes,
1194 3210 1256 3250 vos
1289 3188 1324 3249 in
1349 3188 1442 3252 illius

169 3294 373 3358 executione
399 3294 448 3358 sic
476 3296 647 3359 sollicitos
672 3316 713 3359 ac
737 3298 849 3359 verbo
875 3306 910 3358 et
934 3316 1044 3376 opere
1068 3296 1245 3357 studiosos
1270 3305 1376 3376 atque
1394 3296 1438 3357 di-

169 3398 317 3481 ligentes
341 3402 543 3465 exhibeatis
568 3404 662 3485 quod
687 3424 731 3466 ex
758 3402 887 3465 vestris
910 3402 1093 3465 laboribus
1117 3401 1238 3464 divina
1268 3402 1370 3465 vobis
1393 3401 1441 3465 fa-

168 3516 270 3570 vente
299 3508 416 3592 gratia
447 3510 583 3592 sperati
616 3510 753 3572 fructus
777 3510 980 3590 adveniant,
1014 3529 1056 3571 ac
1080 3529 1145 3590 per
1170 3509 1441 3571 sollicitudinem

168 3623 317 3679 vestram
340 3637 409 3698 que
434 3638 558 3680 causas
588 3618 665 3699 pias
696 3616 905 3697 gerentibus
936 3637 1001 3698 pro
1033 3614 1266 3678 retributione
1291 3617 1442 3677 debetur

168 3720 313 3799 palmam
345 3724 460 3806 glorie
491 3744 563 3786 non
595 3725 708 3787 solum
738 3723 909 3805 consequi
940 3722 1156 3801 mereamini,
1181 3742 1302 3784 verum
1335 3722 1441 3785 etiam

168 3830 263 3906 apud
285 3850 346 3893 nos
373 3840 408 3893 et
432 3832 553 3894 sedem
579 3831 776 3913 predictam
802 3851 872 3892 non
897 3830 1070 3893 immerito
1088 3828 1236 3891 valeatis
1252 3831 1297 3891 de
1314 3839 1442 3892 exacta

168 3932 347 4015 diligentia
398 3947 517 4001 vestra
556 3937 699 4000 uberius
737 3936 987 4000 commendari.
1060 3937 1190 3997 Datum
1223 3936 1342 3998 Rome
1375 3944 1443 3999 etc.

171 4039 275 4103 Anno
313 4044 494 4107 millesimo
537 4044 821 4125 quingentesimo
863 4043 1053 4125 vigesimo;
1099 4042 1203 4105 tertio
1243 4043 1347 4104 nonis
1385 4043 1441 4122 Ja-

168 4146 282 4208 nuarii
304 4150 406 4213 Anno
431 4160 569 4213 octavo

1136 4290 1167 4351 A.
1188 4290 1316 4351 tutuno.

1047 4380 1157 4446 (conat.
1176 4382 1241 4444 mp.
1261 4381 1293 4428 ue
1313 4378 1407 4446 Cesis.)
