3425 5700
733 555 791 609 0³13
832 554 900 610 VIll
939 554 998 607 ΕΗ

234 709 323 769 Acro
343 701 607 768 Wormocr'ensr'u
625 701 808 780 Aloandri,
833 700 899 764 nisi
917 700 1009 779 talis,
1033 698 1183 762 inveniri
1199 709 1330 781 posset.
1378 697 1513 760 Etenim

234 815 316 876 dum
341 813 513 895 epistolae
531 811 739 874 lutheranae
763 829 828 876 nec
852 807 1053 889 vestigium,
1078 828 1144 869 nec
1169 806 1313 884 minuta,
1338 827 1402 868 nec
1423 815 1514 867 tran·

234 919 381 1002 scriptio
406 920 499 982 inter
523 916 704 1001 pontificia
727 924 956 980 monumenta
979 913 1178 993 exhibetur,
1202 913 1306 975 huius
1331 914 1515 975 vaticanae

235 1037 354 1090 textus
378 1024 542 1089 officialis
566 1024 658 1089 inter
683 1033 763 1087 acta
786 1022 927 1085 sincera
962 1021 1079 1084 dietae
1103 1020 1393 1101 Wormatiensis,
1424 1021 1517 1083 inter

234 1131 470 1196 sincerissima
485 1130 632 1194 Concilii
650 1128 846 1192 Tridentini
863 1137 1089 1190 monumenta
1113 1127 1147 1189 in
1165 1127 1347 1190 secretiori
1364 1127 1516 1191 Sanctae

231 1237 340 1302 'Sedis
365 1238 540 1301 tabulario
565 1236 728 1299 omnibus
751 1245 862 1316 patet.

325 1347 429 1427 Quod
453 1346 483 1409 si
507 1366 573 1407 nec
597 1347 686 1406 haec
710 1353 921 1424 argumenta
945 1341 1141 1421 sufficiunt,
1175 1343 1329 1404 addatur
1359 1352 1394 1404 et
1419 1342 1516 1422 illud,

235 1455 330 1536 quod
353 1456 400 1516 ab
426 1452 634 1516 auctoritate
660 1470 883 1513 romanorum
908 1449 1118 1530 scriptorum
1143 1449 1284 1511 eruitur.
1342 1449 1389 1511 lis
1423 1449 1516 1512 enim

237 1558 380 1623 omnino
404 1559 528 1639 ignota
553 1557 619 1622 tuit
642 1558 840 1634 lutherana,
866 1565 950 1618 nota
981 1557 1146 1620 vaticana
1176 1577 1267 1637 quae
1299 1556 1424 1638 procul
1457 1558 1517 1619 du-

236 1667 296 1730 bio
320 1666 468 1728 strictim
486 1688 506 1728 a
524 1685 658 1728 coaevo
683 1661 897 1727 narrationis
921 1661 1021 1725 herai·
1039 1663 1292 1747 reformationis
1315 1674 1459 1727 auctore
1483 1675 1519 1726 et

236 1777 282 1838 ab
306 1773 385 1856 ipso
409 1771 590 1836 Cardinali
615 1751 836 1834 ¹Pallavicino
868 1771 1031 1851 refertur,
1056 1791 1161 1852 quum
1195 1792 1259 1834 nec
1291 1771 1368 1853 ipse
1400 1770 1513 1834 Cardi-

237 1881 328 1945 nalis
353 1902 417 1943 nec
443 1881 574 1944 Paulus
599 1879 705 1961 Sarpi
731 1879 940 1941 lutheranae
964 1877 1171 1941 meminerit.

326 1986 399 2051 Sed
416 2008 590 2070 quaenam
615 2007 723 2049 causa
745 1983 821 2066 fuit,
846 2005 918 2066 cur,
944 1984 1096 2066 epistola
1119 1984 1284 2048 vaticana
1304 1980 1394 2048 inte'r
1410 2006 1519 2066 opera

239 2094 384 2173 Lutheri
408 2093 552 2173 omissa,
591 2092 685 2156 adsit
724 2091 793 2155 alia
828 2112 894 2155 nec
928 2091 1066 2155 sincera
1106 2102 1140 2154 et
1176 2092 1319 2154 omnino
1357 2092 1519 2155 diversa?

239 2201 344 2264 Nulla
368 2211 464 2263 certe
489 2201 522 2264 in
548 2200 722 2263 Romanis
746 2199 979 2282 scriptoribus
993 2199 1096 2262 huius
1112 2199 1370 2263 substitutionis
1395 2201 1520 2263 adesse

239 2318 381 2390 poterat
396 2307 510 2380 rati0;
536 2307 631 2388 quod
647 2305 753 2369 facile
778 2305 905 2386 cuique
929 2305 1067 2386 patebit
1090 2306 1280 2369 dummodo
1305 2316 1407 2368 tenor
1431 2304 1518 2387 epis·

239 2417 334 2477 tolae
358 2416 581 2494 lutheranae,
607 2413 761 2496 demptis
795 2411 1153 2493 contradictionibus,
1186 2433 1377 2494 parumper
1411 2410 1520 2476 consi-

241 2524 405 2595 deretur;
437 2542 507 2585 non
539 2521 632 2585 enim
666 2519 701 2583 in
734 2520 812 2601 ipsa
844 2521 1022 2582 habentur
1054 2540 1145 2600 quae
1169 2541 1190 2582 a
1214 2519 1398 2582 catholicis
1423 2518 1516 2581 reici·

239 2639 360 2700 antur:
385 2649 462 2691 cum
488 2628 710 2709 nulliusque
734 2629 802 2690 huc
826 2626 959 2690 homini
983 2626 1159 2690 catholico
1184 2637 1246 2688 aut
1269 2629 1315 2688 ob
1340 2626 1520 2689 doctrinas

241 2734 356 2798 minus
374 2734 637 2814 convenientes,
654 2744 715 2796 aut
739 2737 785 2796 ob
811 2735 940 2816 stylum
963 2732 1137 2795 incertum
1162 2732 1305 2796 dubium
1322 2733 1521 2815 ingesserit,

241 2864 305 2906 uec
334 2842 518 2906 doctrinae
549 2842 713 2905 diversae
747 2840 817 2904 sint
848 2842 884 2903 in
914 2841 1101 2904 lutherana
1132 2860 1237 2921 quam
1268 2839 1303 2902 in
1339 2839 1519 2912 vaticana;

241 2951 311 3014 alia
335 2970 422 3032 ergo
446 2950 541 3013 etin
565 2949 644 3012 aliis
668 2948 927 3011 substitutionis
951 2967 1058 3010 causa
1079 2957 1270 3028 quaeratur
1287 2968 1433 3010 necesse
1457 2957 1519 3009 est.

330 3058 370 3120 In
404 3057 568 3121 vaticana
597 3056 748 3139 epistola
772 3056 918 3118 nonulla
943 3064 1023 3116 sunt
1049 3053 1198 3135 quaein
1222 3054 1520 3117 lutheranadesi-

242 3166 422 3244 derantur,
447 3184 608 3246 quaeque
629 3165 747 3227 omnia
764 3162 982 3225 Fridericum
1008 3159 1187 3224 Saxonum
1211 3181 1378 3243 magnum
1395 3160 1520 3224 Luthe·

242 3271 384 3335 ranismi
425 3282 614 3354 patronum
656 3269 861 3351 respiciunt.
922 3270 1014 3330 Dum
1048 3269 1234 3330 lutherana
1266 3287 1332 3348 pro
1365 3281 1462 3331 certo
1487 3279 1522 3331 et

243 3380 343 3443 firmo
367 3378 469 3462 ponit
493 3380 606 3460 ipsum
624 3377 765 3441 omnino
791 3385 826 3439 et
849 3396 990 3458 semper
1013 3374 1189 3439 infensum
1214 3376 1370 3438 Luthero
1395 3376 1521 3448 fuisse;

244 3486 407 3550 vaticana
432 3506 511 3548 eum
538 3494 738 3567 patronum,
762 3484 953 3564 fautorem,
978 3482 1127 3545 amicum
1151 3482 1299 3545 Lutheri
1322 3482 1523 3554 confirmat3

244 3594 408 3675 quodque
433 3590 619 3675 plurimum
646 3591 767 3669 refert,
792 3591 874 3652 dum
889 3591 1075 3653 lutherana
1092 3610 1159 3652 nec
1175 3590 1365 3671 vestigium
1381 3591 1523 3670 quidem

244 3700 420 3764 minimum
445 3697 716 3782 promissionum
733 3697 842 3760 Ducis
867 3696 1070 3759 executioni
1095 3708 1130 3760 et
1146 3697 1251 3760 factis
1267 3698 1523 3761 contrariarum

244 3807 357 3887 affert,
374 3805 539 3869 vaticana
564 3805 758 3869 earundem
768 3803 1041 3886 promissionum
1055 3803 1299 3883 reminiscitur,
1316 3807 1459 3867 easdem
1472 3826 1525 3868 re·

244 3914 324 3993 fert,
342 3925 377 3977 et
390 3912 572 3975 Friderico
586 3921 668 3974 ante
680 3913 802 3974 oculos
815 3930 880 3973 ceu
892 3909 1095 3973 testimonia
1108 3909 1264 3973 violatae
1275 3910 1358 3973 fidei
1370 3911 1524 3975 obiicere

244 4041 315 4084 non
331 4030 483 4083 veretur.
521 4019 602 4081 Non
620 4020 759 4098 acerbe,
775 4038 844 4079 non
862 4016 1001 4096 acriter,
1018 4018 1081 4079 sed
1097 4016 1269 4080 indirecte
1287 4019 1525 4100 suavibusque

245 4127 358 4190 modis
371 4129 459 4188 haec
476 4125 582 4197 fiunt;
608 4124 657 4186 ita
674 4135 790 4187 tamen
805 4132 843 4187 ut
854 4144 919 4186 nec
933 4122 1103 4187 Friderici
1120 4124 1271 4205 gloriam
1286 4136 1441 4206 augeant
1459 4147 1525 4189 nec

245 4233 354 4316 ipsius
378 4231 484 4295 animi
508 4232 779 4312 germanitatem
805 4242 839 4293 et
864 4231 1088 4294 nobilitatem
1111 4233 1311 4295 ostendant.

335 4340 408 4402 Leo
444 4338 592 4401 virtutes
622 4337 892 4419 progenitorum
917 4337 1088 4400 Friderici
1126 4350 1303 4419 recenset,
1338 4360 1460 4403 eorum
1489 4340 1524 4403 in

247 4446 414 4510 Sanctam
439 4446 568 4509 Sedem
595 4444 820 4508 devotionem
844 4444 1079 4527 singularem,
1111 4450 1223 4509 zelum
1246 4447 1280 4508 in
1306 4446 1413 4509 variis
1437 4448 1525 4511 Boe·

247 4573 380 4616 morum
406 4551 692 4616 contentionibus
717 4552 927 4625 exhibitum;
952 4553 1204 4634 promissorum
1228 4553 1373 4635 pietatis
1395 4565 1431 4617 et
1446 4574 1525 4617 con·

246 4659 397 4723 stantiae
422 4660 693 4723 redundantium
718 4658 887 4738 meminit,
912 4679 1003 4739 quae
1027 4660 1207 4723 Cardinali
1233 4658 1403 4723 Caietano
1426 4680 1525 4742 prae-

247 4766 385 4829 stiterat
408 4766 491 4829 Dux
517 4786 694 4847 quaeque,
719 4765 850 4829 iamdiu
875 4769 921 4828 ab
946 4765 1023 4847 ipso
1048 4766 1228 4831 Cardinali
1252 4766 1419 4829 Romano
1436 4768 1525 4829 Pon-

248 4872 333 4935 tifici
357 4874 503 4952 relatae,
527 4872 692 4936 ferebant
722 4874 852 4934 Ducem
878 4872 993 4955 ipsum
1016 4872 1194 4936 hominem
1209 4872 1317 4952 illum,
1334 4873 1525 4936 Martinum
