<?xml version="1.0" encoding="UTF-8"?>
<!DOCTYPE html PUBLIC "-//W3C//DTD XHTML 1.0 Transitional//EN"
    "http://www.w3.org/TR/xhtml1/DTD/xhtml1-transitional.dtd">
<html xmlns="http://www.w3.org/1999/xhtml" xml:lang="en" lang="en">
 <head>
  <title>
</title>
<meta http-equiv="Content-Type" content="text/html;charset=utf-8" />
  <meta name='ocr-system' content='tesseract 3.04.00' />
  <meta name='ocr-capabilities' content='ocr_page ocr_carea ocr_par ocr_line ocrx_word'/>
</head>
<body>
  <div class='ocr_page' id='page_1' title='image "./monumentareform00unkngoog_0433.png"; bbox 0 0 3425 5700; ppageno 0'>
   <div class='ocr_carea' id='block_1_1' title="bbox 647 532 893 591">
    <p class='ocr_par' dir='ltr' id='par_1_1' title="bbox 647 532 893 591">
     <span class='ocr_line' id='line_1_1' title="bbox 647 532 893 591; baseline -0.004 -4"><span class='ocrx_word' id='word_1_1' title='bbox 647 532 893 591; x_wconf 45' lang='lat' dir='ltr'>*039th</span> 
     </span>
    </p>
   </div>
   <div class='ocr_carea' id='block_1_2' title="bbox 142 671 1409 1081">
    <p class='ocr_par' dir='ltr' id='par_1_2' title="bbox 142 671 1409 1081">
     <span class='ocr_line' id='line_1_2' title="bbox 142 671 1409 761; baseline 0.005 -27"><span class='ocrx_word' id='word_1_2' title='bbox 142 671 185 735; x_wconf 89' lang='lat' dir='ltr'>hil</span> <span class='ocrx_word' id='word_1_3' title='bbox 207 672 272 735; x_wconf 89' lang='lat' dir='ltr'>erit</span> <span class='ocrx_word' id='word_1_4' title='bbox 303 695 458 756; x_wconf 89' lang='lat' dir='ltr'>unquam</span> <span class='ocrx_word' id='word_1_5' title='bbox 493 676 691 759; x_wconf 81' lang='lat' dir='ltr'>antiquius,</span> <span class='ocrx_word' id='word_1_6' title='bbox 726 700 830 761; x_wconf 87' lang='lat' dir='ltr'>quam</span> <span class='ocrx_word' id='word_1_7' title='bbox 865 690 904 741; x_wconf 94' lang='lat' dir='ltr'>ut</span> <span class='ocrx_word' id='word_1_8' title='bbox 940 680 1078 741; x_wconf 89' lang='lat' dir='ltr'>demum</span> <span class='ocrx_word' id='word_1_9' title='bbox 1113 680 1202 741; x_wconf 88' lang='lat' dir='ltr'>haec</span> <span class='ocrx_word' id='word_1_10' title='bbox 1238 677 1409 759; x_wconf 85' lang='lat' dir='ltr'>pestifera</span> 
     </span>
     <span class='ocr_line' id='line_1_3' title="bbox 142 781 1409 867; baseline 0.005 -26"><span class='ocrx_word' id='word_1_11' title='bbox 142 781 246 861; x_wconf 87' lang='lat' dir='ltr'>hydra</span> <span class='ocrx_word' id='word_1_12' title='bbox 278 784 608 865; x_wconf 82' lang='lat' dir='ltr'>quomodocumque</span> <span class='ocrx_word' id='word_1_13' title='bbox 632 787 794 866; x_wconf 86' lang='lat' dir='ltr'>tollatur,</span> <span class='ocrx_word' id='word_1_14' title='bbox 831 796 867 849; x_wconf 88' lang='lat' dir='ltr'>et</span> <span class='ocrx_word' id='word_1_15' title='bbox 890 785 925 847; x_wconf 94' lang='lat' dir='ltr'>in</span> <span class='ocrx_word' id='word_1_16' title='bbox 954 784 1205 849; x_wconf 88' lang='lat' dir='ltr'>florentissima</span> <span class='ocrx_word' id='word_1_17' title='bbox 1225 784 1409 867; x_wconf 88' lang='lat' dir='ltr'>provincia</span> 
     </span>
     <span class='ocr_line' id='line_1_4' title="bbox 144 887 1407 975; baseline 0.005 -27"><span class='ocrx_word' id='word_1_18' title='bbox 144 896 253 949; x_wconf 88' lang='lat' dir='ltr'>nostra</span> <span class='ocrx_word' id='word_1_19' title='bbox 276 887 470 952; x_wconf 83' lang='lat' dir='ltr'>Germania</span> <span class='ocrx_word' id='word_1_20' title='bbox 495 890 662 972; x_wconf 88' lang='lat' dir='ltr'>pristinus</span> <span class='ocrx_word' id='word_1_21' title='bbox 687 902 722 955; x_wconf 87' lang='lat' dir='ltr'>et</span> <span class='ocrx_word' id='word_1_22' title='bbox 745 893 825 955; x_wconf 91' lang='lat' dir='ltr'>Deo</span> <span class='ocrx_word' id='word_1_23' title='bbox 848 903 972 975; x_wconf 79' lang='lat' dir='ltr'>gratus</span> <span class='ocrx_word' id='word_1_24' title='bbox 987 891 1109 973; x_wconf 86' lang='lat' dir='ltr'>vigeat</span> <span class='ocrx_word' id='word_1_25' title='bbox 1124 891 1268 975; x_wconf 88' lang='lat' dir='ltr'>pietatis</span> <span class='ocrx_word' id='word_1_26' title='bbox 1283 894 1407 954; x_wconf 78' lang='lat' dir='ltr'>cultus,</span> 
     </span>
     <span class='ocr_line' id='line_1_5' title="bbox 144 992 1057 1081; baseline 0.008 -27"><span class='ocrx_word' id='word_1_27' title='bbox 144 992 182 1055; x_wconf 88' lang='lat' dir='ltr'>Et</span> <span class='ocrx_word' id='word_1_28' title='bbox 203 995 317 1056; x_wconf 88' lang='lat' dir='ltr'>valeat</span> <span class='ocrx_word' id='word_1_29' title='bbox 342 995 473 1059; x_wconf 87' lang='lat' dir='ltr'>Vestra</span> <span class='ocrx_word' id='word_1_30' title='bbox 497 995 689 1080; x_wconf 87' lang='lat' dir='ltr'>Serenitas,</span> <span class='ocrx_word' id='word_1_31' title='bbox 714 1020 818 1081; x_wconf 86' lang='lat' dir='ltr'>quam</span> <span class='ocrx_word' id='word_1_32' title='bbox 842 998 1057 1062; x_wconf 82' lang='lat' dir='ltr'>felicissime.</span> 
     </span>
    </p>
   </div>
   <div class='ocr_carea' id='block_1_3' title="bbox 222 1118 1409 1203">
    <p class='ocr_par' dir='ltr' id='par_1_3' title="bbox 222 1118 1409 1203">
     <span class='ocr_line' id='line_1_6' title="bbox 222 1118 1409 1203; baseline 0.006 -24"><span class='ocrx_word' id='word_1_33' title='bbox 222 1118 300 1181; x_wconf 91' lang='lat' dir='ltr'>Dat.</span> <span class='ocrx_word' id='word_1_34' title='bbox 338 1118 374 1182; x_wconf 91' lang='lat' dir='ltr'>in</span> <span class='ocrx_word' id='word_1_35' title='bbox 410 1120 544 1203; x_wconf 90' lang='lat' dir='ltr'>oppido</span> <span class='ocrx_word' id='word_1_36' title='bbox 581 1133 703 1187; x_wconf 91' lang='lat' dir='ltr'>nostro</span> <span class='ocrx_word' id='word_1_37' title='bbox 735 1123 952 1187; x_wconf 89' lang='lat' dir='ltr'>Tordesillas</span> <span class='ocrx_word' id='word_1_38' title='bbox 990 1123 1059 1187; x_wconf 92' lang='lat' dir='ltr'>Die</span> <span class='ocrx_word' id='word_1_39' title='bbox 1094 1123 1216 1187; x_wconf 89' lang='lat' dir='ltr'>ultimo</span> <span class='ocrx_word' id='word_1_40' title='bbox 1252 1122 1409 1186; x_wconf 87' lang='lat' dir='ltr'>octobris</span> 
     </span>
    </p>
   </div>
   <div class='ocr_carea' id='block_1_4' title="bbox 145 1222 1143 1388">
    <p class='ocr_par' dir='ltr' id='par_1_4' title="bbox 145 1222 1143 1388">
     <span class='ocr_line' id='line_1_7' title="bbox 145 1222 647 1293; baseline 0.014 -7"><span class='ocrx_word' id='word_1_41' title='bbox 145 1222 240 1287; x_wconf 87' lang='lat' dir='ltr'>Anno</span> <span class='ocrx_word' id='word_1_42' title='bbox 262 1225 406 1290; x_wconf 88' lang='lat' dir='ltr'>Domini</span> <span class='ocrx_word' id='word_1_43' title='bbox 429 1228 647 1293; x_wconf 87' lang='lat' dir='ltr'><strong>MDXXIV.</strong></span> 
     </span>
     <span class='ocr_line' id='line_1_8' title="bbox 875 1340 1143 1388; baseline -0.007 0"><span class='ocrx_word' id='word_1_44' title='bbox 875 1340 921 1388; x_wconf 83' lang='lat' dir='ltr'>vr.</span> <span class='ocrx_word' id='word_1_45' title='bbox 941 1340 1032 1388; x_wconf 79' lang='lat' dir='ltr'>Bonus</span> <span class='ocrx_word' id='word_1_46' title='bbox 1050 1340 1143 1387; x_wconf 77' lang='lat' dir='ltr'>Frater</span> 
     </span>
    </p>
   </div>
   <div class='ocr_carea' id='block_1_5' title="bbox 943 1424 1071 1489">
    <p class='ocr_par' dir='ltr' id='par_1_5' title="bbox 943 1424 1071 1489">
     <span class='ocr_line' id='line_1_9' title="bbox 943 1424 1071 1489; baseline 0.008 -3"><span class='ocrx_word' id='word_1_47' title='bbox 943 1424 1071 1489; x_wconf 78' lang='lat' dir='ltr'>tmlu.</span> 
     </span>
    </p>
   </div>
   <div class='ocr_carea' id='block_1_6' title="bbox 291 1514 1320 1664">
    <p class='ocr_par' dir='ltr' id='par_1_6' title="bbox 291 1514 1320 1664">
     <span class='ocr_line' id='line_1_10' title="bbox 1143 1514 1320 1577; baseline -0.006 0"><span class='ocrx_word' id='word_1_48' title='bbox 1143 1515 1193 1577; x_wconf 70' lang='lat' dir='ltr'>PL</span> <span class='ocrx_word' id='word_1_49' title='bbox 1212 1514 1320 1576; x_wconf 70' lang='lat' dir='ltr'>&#39;leole</span> 
     </span>
     <span class='ocr_line' id='line_1_11' title="bbox 291 1600 442 1664; baseline 0.02 -16"><span class='ocrx_word' id='word_1_50' title='bbox 291 1600 317 1649; x_wconf 85' lang='lat' dir='ltr'><strong>A</strong></span> <span class='ocrx_word' id='word_1_51' title='bbox 338 1600 442 1664; x_wconf 75' lang='lat' dir='ltr'>aergo:</span> 
     </span>
    </p>
   </div>
   <div class='ocr_carea' id='block_1_7' title="bbox 144 1704 1407 1883">
    <p class='ocr_par' dir='ltr' id='par_1_7' title="bbox 144 1704 1407 1883">
     <span class='ocr_line' id='line_1_12' title="bbox 222 1704 1407 1792; baseline 0.003 -24"><span class='ocrx_word' id='word_1_52' title='bbox 222 1704 452 1770; x_wconf 88' lang='lat' dir='ltr'>Serenissimo</span> <span class='ocrx_word' id='word_1_53' title='bbox 477 1707 635 1792; x_wconf 89' lang='lat' dir='ltr'>Principi</span> <span class='ocrx_word' id='word_1_54' title='bbox 660 1708 813 1772; x_wconf 89' lang='lat' dir='ltr'>Domino</span> <span class='ocrx_word' id='word_1_55' title='bbox 837 1708 1066 1773; x_wconf 84' lang='lat' dir='ltr'>Ferdinando</span> <span class='ocrx_word' id='word_1_56' title='bbox 1090 1710 1221 1774; x_wconf 80' lang='lat' dir='ltr'>Infanti</span> <span class='ocrx_word' id='word_1_57' title='bbox 1244 1708 1407 1791; x_wconf 83' lang='lat' dir='ltr'>Hispani-</span> 
     </span>
     <span class='ocr_line' id='line_1_13' title="bbox 144 1814 1247 1883; baseline 0.007 -10"><span class='ocrx_word' id='word_1_58' title='bbox 144 1830 230 1875; x_wconf 85' lang='lat' dir='ltr'>arum</span> <span class='ocrx_word' id='word_1_59' title='bbox 252 1814 444 1878; x_wconf 88' lang='lat' dir='ltr'>Archiduci</span> <span class='ocrx_word' id='word_1_60' title='bbox 466 1815 633 1879; x_wconf 82' lang='lat' dir='ltr'>Austriae</span> <span class='ocrx_word' id='word_1_61' title='bbox 658 1825 724 1880; x_wconf 86' lang='lat' dir='ltr'>etc.</span> <span class='ocrx_word' id='word_1_62' title='bbox 748 1815 850 1879; x_wconf 87' lang='lat' dir='ltr'>fratri</span> <span class='ocrx_word' id='word_1_63' title='bbox 875 1826 998 1881; x_wconf 83' lang='lat' dir='ltr'>nostro</span> <span class='ocrx_word' id='word_1_64' title='bbox 1022 1816 1247 1883; x_wconf 83' lang='lat' dir='ltr'>charissimo.</span> 
     </span>
    </p>
   </div>
   <div class='ocr_carea' id='block_1_8' title="bbox 662 2028 869 2043">
    <p class='ocr_par' dir='ltr' id='par_1_8' title="bbox 662 2028 869 2043">
     <span class='ocr_line' id='line_1_14' title="bbox 662 2028 869 2043; baseline 0 0"><span class='ocrx_word' id='word_1_65' title='bbox 662 2028 869 2043; x_wconf 59' lang='lat' dir='ltr'>mm</span> 
     </span>
    </p>
   </div>
   <div class='ocr_carea' id='block_1_9' title="bbox 732 2298 795 2363">
    <p class='ocr_par' dir='ltr' id='par_1_9' title="bbox 732 2298 795 2363">
     <span class='ocr_line' id='line_1_15' title="bbox 732 2298 795 2363; baseline 0 0"><span class='ocrx_word' id='word_1_66' title='bbox 732 2298 795 2363; x_wconf 74' lang='lat'>177</span> 
     </span>
    </p>
   </div>
   <div class='ocr_carea' id='block_1_10' title="bbox 562 2350 975 2517">
    <p class='ocr_par' dir='ltr' id='par_1_10' title="bbox 562 2350 975 2517">
     <span class='ocr_line' id='line_1_16' title="bbox 562 2350 975 2517; baseline 0.005 -22"><span class='ocrx_word' id='word_1_67' title='bbox 562 2412 774 2517; x_wconf 74' lang='lat' dir='ltr'>campagus</span> <span class='ocrx_word' id='word_1_68' title='bbox 800 2350 975 2497; x_wconf 64' lang='lat' dir='ltr'>dedolata</span> 
     </span>
    </p>
   </div>
   <div class='ocr_carea' id='block_1_11' title="bbox 510 2560 1026 2748">
    <p class='ocr_par' dir='ltr' id='par_1_11' title="bbox 510 2560 1026 2748">
     <span class='ocr_line' id='line_1_17' title="bbox 510 2560 1026 2633; baseline -0.008 -8"><span class='ocrx_word' id='word_1_69' title='bbox 510 2560 685 2625; x_wconf 69' lang='lat' dir='ltr'>(Nuntiat</span> <span class='ocrx_word' id='word_1_70' title='bbox 705 2561 857 2621; x_wconf 69' lang='lat' dir='ltr'>German.</span> <span class='ocrx_word' id='word_1_71' title='bbox 878 2560 952 2621; x_wconf 75' lang='lat' dir='ltr'>Iam</span> <span class='ocrx_word' id='word_1_72' title='bbox 974 2562 1026 2633; x_wconf 73' lang='lat' dir='ltr'>dl.)</span> 
     </span>
     <span class='ocr_line' id='line_1_18' title="bbox 602 2677 929 2748; baseline 0.003 -19"><span class='ocrx_word' id='word_1_73' title='bbox 602 2678 639 2747; x_wconf 87' lang='lat'>(4.</span> <span class='ocrx_word' id='word_1_74' title='bbox 660 2682 819 2730; x_wconf 84' lang='lat' dir='ltr'>Novembris</span> <span class='ocrx_word' id='word_1_75' title='bbox 841 2677 929 2748; x_wconf 81' lang='lat'>1524.)</span> 
     </span>
    </p>
   </div>
   <div class='ocr_carea' id='block_1_12' title="bbox 139 2812 1409 4710">
    <p class='ocr_par' dir='ltr' id='par_1_12' title="bbox 141 2812 1409 3839">
     <span class='ocr_line' id='line_1_19' title="bbox 326 2812 1408 2897; baseline 0.006 -24.392"><span class='ocrx_word' id='word_1_76' title='bbox 326 2813 506 2878; x_wconf 88' lang='lat' dir='ltr'>Partendo</span> <span class='ocrx_word' id='word_1_77' title='bbox 538 2812 584 2876; x_wconf 91' lang='lat' dir='ltr'>de</span> <span class='ocrx_word' id='word_1_78' title='bbox 609 2812 668 2896; x_wconf 90' lang='lat' dir='ltr'>qui</span> <span class='ocrx_word' id='word_1_79' title='bbox 692 2823 818 2896; x_wconf 89' lang='lat' dir='ltr'>questo</span> <span class='ocrx_word' id='word_1_80' title='bbox 843 2813 1011 2897; x_wconf 89' lang='lat' dir='ltr'>Principe</span> <span class='ocrx_word' id='word_1_81' title='bbox 1043 2835 1143 2879; x_wconf 89' lang='lat' dir='ltr'>come</span> <span class='ocrx_word' id='word_1_82' title='bbox 1167 2814 1243 2879; x_wconf 78' lang='lat' dir='ltr'>fara</span> <span class='ocrx_word' id='word_1_83' title='bbox 1273 2813 1307 2878; x_wconf 92' lang='lat' dir='ltr'>in</span> <span class='ocrx_word' id='word_1_84' title='bbox 1331 2817 1408 2879; x_wconf 91' lang='lat' dir='ltr'>bre-</span> 
     </span>
     <span class='ocr_line' id='line_1_20' title="bbox 142 2915 1408 3002; baseline 0.006 -26"><span class='ocrx_word' id='word_1_85' title='bbox 142 2915 272 2980; x_wconf 88' lang='lat' dir='ltr'>vissimo</span> <span class='ocrx_word' id='word_1_86' title='bbox 296 2928 426 3002; x_wconf 86' lang='lat' dir='ltr'>tempu,</span> <span class='ocrx_word' id='word_1_87' title='bbox 451 2927 506 2983; x_wconf 90' lang='lat' dir='ltr'>sto</span> <span class='ocrx_word' id='word_1_88' title='bbox 530 2920 566 2983; x_wconf 90' lang='lat' dir='ltr'>in</span> <span class='ocrx_word' id='word_1_89' title='bbox 587 2920 695 2984; x_wconf 87' lang='lat' dir='ltr'>dubio</span> <span class='ocrx_word' id='word_1_90' title='bbox 713 2921 806 2984; x_wconf 87' lang='lat' dir='ltr'>assai</span> <span class='ocrx_word' id='word_1_91' title='bbox 830 2922 876 2985; x_wconf 91' lang='lat' dir='ltr'>de</span> <span class='ocrx_word' id='word_1_92' title='bbox 893 2923 928 2985; x_wconf 92' lang='lat' dir='ltr'>le</span> <span class='ocrx_word' id='word_1_93' title='bbox 948 2943 1032 2986; x_wconf 89' lang='lat' dir='ltr'>cose</span> <span class='ocrx_word' id='word_1_94' title='bbox 1052 2921 1119 2984; x_wconf 91' lang='lat' dir='ltr'>mie</span> <span class='ocrx_word' id='word_1_95' title='bbox 1144 2931 1179 2985; x_wconf 87' lang='lat' dir='ltr'>et</span> <span class='ocrx_word' id='word_1_96' title='bbox 1200 2921 1227 2984; x_wconf 91' lang='lat' dir='ltr'>s’</span> <span class='ocrx_word' id='word_1_97' title='bbox 1240 2921 1275 2985; x_wconf 93' lang='lat' dir='ltr'>io</span> <span class='ocrx_word' id='word_1_98' title='bbox 1290 2923 1408 2985; x_wconf 80' lang='lat' dir='ltr'>dobba</span> 
     </span>
     <span class='ocr_line' id='line_1_21' title="bbox 142 3026 1409 3102; baseline 0.007 -20"><span class='ocrx_word' id='word_1_99' title='bbox 142 3026 289 3088; x_wconf 82' lang='lat' dir='ltr'>restarmi</span> <span class='ocrx_word' id='word_1_100' title='bbox 313 3048 335 3089; x_wconf 94' lang='lat' dir='ltr'>o</span> <span class='ocrx_word' id='word_1_101' title='bbox 360 3047 450 3102; x_wconf 88' lang='lat' dir='ltr'>non;</span> <span class='ocrx_word' id='word_1_102' title='bbox 484 3029 549 3091; x_wconf 90' lang='lat' dir='ltr'>che</span> <span class='ocrx_word' id='word_1_103' title='bbox 574 3028 599 3090; x_wconf 87' lang='lat' dir='ltr'>s&#39;</span> <span class='ocrx_word' id='word_1_104' title='bbox 616 3027 650 3090; x_wconf 90' lang='lat' dir='ltr'>io</span> <span class='ocrx_word' id='word_1_105' title='bbox 675 3048 746 3091; x_wconf 93' lang='lat' dir='ltr'>non</span> <span class='ocrx_word' id='word_1_106' title='bbox 769 3029 913 3092; x_wconf 86' lang='lat' dir='ltr'>havessi</span> <span class='ocrx_word' id='word_1_107' title='bbox 937 3029 959 3091; x_wconf 91' lang='lat' dir='ltr'>l&#39;</span> <span class='ocrx_word' id='word_1_108' title='bbox 975 3029 1174 3091; x_wconf 88' lang='lat' dir='ltr'>ordimento</span> <span class='ocrx_word' id='word_1_109' title='bbox 1198 3030 1244 3091; x_wconf 87' lang='lat' dir='ltr'>de</span> <span class='ocrx_word' id='word_1_110' title='bbox 1267 3030 1301 3092; x_wconf 91' lang='lat' dir='ltr'>le</span> <span class='ocrx_word' id='word_1_111' title='bbox 1326 3049 1409 3092; x_wconf 89' lang='lat' dir='ltr'>cose</span> 
     </span>
     <span class='ocr_line' id='line_1_22' title="bbox 142 3129 1408 3215; baseline 0.006 -25"><span class='ocrx_word' id='word_1_112' title='bbox 142 3129 313 3197; x_wconf 80' lang='lat' dir='ltr'>bohemico</span> <span class='ocrx_word' id='word_1_113' title='bbox 329 3134 365 3197; x_wconf 89' lang='lat' dir='ltr'>in</span> <span class='ocrx_word' id='word_1_114' title='bbox 387 3155 491 3198; x_wconf 90' lang='lat' dir='ltr'>mano</span> <span class='ocrx_word' id='word_1_115' title='bbox 509 3133 689 3210; x_wconf 87' lang='lat' dir='ltr'>iudicarei,</span> <span class='ocrx_word' id='word_1_116' title='bbox 707 3135 784 3198; x_wconf 89' lang='lat' dir='ltr'>anzi</span> <span class='ocrx_word' id='word_1_117' title='bbox 799 3134 956 3215; x_wconf 86' lang='lat' dir='ltr'>vedarei,</span> <span class='ocrx_word' id='word_1_118' title='bbox 973 3155 1044 3198; x_wconf 89' lang='lat' dir='ltr'>nou</span> <span class='ocrx_word' id='word_1_119' title='bbox 1060 3155 1179 3198; x_wconf 87' lang='lat' dir='ltr'>essere</span> <span class='ocrx_word' id='word_1_120' title='bbox 1197 3136 1243 3197; x_wconf 85' lang='lat' dir='ltr'>da</span> <span class='ocrx_word' id='word_1_121' title='bbox 1258 3145 1408 3207; x_wconf 78' lang='lat' dir='ltr'>restare:</span> 
     </span>
     <span class='ocr_line' id='line_1_23' title="bbox 143 3240 1408 3322; baseline 0.006 -26"><span class='ocrx_word' id='word_1_122' title='bbox 143 3245 172 3296; x_wconf 87' lang='lat' dir='ltr'>et</span> <span class='ocrx_word' id='word_1_123' title='bbox 200 3241 332 3303; x_wconf 61' lang='lat' dir='ltr'>bench&amp;</span> <span class='ocrx_word' id='word_1_124' title='bbox 365 3240 402 3302; x_wconf 89' lang='lat' dir='ltr'>in</span> <span class='ocrx_word' id='word_1_125' title='bbox 426 3251 552 3322; x_wconf 89' lang='lat' dir='ltr'>questo</span> <span class='ocrx_word' id='word_1_126' title='bbox 576 3251 657 3304; x_wconf 91' lang='lat' dir='ltr'>acto</span> <span class='ocrx_word' id='word_1_127' title='bbox 690 3241 740 3305; x_wconf 88' lang='lat' dir='ltr'>sia</span> <span class='ocrx_word' id='word_1_128' title='bbox 766 3243 916 3305; x_wconf 91' lang='lat' dir='ltr'>dubioso</span> <span class='ocrx_word' id='word_1_129' title='bbox 947 3241 1060 3321; x_wconf 86' lang='lat' dir='ltr'>assai,</span> <span class='ocrx_word' id='word_1_130' title='bbox 1095 3261 1161 3322; x_wconf 91' lang='lat' dir='ltr'>per</span> <span class='ocrx_word' id='word_1_131' title='bbox 1192 3244 1227 3304; x_wconf 90' lang='lat' dir='ltr'>la</span> <span class='ocrx_word' id='word_1_132' title='bbox 1257 3240 1408 3322; x_wconf 85' lang='lat' dir='ltr'>cagione</span> 
     </span>
     <span class='ocr_line' id='line_1_24' title="bbox 141 3346 1408 3430; baseline 0.004 -24"><span class='ocrx_word' id='word_1_133' title='bbox 141 3346 294 3422; x_wconf 89' lang='lat' dir='ltr'>predetta</span> <span class='ocrx_word' id='word_1_134' title='bbox 316 3347 447 3410; x_wconf 89' lang='lat' dir='ltr'>inclino</span> <span class='ocrx_word' id='word_1_135' title='bbox 471 3346 530 3430; x_wconf 84' lang='lat' dir='ltr'>pid</span> <span class='ocrx_word' id='word_1_136' title='bbox 556 3367 577 3410; x_wconf 86' lang='lat' dir='ltr'>a</span> <span class='ocrx_word' id='word_1_137' title='bbox 602 3347 821 3427; x_wconf 86' lang='lat' dir='ltr'>rimanermi,</span> <span class='ocrx_word' id='word_1_138' title='bbox 854 3349 991 3411; x_wconf 62' lang='lat' dir='ltr'>bench&amp;</span> <span class='ocrx_word' id='word_1_139' title='bbox 1016 3347 1053 3411; x_wconf 92' lang='lat' dir='ltr'>in</span> <span class='ocrx_word' id='word_1_140' title='bbox 1077 3357 1202 3429; x_wconf 87' lang='lat' dir='ltr'>questa</span> <span class='ocrx_word' id='word_1_141' title='bbox 1225 3357 1327 3429; x_wconf 90' lang='lat' dir='ltr'>parte</span> <span class='ocrx_word' id='word_1_142' title='bbox 1350 3367 1408 3411; x_wconf 87' lang='lat' dir='ltr'>an·</span> 
     </span>
     <span class='ocr_line' id='line_1_25' title="bbox 142 3451 1407 3536; baseline 0.006 -26"><span class='ocrx_word' id='word_1_143' title='bbox 142 3451 219 3514; x_wconf 85' lang='lat' dir='ltr'>chor</span> <span class='ocrx_word' id='word_1_144' title='bbox 242 3453 371 3517; x_wconf 88' lang='lat' dir='ltr'>habbia</span> <span class='ocrx_word' id='word_1_145' title='bbox 394 3455 521 3517; x_wconf 91' lang='lat' dir='ltr'>alcune</span> <span class='ocrx_word' id='word_1_146' title='bbox 546 3453 763 3536; x_wconf 84' lang='lat' dir='ltr'>difficultati,</span> <span class='ocrx_word' id='word_1_147' title='bbox 800 3464 836 3517; x_wconf 88' lang='lat' dir='ltr'>et</span> <span class='ocrx_word' id='word_1_148' title='bbox 859 3455 1112 3534; x_wconf 6' lang='lat' dir='ltr'>risoltvendomi</span> <span class='ocrx_word' id='word_1_149' title='bbox 1136 3454 1171 3516; x_wconf 92' lang='lat' dir='ltr'>di</span> <span class='ocrx_word' id='word_1_150' title='bbox 1195 3465 1291 3517; x_wconf 88' lang='lat' dir='ltr'>stare</span> <span class='ocrx_word' id='word_1_151' title='bbox 1315 3475 1407 3517; x_wconf 86' lang='lat' dir='ltr'>man-</span> 
     </span>
     <span class='ocr_line' id='line_1_26' title="bbox 142 3556 1409 3644; baseline 0.006 -28"><span class='ocrx_word' id='word_1_152' title='bbox 142 3556 218 3622; x_wconf 83' lang='lat' dir='ltr'>derb</span> <span class='ocrx_word' id='word_1_153' title='bbox 250 3561 361 3626; x_wconf 88' lang='lat' dir='ltr'>dietro</span> <span class='ocrx_word' id='word_1_154' title='bbox 392 3563 426 3623; x_wconf 85' lang='lat' dir='ltr'>al</span> <span class='ocrx_word' id='word_1_155' title='bbox 451 3560 613 3644; x_wconf 90' lang='lat' dir='ltr'>principe</span> <span class='ocrx_word' id='word_1_156' title='bbox 644 3564 678 3625; x_wconf 89' lang='lat' dir='ltr'>el</span> <span class='ocrx_word' id='word_1_157' title='bbox 701 3559 877 3640; x_wconf 85' lang='lat' dir='ltr'>Rorario‚</span> <span class='ocrx_word' id='word_1_158' title='bbox 913 3561 1078 3624; x_wconf 71' lang='lat' dir='ltr'>acciochd</span> <span class='ocrx_word' id='word_1_159' title='bbox 1110 3561 1329 3643; x_wconf 87' lang='lat' dir='ltr'>sequendolo</span> <span class='ocrx_word' id='word_1_160' title='bbox 1362 3560 1409 3624; x_wconf 89' lang='lat' dir='ltr'>mi</span> 
     </span>
     <span class='ocr_line' id='line_1_27' title="bbox 141 3667 1407 3750; baseline 0.002 -24"><span class='ocrx_word' id='word_1_161' title='bbox 141 3667 254 3748; x_wconf 85' lang='lat' dir='ltr'>tenghi</span> <span class='ocrx_word' id='word_1_162' title='bbox 278 3668 413 3732; x_wconf 87' lang='lat' dir='ltr'>avisato</span> <span class='ocrx_word' id='word_1_163' title='bbox 438 3667 473 3729; x_wconf 90' lang='lat' dir='ltr'>di</span> <span class='ocrx_word' id='word_1_164' title='bbox 497 3669 616 3749; x_wconf 90' lang='lat' dir='ltr'>quello</span> <span class='ocrx_word' id='word_1_165' title='bbox 640 3669 720 3731; x_wconf 72' lang='lat' dir='ltr'>sara</span> <span class='ocrx_word' id='word_1_166' title='bbox 744 3687 946 3750; x_wconf 87' lang='lat' dir='ltr'>opportuno</span> <span class='ocrx_word' id='word_1_167' title='bbox 982 3668 1035 3729; x_wconf 89' lang='lat' dir='ltr'>ch&#39;</span> <span class='ocrx_word' id='word_1_168' title='bbox 1053 3668 1087 3730; x_wconf 92' lang='lat' dir='ltr'>io</span> <span class='ocrx_word' id='word_1_169' title='bbox 1112 3667 1258 3731; x_wconf 83' lang='lat' dir='ltr'>intende</span> <span class='ocrx_word' id='word_1_170' title='bbox 1282 3676 1317 3731; x_wconf 91' lang='lat' dir='ltr'>et</span> <span class='ocrx_word' id='word_1_171' title='bbox 1341 3686 1407 3730; x_wconf 91' lang='lat' dir='ltr'>me-</span> 
     </span>
     <span class='ocr_line' id='line_1_28' title="bbox 141 3770 1004 3839; baseline 0.009 -9"><span class='ocrx_word' id='word_1_172' title='bbox 141 3770 383 3838; x_wconf 86' lang='lat' dir='ltr'>desimamente</span> <span class='ocrx_word' id='word_1_173' title='bbox 407 3773 495 3837; x_wconf 86' lang='lat' dir='ltr'>avisi</span> <span class='ocrx_word' id='word_1_174' title='bbox 519 3773 562 3839; x_wconf 89' lang='lat' dir='ltr'>N.</span> <span class='ocrx_word' id='word_1_175' title='bbox 587 3773 621 3838; x_wconf 88' lang='lat' dir='ltr'>S.</span> <span class='ocrx_word' id='word_1_176' title='bbox 646 3776 690 3837; x_wconf 90' lang='lat' dir='ltr'>de</span> <span class='ocrx_word' id='word_1_177' title='bbox 714 3777 748 3838; x_wconf 89' lang='lat' dir='ltr'>le</span> <span class='ocrx_word' id='word_1_178' title='bbox 773 3775 1004 3838; x_wconf 80' lang='lat' dir='ltr'>occurrentia.</span> 
     </span>
    </p>

    <p class='ocr_par' dir='ltr' id='par_1_13' title="bbox 140 3879 1409 4480">
     <span class='ocr_line' id='line_1_29' title="bbox 218 3879 1409 3964; baseline 0.002 -22"><span class='ocrx_word' id='word_1_179' title='bbox 218 3880 263 3942; x_wconf 90' lang='lat' dir='ltr'>Et</span> <span class='ocrx_word' id='word_1_180' title='bbox 286 3882 416 3964; x_wconf 69' lang='lat' dir='ltr'>perche</span> <span class='ocrx_word' id='word_1_181' title='bbox 441 3883 474 3944; x_wconf 91' lang='lat' dir='ltr'>el</span> <span class='ocrx_word' id='word_1_182' title='bbox 498 3880 545 3944; x_wconf 91' lang='lat' dir='ltr'>mi</span> <span class='ocrx_word' id='word_1_183' title='bbox 569 3881 647 3945; x_wconf 90' lang='lat' dir='ltr'>dice</span> <span class='ocrx_word' id='word_1_184' title='bbox 672 3882 738 3944; x_wconf 87' lang='lat' dir='ltr'>che</span> <span class='ocrx_word' id='word_1_185' title='bbox 770 3880 830 3961; x_wconf 70' lang='lat' dir='ltr'>gia</span> <span class='ocrx_word' id='word_1_186' title='bbox 854 3901 941 3944; x_wconf 88' lang='lat' dir='ltr'>sono</span> <span class='ocrx_word' id='word_1_187' title='bbox 965 3879 1063 3943; x_wconf 83' lang='lat' dir='ltr'>finite</span> <span class='ocrx_word' id='word_1_188' title='bbox 1087 3891 1123 3943; x_wconf 90' lang='lat' dir='ltr'>et</span> <span class='ocrx_word' id='word_1_189' title='bbox 1147 3890 1351 3944; x_wconf 89' lang='lat' dir='ltr'>consumate</span> <span class='ocrx_word' id='word_1_190' title='bbox 1374 3882 1409 3944; x_wconf 88' lang='lat' dir='ltr'>le</span> 
     </span>
     <span class='ocr_line' id='line_1_30' title="bbox 140 3987 1409 4070; baseline 0.005 -26"><span class='ocrx_word' id='word_1_191' title='bbox 140 4003 194 4048; x_wconf 91' lang='lat' dir='ltr'>sue</span> <span class='ocrx_word' id='word_1_192' title='bbox 216 3987 427 4068; x_wconf 89' lang='lat' dir='ltr'>provisioni;</span> <span class='ocrx_word' id='word_1_193' title='bbox 453 3988 605 4051; x_wconf 88' lang='lat' dir='ltr'>essendo</span> <span class='ocrx_word' id='word_1_194' title='bbox 630 4008 766 4070; x_wconf 88' lang='lat' dir='ltr'>povero</span> <span class='ocrx_word' id='word_1_195' title='bbox 791 3997 826 4050; x_wconf 91' lang='lat' dir='ltr'>et</span> <span class='ocrx_word' id='word_1_196' title='bbox 851 4008 921 4051; x_wconf 91' lang='lat' dir='ltr'>non</span> <span class='ocrx_word' id='word_1_197' title='bbox 937 3988 1103 4050; x_wconf 87' lang='lat' dir='ltr'>havendo</span> <span class='ocrx_word' id='word_1_198' title='bbox 1123 3987 1169 4050; x_wconf 89' lang='lat' dir='ltr'>da</span> <span class='ocrx_word' id='word_1_199' title='bbox 1183 3987 1409 4051; x_wconf 88' lang='lat' dir='ltr'>intertenersi</span> 
     </span>
     <span class='ocr_line' id='line_1_31' title="bbox 140 4091 1407 4177; baseline 0.004 -26"><span class='ocrx_word' id='word_1_200' title='bbox 140 4091 208 4154; x_wconf 74' lang='lat' dir='ltr'>sara</span> <span class='ocrx_word' id='word_1_201' title='bbox 241 4093 443 4158; x_wconf 85' lang='lat' dir='ltr'>necessario</span> <span class='ocrx_word' id='word_1_202' title='bbox 478 4094 683 4177; x_wconf 89' lang='lat' dir='ltr'>provederli</span> <span class='ocrx_word' id='word_1_203' title='bbox 717 4103 753 4158; x_wconf 90' lang='lat' dir='ltr'>et</span> <span class='ocrx_word' id='word_1_204' title='bbox 777 4103 876 4158; x_wconf 85' lang='lat' dir='ltr'>tanto</span> <span class='ocrx_word' id='word_1_205' title='bbox 900 4094 960 4176; x_wconf 82' lang='lat' dir='ltr'>pib</span> <span class='ocrx_word' id='word_1_206' title='bbox 994 4102 1242 4176; x_wconf 88' lang='lat' dir='ltr'>prontamente</span> <span class='ocrx_word' id='word_1_207' title='bbox 1276 4103 1407 4175; x_wconf 86' lang='lat' dir='ltr'>quanto</span> 
     </span>
     <span class='ocr_line' id='line_1_32' title="bbox 140 4199 1409 4281; baseline 0.006 -25"><span class='ocrx_word' id='word_1_208' title='bbox 140 4199 196 4260; x_wconf 88' lang='lat' dir='ltr'>che</span> <span class='ocrx_word' id='word_1_209' title='bbox 220 4204 240 4264; x_wconf 72' lang='lat' dir='ltr'>‘l</span> <span class='ocrx_word' id='word_1_210' title='bbox 264 4201 411 4266; x_wconf 86' lang='lat' dir='ltr'>servitio</span> <span class='ocrx_word' id='word_1_211' title='bbox 444 4221 508 4264; x_wconf 90' lang='lat' dir='ltr'>suo</span> <span class='ocrx_word' id='word_1_212' title='bbox 542 4202 561 4264; x_wconf 78' lang='grc' dir='ltr'>ὲ</span> <span class='ocrx_word' id='word_1_213' title='bbox 592 4201 697 4264; x_wconf 87' lang='lat' dir='ltr'>fidele</span> <span class='ocrx_word' id='word_1_214' title='bbox 732 4209 767 4263; x_wconf 87' lang='lat' dir='ltr'>et</span> <span class='ocrx_word' id='word_1_215' title='bbox 800 4221 866 4264; x_wconf 89' lang='lat' dir='ltr'>con</span> <span class='ocrx_word' id='word_1_216' title='bbox 892 4199 1078 4281; x_wconf 85' lang='lat' dir='ltr'>diligentia</span> <span class='ocrx_word' id='word_1_217' title='bbox 1111 4209 1147 4262; x_wconf 89' lang='lat' dir='ltr'>et</span> <span class='ocrx_word' id='word_1_218' title='bbox 1179 4200 1252 4281; x_wconf 84' lang='lat' dir='ltr'>egli</span> <span class='ocrx_word' id='word_1_219' title='bbox 1284 4199 1409 4264; x_wconf 85' lang='lat' dir='ltr'>merita</span> 
     </span>
     <span class='ocr_line' id='line_1_33' title="bbox 140 4305 1406 4390; baseline 0.005 -26"><span class='ocrx_word' id='word_1_220' title='bbox 140 4305 215 4385; x_wconf 84' lang='lat' dir='ltr'>ogni</span> <span class='ocrx_word' id='word_1_221' title='bbox 237 4309 329 4372; x_wconf 90' lang='lat' dir='ltr'>bene</span> <span class='ocrx_word' id='word_1_222' title='bbox 354 4327 421 4390; x_wconf 90' lang='lat' dir='ltr'>per</span> <span class='ocrx_word' id='word_1_223' title='bbox 444 4310 477 4370; x_wconf 93' lang='lat' dir='ltr'>le</span> <span class='ocrx_word' id='word_1_224' title='bbox 502 4307 595 4370; x_wconf 78' lang='lat' dir='ltr'>virtlr</span> <span class='ocrx_word' id='word_1_225' title='bbox 620 4327 700 4382; x_wconf 89' lang='lat' dir='ltr'>sue;</span> <span class='ocrx_word' id='word_1_226' title='bbox 734 4309 846 4389; x_wconf 85' lang='lat' dir='ltr'>perhb</span> <span class='ocrx_word' id='word_1_227' title='bbox 872 4308 980 4370; x_wconf 91' lang='lat' dir='ltr'>molto</span> <span class='ocrx_word' id='word_1_228' title='bbox 1005 4307 1039 4370; x_wconf 94' lang='lat' dir='ltr'>lo</span> <span class='ocrx_word' id='word_1_229' title='bbox 1064 4308 1301 4370; x_wconf 88' lang='lat' dir='ltr'>raccomando</span> <span class='ocrx_word' id='word_1_230' title='bbox 1325 4329 1347 4369; x_wconf 89' lang='lat' dir='ltr'>a</span> <span class='ocrx_word' id='word_1_231' title='bbox 1370 4305 1406 4370; x_wconf 88' lang='lat' dir='ltr'>S.</span> 
     </span>
     <span class='ocr_line' id='line_1_34' title="bbox 140 4407 522 4480; baseline 0.021 -9"><span class='ocrx_word' id='word_1_232' title='bbox 140 4407 235 4475; x_wconf 49' lang='lat' dir='ltr'>Suet</span> <span class='ocrx_word' id='word_1_233' title='bbox 259 4434 281 4477; x_wconf 84' lang='lat' dir='ltr'>a</span> <span class='ocrx_word' id='word_1_234' title='bbox 307 4414 349 4479; x_wconf 91' lang='lat' dir='ltr'>V.</span> <span class='ocrx_word' id='word_1_235' title='bbox 375 4413 522 4480; x_wconf 74' lang='lat'>8¹¹¹....</span> 
     </span>
    </p>

    <p class='ocr_par' dir='ltr' id='par_1_14' title="bbox 139 4519 1407 4710">
     <span class='ocr_line' id='line_1_35' title="bbox 215 4519 1407 4603; baseline 0 -20"><span class='ocrx_word' id='word_1_236' title='bbox 215 4520 253 4584; x_wconf 95' lang='lat' dir='ltr'>Io</span> <span class='ocrx_word' id='word_1_237' title='bbox 278 4521 398 4585; x_wconf 86' lang='lat' dir='ltr'>scrissi</span> <span class='ocrx_word' id='word_1_238' title='bbox 422 4523 488 4584; x_wconf 92' lang='lat' dir='ltr'>che</span> <span class='ocrx_word' id='word_1_239' title='bbox 512 4529 637 4603; x_wconf 90' lang='lat' dir='ltr'>questo</span> <span class='ocrx_word' id='word_1_240' title='bbox 662 4519 888 4583; x_wconf 86' lang='lat' dir='ltr'>serenissimo</span> <span class='ocrx_word' id='word_1_241' title='bbox 911 4520 1074 4603; x_wconf 83' lang='lat' dir='ltr'>principe</span> <span class='ocrx_word' id='word_1_242' title='bbox 1100 4521 1216 4582; x_wconf 87' lang='lat' dir='ltr'>havea</span> <span class='ocrx_word' id='word_1_243' title='bbox 1239 4520 1407 4583; x_wconf 87' lang='lat' dir='ltr'>mandato</span> 
     </span>
     <span class='ocr_line' id='line_1_36' title="bbox 139 4622 1407 4710; baseline 0.005 -26"><span class='ocrx_word' id='word_1_244' title='bbox 139 4622 265 4692; x_wconf 87' lang='lat' dir='ltr'>intorno</span> <span class='ocrx_word' id='word_1_245' title='bbox 290 4650 313 4692; x_wconf 85' lang='lat' dir='ltr'>a</span> <span class='ocrx_word' id='word_1_246' title='bbox 332 4630 495 4708; x_wconf 89' lang='lat' dir='ltr'>Valsuth,</span> <span class='ocrx_word' id='word_1_247' title='bbox 520 4629 653 4710; x_wconf 82' lang='lat' dir='ltr'>luogho</span> <span class='ocrx_word' id='word_1_248' title='bbox 678 4630 744 4690; x_wconf 87' lang='lat' dir='ltr'>che</span> <span class='ocrx_word' id='word_1_249' title='bbox 768 4636 870 4690; x_wconf 85' lang='lat' dir='ltr'>stava</span> <span class='ocrx_word' id='word_1_250' title='bbox 885 4647 930 4690; x_wconf 87' lang='lat' dir='ltr'>ne</span> <span class='ocrx_word' id='word_1_251' title='bbox 945 4629 980 4690; x_wconf 92' lang='lat' dir='ltr'>la</span> <span class='ocrx_word' id='word_1_252' title='bbox 1003 4626 1193 4709; x_wconf 84' lang='lat' dir='ltr'>pertinatia</span> <span class='ocrx_word' id='word_1_253' title='bbox 1208 4628 1407 4706; x_wconf 83' lang='lat' dir='ltr'>lutherana,</span> 
     </span>
    </p>
   </div>
   <div class='ocr_carea' id='block_1_13' title="bbox 43 4733 1406 4817">
    <p class='ocr_par' dir='ltr' id='par_1_15' title="bbox 43 4733 1406 4817">
     <span class='ocr_line' id='line_1_37' title="bbox 43 4733 1406 4817; baseline 0.003 -25"><span class='ocrx_word' id='word_1_254' title='bbox 43 4781 44 4802; x_wconf 48' lang='lat'><em>2</em></span> <span class='ocrx_word' id='word_1_255' title='bbox 140 4735 252 4799; x_wconf 87' lang='lat' dir='ltr'>alcune</span> <span class='ocrx_word' id='word_1_256' title='bbox 274 4736 446 4817; x_wconf 73' lang='lat' dir='ltr'>semeria,</span> <span class='ocrx_word' id='word_1_257' title='bbox 477 4735 605 4798; x_wconf 85' lang='lat' dir='ltr'>cavalli</span> <span class='ocrx_word' id='word_1_258' title='bbox 629 4745 665 4798; x_wconf 89' lang='lat' dir='ltr'>et</span> <span class='ocrx_word' id='word_1_259' title='bbox 689 4733 901 4816; x_wconf 78' lang='lat' dir='ltr'>artigliarie3</span> <span class='ocrx_word' id='word_1_260' title='bbox 934 4754 992 4796; x_wconf 86' lang='lat' dir='ltr'>ma</span> <span class='ocrx_word' id='word_1_261' title='bbox 1014 4733 1146 4815; x_wconf 74' lang='lat' dir='ltr'>perche</span> <span class='ocrx_word' id='word_1_262' title='bbox 1170 4733 1200 4795; x_wconf 91' lang='lat' dir='ltr'>si</span> <span class='ocrx_word' id='word_1_263' title='bbox 1224 4753 1311 4796; x_wconf 90' lang='lat' dir='ltr'>sono</span> <span class='ocrx_word' id='word_1_264' title='bbox 1336 4735 1406 4796; x_wconf 90' lang='lat' dir='ltr'>ben</span> 
     </span>
    </p>
   </div>
   <div class='ocr_carea' id='block_1_14' title="bbox 140 4837 1406 4926">
    <p class='ocr_par' dir='ltr' id='par_1_16' title="bbox 43 4821 1406 4926">
     <span class='ocr_line' id='line_1_38' title="bbox 140 4837 1406 4926; baseline 0.007 -27.288"><span class='ocrx_word' id='word_1_265' title='bbox 140 4837 304 4908; x_wconf 84' lang='lat' dir='ltr'>fortificati</span> <span class='ocrx_word' id='word_1_266' title='bbox 336 4851 372 4908; x_wconf 92' lang='lat' dir='ltr'>et</span> <span class='ocrx_word' id='word_1_267' title='bbox 395 4841 491 4908; x_wconf 86' lang='lat' dir='ltr'>hassi</span> <span class='ocrx_word' id='word_1_268' title='bbox 516 4841 624 4907; x_wconf 89' lang='lat' dir='ltr'>dubio</span> <span class='ocrx_word' id='word_1_269' title='bbox 656 4843 721 4906; x_wconf 89' lang='lat' dir='ltr'>che</span> <span class='ocrx_word' id='word_1_270' title='bbox 746 4861 816 4905; x_wconf 93' lang='lat' dir='ltr'>non</span> <span class='ocrx_word' id='word_1_271' title='bbox 842 4840 999 4906; x_wconf 89' lang='lat' dir='ltr'>habbino</span> <span class='ocrx_word' id='word_1_272' title='bbox 1032 4841 1183 4926; x_wconf 85' lang='lat' dir='ltr'>qualche</span> <span class='ocrx_word' id='word_1_273' title='bbox 1206 4837 1330 4906; x_wconf 78' lang='lat' dir='ltr'>favore</span> <span class='ocrx_word' id='word_1_274' title='bbox 1361 4840 1406 4908; x_wconf 76' lang='lat' dir='ltr'>da</span> 
     </span>
    </p>
   </div>
   <div class='ocr_carea' id='block_1_15' title="bbox 0 0 1718 5700">
    <p class='ocr_par' dir='ltr' id='par_1_17' title="bbox 0 0 1718 5700">
     <span class='ocr_line' id='line_1_39' title="bbox 0 0 1718 5700; baseline 0 0"><span class='ocrx_word' id='word_1_275' title='bbox 0 0 1718 5700; x_wconf 95' lang='lat' dir='ltr'> </span> 
     </span>
    </p>
   </div>
  </div>
 </body>
</html>
