3425 5700
632 577 691 650 ao
728 581 780 652 In'
820 572 879 650 oe·

128 748 276 802 menzato
307 739 441 803 anchor
473 749 598 822 questo
629 740 754 804 Paese.
808 743 850 805 El
881 742 995 826 primo
1030 741 1157 824 giorno
1189 737 1319 824 partite
1351 718 1396 804 de

127 850 173 926 qui
199 845 410 928 Monsignor
433 847 478 909 de
502 847 635 911 Trento
660 848 684 909 li
708 846 885 931 supinati
918 847 942 910 li
966 847 1050 912 muli
1074 848 1119 910 da
1143 846 1252 911 vilani
1277 857 1313 910 et
1335 847 1396 930 poi

127 953 292 1035 restituiti,
317 964 353 1016 et
376 975 397 1017 a
420 953 470 1017 lui
492 954 517 1016 li
542 953 580 1018 fu
604 954 700 1017 dicto
725 957 792 1019 che
815 956 836 1018 l'
855 957 997 1030 andava
1021 975 1088 1018 con
1112 954 1202 1018 tanti
1222 955 1336 1017 cavali
1361 965 1397 1017 et

127 1069 214 1124 tanta
243 1061 412 1144 superbia
442 1070 478 1123 et
508 1063 574 1124 che
599 1060 669 1125 San
694 1062 815 1126 Pietro
846 1065 963 1125 havea
993 1063 1038 1124 de
1061 1061 1178 1144 gratia
1209 1063 1395 1126 cavalcare

128 1189 161 1230 un
187 1168 302 1239 esium
327 1167 387 1252 poi
411 1188 477 1251 per
500 1169 535 1232 la
559 1171 680 1231 strada
703 1168 728 1232 li
752 1169 791 1232 fu
806 1169 894 1233 facti
917 1169 1048 1232 diversi
1062 1169 1192 1232 insulti.
1230 1168 1272 1232 Li
1286 1169 1396 1232 vilani

128 1277 161 1338 de
180 1275 329 1338 Brixina
353 1276 505 1340 essendo
530 1286 672 1339 menato
698 1296 767 1339 uno
792 1279 850 1339 ala
873 1275 1006 1340 iustitia
1029 1296 1076 1358 ge
1100 1277 1134 1338 lo
1158 1278 1307 1340 levorno
1331 1297 1397 1358 per

128 1380 223 1461 fona,
248 1384 295 1446 da
317 1382 377 1465 poi
401 1402 489 1446 sono
515 1381 645 1446 entrati
668 1403 713 1446 ne
737 1384 773 1446 la
796 1393 892 1447 terra
917 1391 953 1446 et
973 1385 1067 1446 hano
1083 1383 1288 1465 sachegiate
1305 1391 1396 1447 tutte

128 1489 153 1551 le
171 1509 256 1552 cose
280 1489 336 1550 de'
361 1489 523 1553 canonIci
547 1497 583 1552 et
606 1489 709 1574 preti,
734 1491 843 1572 dopoi
868 1491 952 1553 data
977 1491 1010 1552 la
1034 1489 1168 1553 batalia
1192 1491 1225 1553 al
1249 1491 1396 1553 castello

129 1605 157 1657 et
173 1595 323 1660 amazati
354 1596 414 1660 dui
443 1597 488 1659 de
515 1596 622 1678 quelli
654 1598 712 1660 del
736 1597 892 1661 Castello
925 1607 961 1660 et
984 1598 1141 1659 anchora
1170 1599 1206 1659 lo
1238 1605 1396 1678 tengono

130 1703 311 1767 obsediato.
357 1703 463 1768 Hano
495 1705 663 1768 mandato
694 1725 716 1766 a
747 1704 953 1768 dimandare
985 1705 1018 1766 el
1041 1723 1213 1784 vescovo,
1249 1705 1283 1766 el
1316 1705 1398 1785 qual

131 1821 242 1891 questa
264 1819 370 1874 nocte
404 1830 471 1873 con
505 1810 633 1892 cinque
664 1813 779 1874 cavali
812 1811 837 1874 li
862 1809 882 1874 ὲ
906 1812 1038 1873 andato
1071 1829 1138 1892 per
1168 1810 1279 1873 veder
1311 1829 1350 1873 se
1374 1810 1398 1873 li

131 1918 197 1997 pole
219 1916 419 1999 acquietar;
444 1917 561 1981 sicche
586 1939 683 1982 semo
707 1920 741 1981 al
765 1927 932 2002 presente
956 1920 1002 1982 da
1025 1938 1090 2000 per
1108 1927 1200 1981 tutto
1217 1917 1399 1980 attorniati

131 2031 159 2083 et
177 2022 298 2087 dubito
330 2045 377 2086 un
401 2024 527 2103 giorno
560 2025 606 2087 de
629 2045 676 2088 un
700 2025 937 2106 grandissimo
962 2026 1149 2104 scandale,
1186 2033 1221 2087 et
1244 2025 1397 2088 maxime

131 2147 182 2209 per
201 2131 314 2193 haver
337 2131 371 2193 el
386 2149 496 2212 paese
514 2129 611 2194 facto
627 2131 813 2195 intendere
831 2133 864 2194 al
883 2131 1047 2213 Principe
1071 2132 1151 2193 chel
1171 2130 1278 2192 debia
1293 2149 1397 2192 cazar

132 2237 168 2298 da
191 2257 228 2300 se
252 2235 507 2318 Salamancha,
544 2248 580 2301 et
609 2240 657 2301 lui
682 2259 727 2301 va
751 2239 1023 2321 tergiversando
1053 2235 1102 2300 fin
1126 2239 1204 2301 chel
1236 2236 1304 2298 tira
1327 2255 1398 2300 una

133 2341 217 2407 ruina
246 2344 376 2407 adosso
401 2345 446 2408 de
471 2364 509 2408 se
541 2353 578 2407 et
599 2345 646 2412 de
677 2346 702 2406 li
726 2345 806 2408 altri
838 2355 875 2408 et
897 2343 931 2407 io
956 2346 992 2407 la
1014 2345 1107 2407 vedo
1141 2345 1185 2406 de
1209 2345 1258 2405 tal
1284 2352 1396 2419 sorte3

133 2455 207 2513 cussl
230 2450 301 2515 Dio
333 2451 429 2514 facia
461 2452 526 2516 che
559 2451 594 2514 io
618 2451 807 2525 mentisca;
843 2452 909 2515 che
943 2453 994 2515 sel
1027 2471 1097 2514 non
1131 2450 1228 2515 fusse
1261 2452 1326 2513 che
1349 2451 1397 2512 ho

134 2556 314 2621 deliberato
337 2558 451 2622 servir
475 2557 518 2622 N.
544 2555 580 2621 S.
605 2556 653 2620 fin
678 2579 699 2620 a
723 2560 756 2620 la
780 2567 909 2639 morte,
934 2557 992 2640 gii
1017 2579 1072 2621 me
1097 2557 1191 2620 saria
1214 2555 1351 2619 ritirato
1375 2576 1398 2618 a

134 2661 248 2727 Trento
272 2675 309 2728 et
332 2665 356 2727 li
380 2665 490 2729 staria
513 2666 558 2728 ad
583 2674 756 2746 expectar
780 2666 859 2727 chel
883 2665 987 2727 desse
1011 2666 1044 2726 el
1068 2663 1251 2745 schioppo.

207 2749 235 2833 ij
257 2772 460 2836 necessario
484 2774 550 2836 che
575 2773 694 2836 avanti
720 2782 846 2856 quatro
867 2773 983 2854 giorni
1003 2773 1037 2834 el
1051 2770 1213 2854 principe
1231 2771 1289 2834 dia
1304 2791 1396 2834 reso-

134 2878 195 2939 luta
216 2889 377 2963 resposta
400 2902 423 2943 a
446 2879 556 2963 quelli
579 2902 643 2945 son
667 2900 733 2961 per
756 2881 780 2943 li
804 2880 912 2943 vilani
936 2881 995 2942 del
1019 2900 1127 2962 paese
1153 2882 1210 2961 qui
1235 2879 1270 2940 in
1291 2878 1397 2941 Dieta

135 3004 228 3066 sopra
247 2985 472 3052 Salamanca.
519 2988 571 3051 Le
601 2990 656 3050 lor
688 2997 861 3071 proposta
885 2986 905 3049 ὲ
930 2996 1022 3049 stata
1053 2987 1132 3048 chel
1166 2986 1272 3048 debia
1295 3004 1397 3048 cazar

42 3127 43 3138 κ
135 3090 183 3153 dal
203 3112 262 3157 suo
287 3094 445 3158 conselio
466 3094 548 3158 tutti
571 3094 596 3156 li
612 3093 841 3156 ecclesiastici
867 3104 902 3156 et
919 3091 1140 3173 Salmonea,
1164 3093 1295 3174 laquel
1313 3110 1398 3154 cosa

41 3258 42 3269 ,
133 3196 268 3264 iacendo
292 3201 317 3264 li
341 3221 470 3265 sarano
494 3202 580 3264 boni
605 3200 736 3264 subditi
761 3211 796 3263 et
820 3220 960 3282 sempre
983 3198 1226 3281 apparechiati
1249 3198 1284 3261 in
1312 3198 1396 3281 ogni

39 3323 43 3382 J
135 3324 188 3368 sua
208 3307 379 3371 necessit&
403 3327 566 3390 exponet
589 3310 625 3371 Ia
648 3310 738 3370 roba
761 3316 798 3369 et
821 3308 855 3369 la
880 3306 999 3387 roba²)
1024 3316 1059 3369 et
1076 3308 1134 3368 nol
1159 3305 1312 3368 iacendo
1336 3326 1395 3387 po-

40 3457 42 3466 .
136 3412 211 3475 neri
230 3416 262 3477 el
284 3424 377 3479 stato
401 3435 466 3478 suo
490 3415 525 3477 in
551 3415 670 3478 dubio.

210 3538 249 3600 In
272 3539 475 3621 Hiospruch
500 3539 559 3602 die
583 3538 675 3601 XIII
698 3538 786 3602 Maii
809 3534 1012 3600 MDXXV.

161 3785 181 3849 I)
198 3787 241 3836 Sic
259 3790 284 3837 in
302 3790 426 3852 originali
446 3791 621 3847 documento;
641 3790 752 3837 sortasse
771 3786 927 3849 legendum:
948 3785 992 3851 „la
1010 3784 1076 3833 roba
1094 3791 1120 3832 et
1139 3784 1165 3833 la
1185 3784 1262 3833 vito“.
