3425 5700
657 585 885 641 essese

143 728 378 794 Ecclesiastica
402 743 438 795 et
463 729 685 795 Sacerdotali
711 734 853 814 ordine,
886 753 978 813 quae
1004 734 1047 794 de
1071 731 1146 794 iure
1173 730 1293 793 divino
1318 740 1409 814 sunt,

142 837 237 919 longe
259 839 397 903 facilius
421 842 641 903 destructum
664 840 707 903 iri
731 840 933 903 dominatus
957 840 1183 922 temporales,
1209 838 1268 921 qui
1285 860 1349 901 nec
1366 840 1410 921 de

142 941 208 1006 iure
240 946 393 1010 naturali
431 957 523 1010 sunt.
579 946 659 1010 Non
696 948 789 1010 enIm
822 966 1005 1030 speremus
1039 948 1192 1029 populos
1226 956 1412 1009 curaturos

144 1052 290 1133 profana,
319 1054 379 1135 qui
403 1056 512 1118 semel
536 1055 740 1138 spreverint
763 1075 876 1118 sacra.

219 1160 390 1225 Martinus
421 1172 538 1225 autem
570 1174 607 1226 et
637 1183 760 1225 omnes
791 1164 893 1243 leges
926 1160 1085 1224 funditus
1110 1162 1287 1223 tollendas
1311 1180 1411 1242 aper-

143 1265 260 1330 tissime
284 1268 372 1331 dicit
395 1280 430 1332 et
455 1271 600 1332 decreta
624 1270 770 1332 Patrum
794 1268 997 1351 scriptaque
1013 1268 1043 1331 T
1045 1269 1278 1349 heologorum
1301 1268 1350 1329 ita
1374 1267 1410 1329 in

143 1372 204 1436 suis
234 1375 332 1438 libris
363 1379 526 1456 damnat,
558 1386 597 1439 ut
627 1397 670 1439 ea
701 1377 845 1459 publico
869 1376 943 1457 igni
969 1375 1219 1457 combusserit,
1253 1376 1412 1438 facturus

143 1480 252 1559 peiora
283 1484 471 1565 pandectis
502 1492 537 1546 et
569 1483 732 1547 civilibus
760 1484 902 1565 legibus
911 1533 920 1564 ,
952 1482 981 1545 si
1006 1502 1076 1545 non
1102 1482 1215 1565 magis
1238 1481 1412 1545 timuisset

143 1588 287 1666 gladium
318 1590 498 1671 Caesaris,
533 1611 638 1672 quam
672 1589 856 1654 Pontificis
890 1590 1271 1653 excomunicationem:
1306 1590 1411 1651 etiam

144 1697 215 1776 quia
236 1701 381 1763 nolebat
404 1699 472 1762 sibi
496 1707 550 1762 tot
573 1700 696 1761 hostes
720 1698 822 1761 simul
847 1696 1038 1761 concitare.

219 1806 343 1869 Fuisse
366 1805 435 1869 iam
460 1806 554 1869 mille
578 1806 681 1868 annis
706 1816 789 1868 ante
816 1816 978 1887 tempora
1008 1806 1134 1867 horum
1158 1805 1320 1886 Regum,
1352 1805 1411 1889 qui

144 1913 280 1976 nuncin
304 1913 450 2011 Europa
471 1912 611 1993 florent,
635 1914 774 1995 aliquos
798 1914 975 1976 interdum
999 1914 1111 1975 malos
1129 1912 1323 1976 Pontifices
1337 1912 1409 1975 Ro·

144 2038 265 2091 manos:
292 2031 328 2083 et
350 2021 386 2082 in
414 2020 623 2101 Apostolica
647 2022 860 2085 auctoritate
886 2020 1051 2102 Pipinum
1075 2019 1110 2081 in
1135 2019 1278 2101 Regem
1302 2019 1407 2085 Fran·

144 2144 250 2189 corum
280 2127 391 2191 fuisse
422 2128 612 2207 inunctum,
637 2126 803 2191 Carolum
828 2128 863 2189 in
890 2128 1155 2209 Imperatorem.
1191 2126 1268 2189 Hac
1295 2136 1410 2189 aucto-

144 2231 234 2297 ritate
258 2234 449 2316 Imperium
472 2234 508 2297 in
532 2236 692 2298 Francos
725 2238 772 2298 ab
796 2234 944 2298 Oriente
977 2242 1201 2314 revocatum,
1229 2254 1250 2296 a
1281 2233 1412 2297 francis

143 2338 173 2401 in
186 2340 388 2407 Germanos.
426 2343 682 2425 Imperatorem
706 2341 863 2423 eligendi
887 2342 971 2404 solis
991 2339 1178 2405 Germanis
1202 2342 1268 2403 hac
1287 2342 1411 2404 eadem

144 2450 341 2513 auctoritate
374 2470 600 2530 concessum,
634 2469 726 2532 quae
757 2450 787 2512 si
820 2450 916 2512 nulla
941 2459 1010 2527 est,
1045 2448 1073 2511 si
1099 2469 1221 2511 omnes
1244 2449 1412 2531 aequales

143 2566 214 2617 sunt
244 2564 294 2639 (ut
326 2556 412 2619 dicit
435 2557 582 2638 Luther)
613 2556 643 2619 si
674 2557 744 2619 iam
774 2556 870 2619 mille
897 2556 998 2619 annis
1022 2554 1076 2643 (ut
1099 2556 1191 2619 idem
1216 2556 1411 2636 asseverat)

145 2664 219 2725 nulli
242 2664 399 2727 Romani
424 2663 618 2727 Pontifices
639 2662 717 2727 veri
740 2663 894 2744 fuerunt,
923 2664 1055 2726 nullum
1080 2662 1189 2744 igitur
1212 2663 1412 2746 Imperium,

144 2771 247 2833 nullus
270 2771 479 2854 imperator,
504 2771 591 2834 nulli
607 2771 801 2852 Electores,
827 2770 913 2833 nihil
939 2770 1081 2832 omnino
1106 2778 1160 2833 est
1183 2771 1319 2849 horum,
1344 2790 1412 2854 que

144 2886 226 2943 totus
248 2879 346 2943 orbis
369 2882 542 2944 hactenus
565 2879 691 2951 tenuit;
717 2881 751 2941 in
777 2881 886 2942 chaos
911 2879 1094 2960 antiquum
1119 2877 1377 2940 confundimur.

221 2988 275 3050 De
302 3007 458 3068 persona
482 2985 666 3049 Pontificis
689 2985 819 3049 Leonis
843 2985 892 3048 X.
922 2985 1097 3048 neminem
1121 3006 1228 3069 posse
1252 2985 1327 3048 iure
1352 2988 1411 3047 ob·
1462 3065 1464 3070 Ι

145 3091 245 3174 loqui,
276 3093 337 3175 qui
369 3093 472 3155 sicuti
505 3094 602 3156 nullo
627 3091 806 3155 Simoniae
840 3092 1054 3155 adminiculo
1088 3094 1222 3155 electus
1245 3091 1329 3174 fuit,
1363 3091 1412 3155 ita

146 3199 272 3278 optimis
296 3220 438 3282 semper
460 3199 618 3264 moribus
642 3210 678 3263 et
701 3199 843 3279 integra
867 3197 941 3261 vita
964 3198 1031 3261 fuit
1056 3208 1091 3262 et
1115 3199 1217 3261 vixit.

222 3308 270 3370 At
293 3308 339 3370 de
362 3307 593 3370 abusionibus
610 3307 737 3370 Curiae
754 3306 953 3387 Romanae,
980 3306 1140 3388 quamvis
1165 3306 1194 3368 si
1214 3314 1412 3388 temperato

147 3412 262 3477 affectu
276 3415 556 3497 perpendantur,
578 3413 692 3477 minus
707 3415 838 3477 multae
855 3413 1040 3495 minusque
1056 3433 1186 3495 graves
1203 3413 1282 3494 sint,
1308 3434 1412 3495 quam

149 3516 319 3585 Germanis
350 3531 405 3585 est
434 3542 660 3603 persuasum,
694 3521 852 3584 scribant
885 3531 1003 3584 tamen
1038 3541 1080 3585 ea
1111 3541 1201 3604 quae
1227 3521 1414 3584 offendunt
1496 3603 1500 3609 Α

151 3627 228 3690 hanc
250 3628 469 3711 potissimum
493 3627 683 3692 Nationem
707 3629 891 3710 inclytam,
925 3639 961 3690 et
985 3627 1107 3691 Cesari
1138 3627 1412 3702 communicent;

151 3731 214 3812 ipse
234 3756 297 3818 per
311 3733 483 3799 Oratores
507 3754 590 3798 suos
605 3735 746 3799 Romae
771 3744 864 3818 aget,
890 3744 928 3798 ut
952 3734 1138 3798 desideriis
1162 3735 1291 3798 nostris
1314 3735 1412 3798 satis·

151 3837 213 3912 fian
249 3843 300 3906 sin
332 3844 446 3907 minus
478 3843 598 3925 aliqua
628 3845 753 3905 saltem
787 3842 901 3924 magis
934 3851 1135 3924 opportuna
1169 3853 1205 3905 et
1238 3842 1414 3905 salubrior

152 3945 331 4013 invenietur
355 3949 424 4030 via,
448 3970 513 4032 per
537 3970 641 4031 quam
665 3949 733 4012 ista
758 3949 992 4032 corrigantur,
1018 3969 1083 4012 nec
1100 3958 1218 4012 tamen
1235 3949 1413 4012 dividatur

154 4054 254 4118 tunica
281 4057 500 4120 inconsutilis
532 4055 614 4120 fidei
640 4056 861 4120 Catholicae:
894 4056 996 4120 sicuti
1025 4056 1086 4120 fiat
1110 4076 1257 4120 neeesse
1282 4068 1351 4137 est,
1384 4056 1413 4120 si

155 4156 325 4228 Lutherum
349 4184 550 4245 sequamur.

225 4267 267 4331 Et
299 4271 466 4352 quoniam
489 4270 683 4334 Lutherani
714 4290 855 4352 semper
886 4271 1048 4334 iactitant
1081 4291 1118 4334 se
1151 4291 1230 4334 esse
1260 4271 1413 4353 optimos

154 4369 229 4437 filios
257 4376 337 4441 fidei
362 4376 577 4458 Catholicae,
613 4379 744 4439 nullam
776 4376 942 4440 iaciendo
979 4379 1193 4441 mentionem
1225 4379 1413 4441 Romanae

154 4476 313 4547 Ecclesiae
344 4494 406 4547 aut
430 4483 535 4547 Sedis
560 4485 810 4568 Apostolicae,
842 4495 878 4546 et
904 4484 1123 4565 persuasisse
1148 4485 1314 4548 videntur
1337 4485 1411 4547 illu·

155 4587 302 4654 strissimo
332 4591 414 4655 duci
445 4601 483 4653 ut
513 4593 620 4655 etiam
650 4591 728 4673 ipse
759 4592 808 4654 sic
837 4591 948 4672 dicat,
982 4611 1129 4655 necesse
1155 4603 1208 4654 est
1232 4592 1340 4674 igitur
1363 4592 1411 4655 fa-

153 4700 343 4760 teanturvel
368 4719 406 4761 se
431 4699 544 4778 aliter,
569 4719 672 4780 quam
697 4699 830 4778 dicunt,
853 4698 988 4762 facere:
1014 4701 1071 4762 vel
1096 4699 1182 4762 illud
1197 4699 1233 4760 in
1248 4699 1412 4760 confesso

154 4798 268 4867 habere
289 4825 327 4868 se
350 4807 448 4868 solos
465 4805 684 4870 Catholicam
707 4805 813 4868 fidem
837 4807 948 4887 sequi,
974 4827 1038 4868 nos
1061 4826 1148 4869 vero
1173 4805 1262 4868 alios
1286 4805 1321 4867 in
1338 4814 1413 4869 tota

154 4901 218 4968 iere
245 4911 402 4995 Europa,
436 4913 495 4997 qui
528 4914 716 4999 Romanae
749 4933 913 4994 paremus
942 4913 1140 4994 Ecclesiae,
1177 4935 1198 4975 a
1227 4922 1325 4976 recta
1356 4911 1413 4976 via
