3425 5700
691 607 905 662 &Vbs

148 763 257 814 tamen
284 756 340 814 vel
376 753 495 814 mutila
529 754 583 814 vel
620 752 835 834 interpolata
864 752 898 814 in
924 752 1016 815 notis
1041 754 1271 834 editionibuS,
1295 756 1421 818 iterum

148 859 303 928 dedimus
329 881 519 942 veramque
546 880 667 923 eorum
693 860 881 923 lectionem
905 860 1074 923 cudimus.

230 975 414 1038 Auxilium
449 976 624 1038 voluimus
665 979 849 1038 veritatem
884 977 1137 1058 quaerentibus
1173 976 1421 1060 suppeditare;

148 1083 374 1146 monumentis
397 1082 580 1145 historiam
604 1083 796 1155 illustrare;
827 1104 892 1146 nec
922 1083 1045 1146 inutile
1070 1086 1206 1147 adhoc
1231 1106 1321 1167 opus
1345 1107 1422 1149 nos-

148 1201 250 1269 trum,
284 1189 349 1252 nisi
374 1203 497 1252 nostra
521 1210 587 1252 nos
610 1189 702 1252 fallit
726 1189 862 1271 opinio,
888 1192 1026 1254 evadet.
1074 1193 1129 1254 Ac
1153 1202 1345 1274 propterea
1368 1214 1422 1255 us·

148 1317 211 1376 que
243 1299 289 1358 ab
322 1295 421 1358 initio
451 1295 672 1358 collectionis
696 1305 838 1359 nostrae
864 1296 1050 1379 epistolam
1084 1299 1205 1379 Papae
1231 1299 1360 1361 Leonis
1384 1299 1418 1360 X

147 1403 188 1464 ad
212 1403 430 1467 Fridericum
455 1403 580 1466 ducem
605 1403 786 1466 Saxoniae
811 1407 929 1466 datam
955 1405 1098 1467 omnino
1121 1407 1167 1467 ab
1191 1406 1251 1468 illa
1272 1427 1363 1488 quae
1387 1405 1422 1468 in

148 1509 285 1588 Jenensi
312 1510 468 1574 editione
493 1531 641 1592 operum
670 1509 816 1572 lutheri
847 1510 1021 1591 impressa
1052 1521 1122 1591 est,
1157 1511 1333 1574 diversam
1361 1533 1421 1594 po-

148 1616 280 1682 suimus.

228 1725 296 1788 Die
322 1729 340 1785 8
369 1724 452 1804 Julii
478 1724 560 1786 anni
590 1743 671 1804 ¹5²0
696 1724 769 1786 Leo
794 1723 833 1785 X
863 1723 1050 1805 epistolam
1081 1724 1325 1805 gravissimam
1350 1725 1421 1788 Fri·

147 1831 260 1894 derico
285 1832 377 1895 Duci
409 1831 590 1894 Saxoniae
623 1830 773 1912 scripsit.
826 1830 1021 1912 Epistolam
1053 1833 1143 1894 hanc
1175 1832 1267 1895 inter
1303 1831 1423 1914 Opera

150 1937 288 2001 Lutheri
313 1939 395 2000 Vol.
421 1939 464 2003 ll.
499 1938 713 2011 invenimus;
753 1937 950 2000 invenimus
989 1937 1095 2000 etiam
1134 1938 1169 2000 in
1209 1940 1423 2002 collectioni·

146 2046 207 2106 bus
247 2045 522 2126 recentioribuS,
561 2065 632 2107 non
672 2045 936 2107 lutheranorum
975 2055 1111 2107 tantum
1143 2046 1204 2107 sed
1240 2057 1276 2107 et
1306 2047 1423 2109 catho-

147 2149 302 2232 licorum,
327 2153 424 2215 utin
450 2153 577 2234 Leplat
601 2163 637 2215 et
661 2151 756 2215 alibi.
808 2151 987 2233 Numquid
1011 2152 1078 2214 ista
1104 2152 1254 2233 epistola
1280 2155 1422 2217 authen·

145 2257 220 2339 tica,
246 2259 393 2339 sincera,
419 2279 589 2340 germana
614 2262 690 2322 est?

228 2367 312 2448 Ipsa
336 2367 461 2447 incipit
484 2367 553 2429 illis
577 2367 713 2429 verbis:
756 2366 857 2446 Quod
880 2367 927 2427 ad
957 2388 1018 2428 aas
1048 2378 1083 2427 et
1107 2367 1177 2429 ait:
1212 2367 1422 2444 Pontificem

146 2473 429 2552 gravissimorum
463 2475 618 2537 virorum
651 2474 854 2536 testimonio
887 2472 978 2535 scire
1009 2475 1146 2536 Ducem
1178 2495 1312 2537 summa
1343 2495 1421 2556 pru-

146 2581 264 2642 dentia
297 2601 502 2662 summaque
530 2581 566 2643 in
592 2583 706 2646 Deum
737 2592 773 2642 et
797 2581 1034 2642 orthodoxam
1057 2579 1164 2643 fidem
1187 2581 1336 2663 pietate,
1361 2603 1421 2644 no-

145 2687 275 2750 bilitate
300 2689 406 2752 etiam
431 2688 537 2750 animi
563 2698 598 2751 et
622 2689 792 2751 maiorum
824 2697 998 2768 perpetuo
1029 2687 1250 2750 Christianae
1281 2689 1421 2771 reipub-

145 2793 229 2859 licae
255 2807 292 2859 et
316 2793 471 2861 Sanctae
504 2793 590 2859 Sedi
618 2795 813 2858 faventium
845 2793 1031 2874 memoria,
1064 2815 1205 2877 semper
1233 2795 1420 2860 conatibus

143 2898 282 2965 Martini
308 2902 454 2965 Lutheri
477 2901 672 2984 iniquitatis
698 2901 757 2963 tilii
782 2901 971 2981 obstitisse,
996 2923 1110 2983 neque
1134 2904 1243 2965 ullum
1266 2924 1420 2985 unquam

144 3008 307 3072 auxilium
332 3020 391 3072 aut
408 3010 567 3073 favorem
590 3009 671 3072 huic
696 3009 828 3072 homini
852 3009 1082 3091 praestitisse,
1106 3009 1155 3072 ita
1178 3021 1216 3071 ut
1229 3021 1420 3091 augeretur

144 3116 291 3179 maxime
320 3116 571 3179 benevolentia
602 3136 671 3197 qua
695 3114 857 3197 pontifex
884 3118 1008 3178 ducem
1033 3120 1332 3197 prosequebatur,
1370 3116 1416 3198 ip·

143 3222 209 3284 sius
239 3224 423 3305 egregiam
457 3224 622 3286 virtutem
661 3244 801 3306 semper
838 3223 1040 3285 admiratus.
1103 3224 1190 3285 Post
1212 3225 1301 3286 haec
1339 3245 1417 3306 pro-

143 3330 297 3411 sequitur
321 3331 411 3393 Leo:
440 3328 730 3412 ,Sapientissime
754 3330 856 3393 huius
881 3330 1079 3411 pestilentis
1103 3351 1145 3393 ac
1169 3330 1335 3393 venenati
1360 3333 1418 3394 ho·

142 3434 239 3498 minis
275 3436 551 3500 familiaritatem
588 3445 796 3518 aspernatus
829 3458 868 3499 es
898 3485 938 3500 ..
994 3437 1086 3499 Illud
1128 3458 1215 3500 vero
1254 3437 1418 3520 religioni

143 3542 364 3606 tribuendum
389 3554 442 3606 est
467 3545 562 3625 quod
587 3565 764 3625 nunquam
790 3545 823 3606 in
851 3565 1051 3625 quenquam
1066 3554 1243 3608 tantorum
1259 3566 1418 3608 errorum

143 3650 348 3715 consensisti
373 3663 408 3713 et
433 3650 483 3713 eis
506 3652 625 3732 potius
655 3651 831 3714 obstitisti.
893 3652 966 3713 Nec
1002 3672 1067 3733 per
1102 3663 1137 3714 te
1173 3652 1313 3714 occasio
1346 3654 1417 3715 ulla

143 3756 220 3820 data
248 3768 305 3821 est
334 3779 355 3820 a
386 3767 508 3820 vetere
541 3767 576 3820 et
612 3758 777 3819 diuturno
809 3778 874 3839 per
899 3756 1068 3839 Spiritum
1087 3757 1260 3831 ,Sanctum
1289 3768 1341 3821 tot
1365 3780 1415 3822 se-

143 3862 225 3925 culis
243 3875 458 3929 conservato
483 3864 609 3927 ordine
632 3863 715 3926 fidei
732 3865 955 3927 orthodoxae
972 3864 1156 3927 deficere.“
1210 3864 1256 3927 Et
1279 3886 1416 3928 rursus:

145 3968 322 4047 „Hominis
354 3970 518 4034 scelerati
549 3981 584 4033 et
614 3970 740 4034 nefarii
772 3970 889 4052 impiis
920 3972 1105 4034 conatibus
1145 3974 1234 4034 tales
1273 3972 1414 4035 obices“

142 4075 235 4141 Deus
251 4077 429 4161 opposuit.
448 4113 489 4123 —
505 4077 585 4140 Non
602 4078 688 4140 satis
704 4080 795 4140 bene
813 4088 940 4140 sonant
953 4079 1036 4140 talia
1052 4090 1087 4141 et
1103 4087 1202 4141 tanta
1218 4100 1312 4141 anno
1334 4100 1416 4157 1520

143 4184 284 4267 scripta,
317 4206 438 4249 mense
462 4184 566 4265 Julio‚
602 4184 714 4246 tribus
745 4185 805 4246 vix
838 4184 1016 4247 mensibus
1047 4185 1236 4248 transactis
1268 4206 1313 4247 ex
1344 4205 1415 4267 quo

145 4288 349 4355 Valentinus
374 4315 394 4356 a
415 4292 606 4355 Deitleben
623 4292 733 4354 Ducis
756 4292 850 4372 apud
869 4292 1076 4355 Pontificem
1091 4292 1307 4372 administer,
1324 4292 1416 4355 Duci

143 4396 213 4477 ipso
238 4400 445 4483 scripserat:
484 4398 688 4481 ,Publicam
723 4398 852 4460 famam
877 4397 1065 4461 adfirmare
1090 4400 1282 4463 Lutherani
1308 4420 1329 4462 a
1353 4398 1414 4462 Sa·

144 4524 229 4569 xone
254 4506 314 4587 ali,
338 4506 454 4570 foveri
479 4517 515 4569 et
539 4508 730 4569 clementer
755 4505 911 4569 haberi“.

225 4614 413 4695 Quomodo
448 4611 617 4676 Pontifex
650 4632 770 4675 mense
801 4612 894 4691 Julio
927 4612 1105 4694 publicam
1133 4632 1258 4675 vocem
1293 4634 1414 4677 mense

143 4718 265 4785 Martio
291 4724 524 4800 clamantem,
556 4720 747 4802 ignorabat
770 4731 831 4781 aut
856 4719 986 4782 oblitus
1016 4723 1115 4783 erat?
1148 4722 1205 4783 vel
1236 4722 1413 4802 quomodo

144 4826 200 4891 tali
228 4829 401 4892 adversus
429 4826 566 4891 Ducem
598 4826 838 4889 assentatione
870 4826 1085 4890 vilescebat?
1132 4829 1325 4891 Praeterea
1356 4828 1413 4892 die

149 4952 158 4993 1
183 4935 317 5018 Aprilis
341 4935 424 4998 Dux
448 4936 541 5016 ipse,
572 4945 610 4996 ut
634 4954 671 4997 se
701 4944 823 4996 contra
847 4932 1084 4996 accusationis
1106 4953 1232 4997 vocem
1255 4945 1413 4998 tueretur
