3425 5700
649 591 896 647 θ43135114)

142 743 302 803 scandalo
327 742 392 803 che
416 742 593 821 potrebbe
618 738 778 816 advenir,
803 740 870 801 che
895 759 933 802 se
958 741 1240 821 provederebbe.
1280 740 1415 804 Ordind

142 851 237 912 etiam
263 850 330 911 che
358 847 521 931 sequenti
545 846 602 908 die
626 867 682 908 me
707 858 869 909 trovasse
893 849 986 909 bene
1012 867 1115 909 mane
1140 849 1174 909 al
1191 848 1347 911 conselio
1372 850 1416 909 de

142 956 337 1030 Alemania;
363 956 459 1036 quod
478 975 500 1017 a
515 975 571 1016 me
590 952 725 1015 factum
749 952 826 1032 fuit,
851 962 887 1015 et
903 952 999 1033 quivi
1014 954 1220 1034 presidente
1238 954 1417 1017 Cardinali

142 1062 309 1125 Gurcensi
342 1061 440 1124 multi
473 1060 631 1143 episcopi
664 1070 700 1121 et
732 1059 923 1122 consiliarii
947 1080 1013 1141 per
1035 1080 1106 1123 una
1130 1063 1218 1124 hora
1242 1073 1278 1124 et
1301 1063 1418 1144 megia

142 1171 170 1231 io
200 1170 270 1233 feci
303 1189 373 1231 uno
397 1168 556 1231 discorso
581 1168 625 1229 de
650 1167 673 1228 li
698 1167 758 1248 piu
783 1166 886 1249 gravi
912 1167 1024 1230 errori
1048 1168 1092 1230 de
1117 1177 1242 1249 questo
1267 1169 1417 1249 ribald0,

142 1278 295 1359 excerpti
326 1279 373 1339 da
395 1284 487 1339 tutte
511 1297 573 1339 sue
599 1294 725 1356 opere,
758 1275 790 1337 le
815 1277 920 1355 quale
945 1275 987 1356 (si
1011 1276 1090 1338 Deo
1115 1277 1244 1358 placet)
1269 1298 1333 1360 per
1358 1298 1417 1359 po-

142 1396 234 1447 terne
267 1385 399 1447 render
423 1404 528 1446 rason
554 1382 655 1445 achi
680 1403 724 1444 ne
749 1384 868 1463 parla,
902 1384 935 1444 le
959 1383 1005 1443 ho
1030 1392 1127 1445 tante
1152 1385 1248 1446 volte
1273 1385 1358 1446 lette
1384 1394 1419 1445 et

143 1494 273 1571 relette,
298 1511 409 1554 ancor
433 1493 498 1553 che
520 1489 609 1552 siino
633 1488 880 1571 grandissima,
905 1490 970 1551 che
987 1491 1020 1551 le
1036 1498 1145 1571 teugo
1171 1491 1271 1571 quasi
1292 1511 1418 1554 memo-

143 1599 229 1663 n'ter.
269 1599 315 1660 Et
339 1599 493 1661 maxime
518 1597 542 1660 li
567 1596 681 1659 toccai
706 1596 814 1677 quelli
838 1596 939 1677 punti
964 1598 1030 1659 che
1055 1618 1142 1660 sono
1165 1598 1225 1677 piu
1244 1598 1418 1661 abomine-

143 1708 206 1768 voli
236 1706 283 1768 ali
313 1706 407 1789 layci
433 1705 565 1768 dottori
589 1704 763 1783 meritati,
797 1705 856 1785 qui
880 1704 1077 1766 intererant
1102 1704 1259 1767 consilio
1307 1703 1419 1768 Simil-

143 1823 251 1875 mente
282 1813 307 1875 li
331 1810 463 1894 allegai
486 1810 586 1873 multi
610 1812 679 1874 loci
704 1811 871 1873 contrarii
897 1811 994 1874 tratti
1010 1812 1055 1873 da
1080 1812 1103 1873 li
1120 1812 1256 1893 antiqui
1281 1813 1420 1880 concilii

145 1930 175 1981 et
201 1921 331 1983 dottori
356 1918 449 1982 cossi
473 1919 571 2001 greci
596 1940 696 1981 corne
719 1918 830 1998 latini,
854 1920 898 1981 ne
923 1921 1085 1999 besogna
1106 1921 1243 2001 allegor
1268 1940 1334 2001 pur
1350 1942 1421 1984 una

143 2029 273 2107 parolla
306 2029 351 2089 de
376 2026 553 2106 Theologi
586 2028 632 2088 da
658 2044 722 2104 700
746 2026 829 2087 anni
852 2026 888 2089 in
914 2046 1001 2107 qua,
1034 2026 1165 2106 perche
1191 2027 1324 2089 Luther
1348 2048 1419 2090 non

144 2134 165 2194 li
191 2136 288 2213 vole,
320 2137 348 2196 sl
380 2136 446 2196 che
480 2135 599 2214 quello
631 2145 751 2215 tempo
786 2134 851 2195 che
885 2133 918 2195 io
950 2153 1086 2214 povero
1117 2136 1164 2197 ho
1188 2155 1304 2197 messo
1329 2137 1419 2198 altre

143 2244 232 2303 volte
254 2242 287 2304 in
313 2241 395 2303 udir
418 2249 454 2302 et
478 2242 579 2321 leger
603 2243 638 2302 la
663 2241 818 2303 dottrina
842 2241 900 2302 del
922 2240 1081 2303 Maestro
1106 2240 1151 2304 de
1176 2243 1209 2303 le
1234 2244 1418 2323 sententie,

144 2349 183 2409 tle
199 2346 233 2410 S.
250 2349 428 2411 Thomaso
453 2368 474 2410 o
499 2348 544 2409 de
568 2348 739 2410 nominati
762 2349 925 2429 besogna
950 2348 995 2409 ad
1017 2349 1350 2429 contemplationem
1375 2352 1419 2412 de

142 2465 261 2535 questo
294 2457 395 2517 ladro
427 2457 493 2516 che
526 2455 560 2515 io
594 2454 748 2517 confessi
780 2455 825 2516 ad
851 2450 1016 2536 despetto
1041 2455 1110 2517 mio
1135 2456 1200 2517 che
1225 2456 1258 2518 io
1283 2456 1420 2519 l'hahii

141 2581 258 2641 perso;
283 2561 406 2624 vedasi
431 2572 564 2642 quanto
588 2582 609 2623 a
633 2561 713 2623 tutti
739 2562 757 2623 ὲ
783 2564 944 2624 dannoso
970 2572 1095 2643 questo
1120 2564 1308 2627 assassino

225 2670 271 2731 Et
300 2670 432 2751 perche
464 2669 489 2730 li
513 2667 707 2731 Lutherani
737 2668 772 2730 in
803 2669 826 2731 li
860 2668 998 2731 articuli
1023 2670 1067 2731 de
1091 2678 1268 2751 potestate
1292 2691 1419 2753 papae,

142 2777 183 2837 de
205 2776 427 2859 purgatorio,
453 2776 498 2837 de
523 2775 701 2858 suffragiis
726 2778 835 2838 molto
861 2777 890 2838 si
914 2776 1073 2838 fundano
1097 2797 1205 2860 sopra
1228 2780 1263 2839 la
1280 2778 1420 2841 Chiesia

141 2903 255 2963 ¹areca,
280 2886 314 2947 la
339 2886 422 2965 qual
448 2885 576 2946 dicono
600 2884 767 2947 dissentit
790 2885 848 2947 dai
872 2885 982 2966 latini,
1007 2885 1051 2964 in,
1077 2887 1168 2948 oltra
1192 2886 1216 2948 li
1234 2887 1321 2949 detti
1338 2888 1418 2949 alle-

139 2992 210 3070 gati
236 2992 280 3053 de
303 2991 404 3053 molti
429 2991 622 3053 orthodoxi
645 2991 766 3072 graeci
791 2991 871 3053 tirai
889 2992 933 3054 de
951 2993 1090 3055 manica
1105 2993 1139 3054 la
1157 2993 1308 3074 original
1324 2995 1422 3056 bolla

142 3098 194 3158 del
220 3098 379 3160 Concilio
405 3099 450 3160 de
472 3097 639 3178 Firenze,
673 3096 765 3160 cossi
789 3098 823 3159 in
849 3119 958 3180 greco
984 3119 1084 3162 come
1109 3098 1144 3161 in
1169 3100 1295 3174 latin0,
1329 3101 1421 3163 dove

138 3205 383 3268 consentiente
409 3205 628 3286 Imperatore
642 3205 790 3284 ‘Joanne
811 3207 1009 3287 Paleologo
1035 3217 1071 3268 et
1095 3207 1359 3287 subscribente,
1383 3209 1420 3270 fu

137 3310 223 3372 satta
255 3313 289 3375 la
321 3311 514 3375 concordia
543 3312 587 3373 de
612 3313 632 3374 l'
653 3332 724 3374 una
748 3322 783 3374 et
807 3312 828 3374 l'
847 3313 939 3375 altra
962 3313 1106 3376 natione
1131 3323 1167 3376 et
1190 3314 1363 3377 orientale
1387 3324 1423 3377 et

138 3419 358 3481 occidentale
391 3417 553 3480 ecclesia.
601 3417 735 3498 Questa
760 3419 857 3481 bulla
881 3421 964 3481 hola
988 3429 1128 3483 trovata
1156 3441 1201 3482 ne
1225 3422 1249 3483 li
1273 3422 1420 3484 archivii

137 3524 178 3585 de
202 3525 381 3604 Wormes‚
407 3527 441 3587 la
465 3527 548 3606 qual
573 3545 674 3587 come
698 3527 731 3587 el
756 3525 904 3587 consilio
930 3528 974 3587 de
994 3527 1182 3590 Alemania
1205 3527 1298 3608 vide,
1323 3539 1419 3591 certe

136 3635 228 3696 resto
260 3636 404 3717 stupido
437 3646 472 3696 et
504 3636 611 3697 molto
647 3634 824 3698 satisfatto
849 3647 974 3698 contra
1000 3644 1125 3716 questo
1149 3635 1299 3698 ribaldo.
1348 3635 1420 3698 Sed

135 3760 201 3821 ego
225 3763 298 3805 non
324 3751 514 3805 contentus
536 3743 604 3804 hoc
629 3751 775 3824 tantum,
801 3745 847 3805 ho
873 3745 1008 3806 voltato
1034 3750 1126 3804 sotto
1151 3763 1258 3824 sopra
1281 3750 1371 3804 tutte
1388 3744 1421 3804 le

137 3848 279 3911 antiche
308 3849 453 3911 librarie
487 3850 531 3910 de
560 3858 685 3928 queste
708 3859 803 3912 terre
828 3849 922 3911 dove
947 3851 1005 3912 noi
1029 3870 1176 3930 posamo
1201 3851 1351 3930 qualche
1376 3849 1421 3930 di,

136 3963 169 4014 et
191 3964 337 4017 trovato
364 3956 446 4018 libri
471 3955 564 4018 assai
589 3957 634 4017 de
658 3955 804 4018 historic
830 3967 1013 4037 composte
1039 3964 1074 4019 et
1099 3956 1219 4018 scritte
1243 3959 1277 4018 al
1301 3967 1420 4037 tempo

135 4060 177 4121 de
201 4059 312 4124 Cario
335 4063 471 4144 Magno
504 4071 539 4124 et
573 4063 617 4125 de
649 4062 673 4125 li
699 4061 830 4124 Othoni
865 4063 1088 4144 imperatori,
1121 4064 1213 4125 dove
1238 4064 1421 4144 sempred

137 4169 320 4232 nominato
344 4170 368 4231 il
393 4170 494 4250 Papa
518 4169 707 4232 Romanae
732 4179 767 4230 et
790 4169 1002 4232 universalis
1027 4169 1208 4232 Ecclesiae
1234 4170 1420 4244 Pontifex;

134 4271 155 4335 il
178 4277 246 4338 che
270 4277 417 4357 quando
433 4287 592 4339 monstro
617 4297 639 4339 a
654 4285 822 4358 questore
839 4279 1009 4357 prodotto
1025 4277 1104 4340 fora
1122 4278 1166 4339 de
1183 4279 1259 4339 loro
1276 4278 1421 4340 librarie

135 4381 166 4443 in
198 4385 294 4446 letre
327 4385 495 4465 digitale,
527 4395 671 4446 restano
703 4383 841 4446 confusi
867 4393 902 4446 et
925 4385 1029 4447 morti
1054 4405 1092 4446 se
1116 4385 1147 4447 ci
1171 4405 1259 4447 sono
1284 4385 1420 4465 nemici,

135 4501 167 4551 et
190 4511 229 4554 se
254 4491 362 4554 amici
386 4491 641 4554 contentissimi
667 4500 702 4553 et
726 4493 836 4554 molto
860 4491 1092 4554 corroborati.
1139 4492 1251 4554 Molto
1276 4494 1323 4555 ho
1349 4512 1420 4554 cer-

134 4609 210 4660 cato
242 4601 292 4660 de
326 4599 542 4662 authoritate
571 4599 696 4661 summi
721 4597 905 4661 Pontificis
929 4599 1023 4660 unde
1048 4599 1164 4661 omnia
1189 4599 1347 4681 pendere
1372 4600 1420 4660 vi·

136 4705 261 4768 dentur
293 4707 428 4786 perche
461 4714 586 4786 questo
610 4706 817 4768 Mahumeth
849 4706 884 4767 in
919 4707 953 4767 la
986 4705 1192 4786 impiissima
1223 4727 1286 4769 sua
1310 4727 1422 4788 opera

135 4810 185 4871 Dc
216 4810 412 4897 capritana
441 4813 632 4897 babylonica
662 4816 707 4875 ha
732 4815 853 4877 scritto
879 4816 976 4877 nulla
1008 4835 1126 4878 essere
1151 4815 1352 4878 differentia
1376 4819 1420 4879 de

135 4919 259 4982 alcuno
295 4919 510 4999 christiam,
544 4931 580 4981 et
608 4922 674 4983 che
698 4921 791 4983 dove
815 4921 838 4983 il
866 4921 965 5003 Papa
990 4923 1072 5004 pole
1097 4921 1300 5004 dispensat,
1335 4925 1421 5006 ogni
