3425 5700
838 584 896 638 04?
935 581 1084 639 2528*

321 725 356 789 in
390 729 527 809 grande
559 728 646 810 fuga
673 730 805 810 perche
831 729 852 791 li
879 730 1023 792 citadini
1048 729 1184 792 horntai
1209 731 1241 792 el
1266 729 1488 793 cominciano
1512 731 1595 793 schi-
1690 704 1691 777 1

321 835 386 917 far,
411 836 531 898 donde
556 856 660 918 spero
686 838 752 899 che
775 839 809 898 le
832 856 917 899 cose
941 838 1149 899 andaranno
1178 837 1223 900 de
1246 840 1317 900 ben
1342 836 1377 899 in
1401 837 1508 900 melio
1533 859 1593 901 con
1690 872 1691 925 q

321 944 355 1004 lo
381 943 501 1006 adiuto
526 944 570 1005 de
595 943 673 1008 Dio.
1690 928 1691 931 Ἴ

410 1049 445 1111 Α
469 1049 581 1130 quest'
613 1051 701 1112 hora
731 1051 775 1112 ho
808 1051 891 1114 dato
922 1050 1073 1114 l'editto
1104 1053 1266 1114 alemano
1291 1055 1336 1114 ad
1361 1053 1595 1135 imprimeret
1690 1042 1691 1053 ¹

321 1157 457 1218 benche
483 1177 520 1218 se
544 1157 824 1220 rechiederebbe
848 1157 899 1219 sei
923 1157 1049 1238 giorni,
1074 1167 1192 1221 tamen
1218 1161 1264 1221 ho
1285 1159 1375 1222 fatto
1400 1163 1466 1223 che
1490 1181 1529 1223 se
1553 1164 1595 1223 la·

322 1262 398 1325 vori
423 1261 459 1324 di
484 1273 519 1325 et
543 1271 640 1325 notte
665 1263 830 1326 acciocht·
856 1264 1083 1328 l'habbiamo
1109 1267 1142 1329 el
1167 1265 1202 1329 di
1227 1268 1284 1330 del
1301 1267 1440 1350 Corpus
1456 1269 1594 1331 Domini
1690 1322 1691 1347 ,

320 1389 385 1451 per
409 1368 591 1432 distribuit
615 1390 637 1431 a
659 1369 810 1450 principi
836 1379 872 1432 et
895 1371 1028 1454 populi,
1053 1382 1191 1436 mentre
1207 1374 1272 1436 che
1297 1394 1385 1436 sono
1410 1374 1444 1437 in
1471 1374 1595 1453 diaeta,

321 1477 452 1560 perche
476 1477 505 1540 si
530 1477 608 1539 dice
634 1478 698 1540 che
724 1477 855 1540 Caesar
885 1479 1027 1543 omnino
1052 1499 1090 1541 se
1121 1479 1255 1561 partiri
1288 1478 1451 1551 venerdi;
1483 1479 1595 1561 pertib

321 1585 341 1646 ὲ
365 1585 566 1647 necessario
591 1586 657 1646 che
682 1583 795 1666 primo
821 1585 863 1648 sii
886 1585 977 1649 iatta
999 1588 1050 1648 tal
1074 1606 1168 1649 cosa.
1216 1585 1295 1649 Non
1327 1588 1464 1650 resterd
1494 1596 1596 1650 tutta·

321 1691 419 1754 volta
450 1691 579 1753 doman
613 1711 634 1752 o
665 1691 769 1753 marti
799 1691 856 1753 far
883 1693 1046 1773 publicar
1073 1713 1139 1775 per
1167 1702 1258 1755 tutta
1281 1694 1316 1755 la
1340 1693 1436 1756 dieta
1472 1705 1507 1756 et
1530 1693 1596 1756 cita

318 1797 379 1860 alli
402 1797 540 1860 heraldi
565 1807 600 1860 et
623 1807 799 1879 trompete
824 1798 923 1861 detto
948 1802 1116 1862 mandato
1140 1801 1442 1864 sollemnemente.

406 1905 484 1966 Hac
509 1905 745 1967 eademhora
768 1906 815 1966 ho
841 1905 924 1967 dato
949 1906 1072 1969 ordine
1097 1909 1130 1969 al
1155 1905 1360 1987 predicator
1384 1916 1506 1970 nostro
1531 1908 1596 1970 che

317 2011 462 2094 predico
501 2010 732 2092 aMaguntia
764 2013 829 2074 che
868 2011 910 2074 sii
941 2022 1061 2092 presto
1086 2013 1197 2075 datoli
1222 2015 1373 2075 alterna
1397 2014 1463 2076 che
1487 2033 1596 2095 para

316 2118 501 2200 proposito
527 2138 605 2182 cum
630 2119 757 2180 alcune
781 2119 927 2182 historie
951 2121 997 2182 de
1021 2129 1147 2200 questo
1163 2119 1325 2182 brusciar
1342 2122 1386 2182 de
1409 2121 1492 2183 mali
1517 2121 1597 2182 libri

316 2225 375 2306 gia
405 2226 462 2287 dal
498 2235 618 2304 tempo
650 2225 694 2286 de
719 2225 905 2307 Apostoli,
936 2228 981 2289 de
1013 2227 1037 2288 li
1062 2226 1202 2289 concilii
1226 2226 1325 2307 greci
1351 2237 1387 2289 et
1410 2227 1529 2306 latini,
1564 2237 1598 2289 et

317 2352 422 2413 spero
448 2332 513 2393 che
529 2330 710 2394 Mercordi
734 2331 877 2394 omnino
902 2332 926 2393 li
950 2332 1028 2395 fara
1051 2335 1101 2396 tal
1119 2353 1260 2396 sermon
1284 2334 1320 2395 in
1343 2333 1488 2414 publico
1512 2346 1595 2397 ante

317 2440 351 2501 el
374 2441 499 2520 palazo
526 2440 570 2500 de
595 2436 726 2500 Caesar
759 2446 795 2500 et
823 2438 855 2502 si
883 2442 1149 2502 abrusceranno
1179 2440 1204 2502 li
1236 2440 1315 2502 libri
1346 2459 1414 2502 con
1438 2441 1464 2503 li
1488 2442 1599 2504 debiti

318 2557 353 2608 et
378 2545 538 2608 consueti
561 2545 675 2616 modi,
710 2544 735 2607 il
769 2547 835 2608 che
869 2548 979 2608 molto
1012 2566 1157 2609 remove
1192 2547 1307 2628 questi
1339 2548 1463 2629 popoli
1494 2550 1542 2610 da
1566 2551 1599 2610 la

319 2651 485 2715 devotion
504 2651 548 2713 de
566 2661 691 2733 questo
711 2651 826 2714 Arrio,
867 2651 1001 2733 Questo
1019 2654 1119 2731 tatto,
1143 2674 1181 2714 se
1197 2655 1437 2717 mandaranno
1454 2655 1478 2716 li
1497 2655 1599 2717 editti

316 2779 383 2840 per
407 2768 498 2821 tutta
523 2760 556 2821 la
580 2757 773 2821 Germania
804 2769 840 2822 et
870 2759 930 2840 gia
954 2780 1025 2822 non
1049 2760 1186 2822 restara
1210 2761 1269 2841 piu
1295 2762 1386 2823 altro
1411 2782 1432 2824 a
1455 2761 1511 2823 far
1535 2782 1601 2843 per

317 2889 387 2938 me;
412 2887 477 2947 per
501 2866 524 2929 il
550 2868 616 2928 che
639 2869 710 2928 ben
734 2866 850 2947 potrei
875 2866 1010 2930 hormai
1034 2879 1198 2931 retornar
1222 2890 1243 2930 a
1260 2869 1388 2948 Roma,
1413 2889 1515 2933 como
1539 2869 1601 2951 gia

317 2973 416 3056 quasi
441 2975 556 3036 havea
585 2972 802 3051 delibatam,
838 2994 895 3036 ma
925 2975 1056 3055 perche
1082 2974 1125 3037 V.
1151 2974 1187 3039 S.
1213 2976 1289 3039 Rma
1312 2996 1366 3037 me
1391 2978 1507 3038 scrive
1532 2978 1602 3039 che

316 3081 350 3143 io
375 3081 505 3163 segniti
530 3081 563 3143 la
587 3079 751 3163 victoria,
777 3100 841 3161 per
866 3082 1027 3143 obedirla
1063 3084 1198 3144 andard
1223 3103 1301 3144 cum
1327 3081 1457 3146 Cesare
1481 3084 1517 3145 in
1544 3084 1600 3145 Fi·

318 3191 430 3251 andra
463 3199 497 3249 et
531 3206 595 3267 per
626 3188 660 3248 la
694 3190 801 3249 bassa
825 3189 1040 3270 Allemagna
1069 3190 1256 3251 attendero
1280 3210 1301 3253 a
1324 3190 1380 3253 far
1403 3190 1604 3254 annichilar

317 3294 431 3376 questi
465 3294 637 3357 venenosi
670 3303 705 3357 et
736 3295 1014 3376 pestilentissimi
1047 3295 1126 3358 libri
1160 3306 1207 3357 et·
1227 3297 1251 3358 li
1277 3296 1386 3359 libelli
1412 3296 1541 3361 famosi
1566 3308 1604 3359 et

274 3402 277 3408 '
317 3400 505 3479 criminosi,
530 3401 660 3481 perche
686 3400 778 3463 cossi
802 3422 840 3463 se
865 3402 1030 3464 contione
1053 3404 1112 3464 nel
1138 3402 1259 3465 editto.
1306 3404 1367 3466 Ma
1391 3406 1409 3466 ὲ
1434 3407 1604 3485 besogno

317 3509 396 3571 chel
421 3506 647 3571 S¹=Carazoio
673 3518 708 3569 et
732 3508 766 3569 io
791 3510 930 3570 almeno
955 3507 1001 3569 fin
1029 3530 1055 3578 ,a
1080 3507 1227 3571 Colonia
1257 3510 1422 3573 habiamo
1458 3511 1603 3573 l'ocbio

317 3619 387 3678 ben
421 3625 546 3695 aperto
580 3615 711 3696 perche
746 3614 936 3677 habbiamo
969 3635 1032 3696 per
1064 3616 1164 3677 aviso
1196 3619 1262 3679 che
1286 3638 1352 3699 per
1375 3617 1456 3679 tutti
1480 3619 1604 3700 questi

318 3722 416 3805 loghi
451 3723 644 3784 tenduntur
677 3722 779 3784 nobis
815 3721 964 3785 insidiae
1000 3733 1035 3784 et
1071 3722 1200 3786 dieono
1232 3725 1299 3787 che
1328 3727 1517 3787 extrahent
1544 3747 1605 3787 me

318 3830 422 3893 etiarn
456 3850 477 3891 a
511 3830 623 3891 latere
649 3827 811 3891 Caesaris
848 3839 883 3891 et
918 3831 1007 3891 altre
1033 3830 1126 3892 mille
1150 3830 1404 3895 absurdissime
1426 3831 1606 3894 minaccie

318 3937 362 4000 de
387 3939 420 3999 le
444 3938 548 4017 quale
573 3955 679 4016 spero
703 3938 795 3997 bene
821 3936 855 3999 in
878 3938 947 3998 Dio
972 3938 1038 3998 che
1063 3936 1095 3999 ci
1119 3937 1332 4000 conservarit
1348 3938 1513 4003 ambedoi
1541 3939 1608 4002 noi

318 4054 353 4107 et
377 4045 400 4105 li
426 4043 546 4106 nostri.

406 4150 447 4212 El
472 4150 611 4212 ribaldo
635 4151 680 4212 de
694 4150 829 4212 Hutten
855 4170 919 4231 per
943 4149 1086 4231 meggio
1103 4152 1148 4213 de
1173 4150 1390 4215 Armestorff
1403 4151 1609 4215 cameriere

318 4260 363 4319 de
388 4258 496 4319 Cesar
520 4277 580 4318 era
605 4259 795 4318 accordato
820 4277 841 4318 a
865 4256 1043 4337 stipendio
1060 4257 1105 4319 de
1121 4256 1251 4320 Cesare
1276 4279 1316 4320 cc
1339 4257 1455 4320 fiorini
1488 4260 1521 4320 d’
1536 4280 1609 4323 oro

318 4365 352 4426 al
383 4382 477 4425 anno
508 4374 543 4425 et
576 4384 637 4425 era
669 4364 693 4425 il
724 4362 784 4444 piu
814 4372 983 4425 contento
1018 4366 1076 4425 del
1108 4368 1239 4427 mundo
1269 4386 1348 4429 cum
1379 4375 1506 4447 questo
1532 4370 1611 4430 che

319 4490 476 4534 cessasse
501 4472 550 4544 da
571 4480 694 4551 queste
720 4492 781 4533 sue
806 4469 983 4532 invective
1008 4470 1117 4533 etsie
1142 4472 1353 4553 promiserat
1369 4473 1557 4537 abstinere
1577 4476 1611 4537 si

318 4578 508 4659 potuisset,
539 4580 633 4658 quod
666 4598 735 4639 non
761 4578 890 4650 credo;
915 4580 1106 4641 tuttavolta
1130 4579 1151 4640 l'
1165 4582 1255 4642 altro
1279 4580 1407 4660 giorno
1430 4583 1501 4644 ben
1529 4604 1610 4646 rna·

319 4686 391 4747 tino
430 4684 545 4747 trovai
583 4684 702 4747 avanti
741 4685 775 4746 la
809 4704 950 4747 camera
983 4686 1018 4748 di
1043 4686 1152 4749 Cesar
1184 4689 1216 4748 el
1247 4707 1396 4768 ragazzo
1425 4690 1471 4751 de
1496 4691 1613 4753 detto

318 4792 450 4853 Hutten
477 4793 510 4853 el
534 4794 616 4873 qual
641 4790 821 4873 cognobbi
846 4793 942 4854 dale
958 4813 1055 4856 anne
1070 4795 1137 4856 che
1152 4805 1267 4874 porta,
1293 4808 1329 4857 et
1344 4794 1614 4877 investigando

317 4899 431 4962 trovai
456 4900 522 4961 che
546 4901 660 4961 havea
685 4907 826 4979 portato
851 4919 922 4961 una
944 4902 1072 4963 lettera
1095 4901 1140 4963 ad
1158 4901 1374 4964 Armestorff
1396 4904 1490 4966 nella
1508 4908 1614 4986 ⁴qual
