3425 5700
653 499 901 560 &idid-0

142 654 305 717 invocato
313 703 321 734 ,
345 655 525 736 perhanc
550 662 707 715 nostram
731 649 959 714 diffinitivam
982 648 1209 730 sententiam,
1239 669 1343 732 quam
1372 670 1418 713 ex

138 774 258 825 nostro
288 759 407 823 officio
443 761 489 823 ad
520 760 648 822 nullius
678 756 789 839 partis
817 756 1019 819 instantiam
1052 766 1088 819 et
1121 758 1166 818 dc
1197 756 1418 838 plenitudine

137 868 324 949 potestatis
348 869 465 949 quoad
488 867 708 929 validitatem
732 884 921 946 processus
953 874 989 926 et
1020 862 1195 926 sententie
1218 864 1417 928 huiusmodi

139 976 388 1056 procedentes,
402 976 447 1036 de
459 974 661 1037 eorumdem
677 972 824 1035 fratrum
841 981 1022 1035 nostorum
1035 970 1183 1033 consilio
1204 981 1241 1033 et
1263 992 1421 1052 assensu,

138 1082 172 1145 in
197 1082 266 1143 hiis
290 1080 433 1161 scriptis
449 1081 594 1143 ferimus
610 1079 878 1161 pronuntiamus
903 1078 1125 1140 decernimus
1149 1087 1184 1140 et
1200 1079 1420 1143 declaramus

141 1186 176 1250 in
200 1208 309 1251 causa
332 1198 368 1249 et
392 1187 506 1249 causis
531 1189 576 1250 de
601 1196 636 1249 et
660 1206 766 1268 super
784 1186 961 1248 natalibus
982 1184 1104 1248 dilecti
1127 1184 1191 1247 filii
1205 1184 1289 1265 Julii
1305 1185 1419 1249 Electi

143 1295 285 1376 prefati,
310 1297 488 1375 rebusque
512 1294 590 1357 aliis
614 1293 649 1355 in
675 1293 763 1355 actis
788 1312 895 1356 cause
918 1291 1118 1356 huiusmodi
1140 1293 1245 1356 latius
1261 1294 1422 1356 deductis

139 1402 317 1483 prefatum
341 1401 471 1479 Julium
494 1400 655 1463 Electum
679 1399 875 1482 legitimum
900 1409 936 1461 et
960 1420 1006 1460 ex
1023 1398 1181 1480 legitimo
1197 1400 1419 1463 matrimonio

141 1519 260 1570 natum
284 1508 393 1570 fuisse
430 1518 464 1569 et
489 1528 586 1588 esse,
623 1526 774 1588 eumque
809 1526 876 1587 pro
911 1504 1071 1588 legitimo
1106 1515 1143 1568 et
1178 1526 1225 1568 ex
1259 1506 1418 1589 legitimo

137 1614 359 1678 matrimonio
383 1624 610 1698 procreatum
633 1614 669 1677 in
702 1613 863 1676 omnibus
899 1622 935 1675 et
964 1632 1031 1693 per
1061 1614 1180 1677 omnia
1202 1616 1309 1696 pleno
1332 1615 1419 1696 iure,

139 1742 224 1785 vere
249 1732 285 1784 et
308 1742 378 1784 non
403 1720 496 1802 ficte,
511 1731 617 1805 prout
639 1722 675 1783 in
700 1721 827 1783 litteris
852 1740 960 1801 super
983 1721 1181 1783 huiusmodi
1206 1732 1327 1785 nostra
1344 1743 1418 1785 sen·

138 1829 251 1893 tentia
275 1828 503 1892 conficiendis
519 1829 658 1911 plenius
683 1827 912 1911 exprimetur,
936 1826 1061 1889 haberi
1076 1838 1112 1889 et
1123 1829 1281 1909 reputari
1305 1828 1419 1891 teneri

143 1949 177 1999 et
203 1936 349 1999 tractari
380 1935 546 1998 debuisse
580 1944 615 1999 et
647 1936 779 1998 debere
810 1954 852 1996 ac
886 1936 1052 1996 decetero
1081 1934 1264 2016 perpetuis
1292 1933 1419 1999 futuris

140 2044 364 2126 temporibus
397 2044 602 2107 habendum
631 2043 868 2125 reputandum
900 2042 1090 2104 tenendum
1124 2052 1159 2104 et
1196 2044 1419 2105 tractandum

138 2151 228 2231 fore,
253 2152 348 2213 fama
372 2150 768 2233 dispensationibusque
793 2148 962 2229 predictis
987 2147 1184 2229 ceterisque
1216 2149 1253 2211 in
1284 2160 1420 2213 contra-

139 2258 229 2319 rium
262 2255 486 2337 facientibus,
511 2267 617 2337 prout
645 2276 770 2319 revera
802 2275 873 2317 non
902 2258 1063 2335 obstant,
1095 2275 1166 2317 non
1197 2256 1420 2320 obstantibus

140 2364 431 2445 quibuscumque.
479 2362 574 2425 Nulli
599 2383 687 2444 ergo
713 2362 856 2425 omnino
881 2361 1060 2425 hominum
1085 2363 1191 2426 liceat
1204 2364 1296 2426 hanc
1321 2363 1419 2447 pagi·

138 2492 221 2533 nam
247 2480 366 2533 nostre
391 2469 661 2553 approbationis
678 2467 952 2532 confirmationis
967 2468 1202 2550 suppletionis
1218 2470 1421 2551 pronuntia·

136 2576 245 2641 tionis
254 2576 462 2658 prolationis
479 2576 729 2639 declarationis
743 2575 878 2638 decreti
894 2575 1089 2656 infringere
1108 2576 1165 2637 vel
1177 2576 1210 2638 ei
1220 2597 1307 2638 ausu
1316 2587 1420 2639 teme-

141 2686 236 2746 rario
253 2686 440 2747 contraire.
465 2682 503 2745 Si
521 2683 598 2764 quis
615 2693 733 2745 autem
747 2684 815 2745 hoc
831 2691 1046 2764 attemptare
1062 2683 1318 2764 presumpserit
1333 2682 1420 2746 indi·

140 2792 346 2873 gnationem
361 2790 624 2873 Omnipotentis
637 2791 705 2853 Dei
723 2811 763 2853 ac
780 2792 966 2852 beatorum
979 2788 1077 2850 Petri
1095 2799 1130 2852 et
1146 2788 1249 2853 Pauli
1266 2790 1418 2873 Aposto-

139 2901 255 2962 lorum
280 2898 355 2960 eius
379 2918 418 2962 se
442 2897 582 2960 noverit
596 2897 825 2960 incursurum.
866 2896 998 2959 Datum
1013 2895 1131 2958 Rome
1148 2897 1245 2979 apud
1259 2907 1419 2960 sanctum

139 3007 285 3069 Petrum
310 3005 418 3068 Anno
443 3005 699 3068 Incarnationis
723 3003 909 3066 Dominice
925 3003 1114 3065 Millesimo
1137 2988 1419 3085 quingentesimo

138 3112 386 3176 tertiodecimo
395 3160 404 3192 ,
452 3112 662 3174 duodecimo
704 3113 788 3175 Kal.
818 3111 985 3174 Octobris
1029 3109 1263 3173 Pontificatus
1309 3112 1420 3173 nostri

139 3221 246 3282 Anno
271 3218 391 3281 Primo

581 3350 598 3412 †
617 3351 675 3411 Ego
694 3341 748 3404 110⁰
766 3341 830 3402 ΚΜ
853 3348 967 3398 ecclesie
986 3347 1117 3397 catholice
1135 3364 1190 3412 eps,
1210 3349 1353 3413 subscripsi

462 3455 502 3516 L.
527 3453 564 3518 S.

140 3654 161 3727 i·
184 3650 264 3732 Ego
289 3650 329 3712 T.
354 3653 473 3730 presb.
501 3649 624 3714 Card¹¹⁸
648 3649 854 3734 Strigonien
878 3663 917 3715 tt.
943 3650 979 3714 S.
1003 3652 1148 3716 Martini
1180 3653 1214 3715 in
1239 3653 1420 3716 Montibus

185 3778 292 3820 manu
317 3757 404 3839 ppria
427 3759 630 3838 subscripsi.

140 3865 161 3944 †
184 3865 265 3946 Ego
289 3863 314 3926 f.
339 3872 378 3926 tt.
404 3863 467 3926 S¹⁰r
482 3864 535 3944 Jo.
553 3883 588 3928 et
604 3886 685 3947 pau.
703 3869 820 3946 presb.
836 3864 958 3927 Cardu
984 3866 1169 3929 surrentin.
1196 3887 1300 3928 manu
1324 3868 1419 3949 pp‘¹“.

139 3974 159 4050 †
183 3971 262 4052 Ego
287 3971 329 4035 N.
355 3980 393 4034 tt.
419 3969 454 4034 S.
481 3972 601 4034 Prisce
627 3974 744 4052 presb.
771 3971 893 4034 Card¹³⁶
918 3974 963 4034 de
986 3972 1103 4036 Flisco
1128 3995 1173 4035 ss.
1198 3994 1301 4036 manu
1326 3975 1421 4055 pp‘l'.

139 4081 159 4156 †
184 4079 264 4160 Ego
290 4078 494 4140 Hadrianus
525 4087 564 4144 tt.
596 4077 631 4142 S.
662 4078 887 4161 Chrysogoni
919 4081 1038 4159 presb.
1064 4079 1187 4142 Card¹¹¹⁴
1211 4081 1420 4143 Bathonien.

185 4205 292 4248 manu
316 4185 403 4266 pp¹¹²
427 4182 492 4247 SS.

139 4295 159 4368 †
185 4293 264 4374 Ego
289 4293 336 4354 R.
362 4295 481 4372 presb.
507 4291 630 4355 Cardu
655 4303 694 4356 tt.
720 4291 755 4356 S.
782 4293 971 4357 Anastasie
988 4294 1202 4357 Nannetten.
1228 4293 1421 4376 subscripsi

184 4419 292 4461 manu
317 4400 411 4481 ppflt.

140 4509 160 4585 †
184 4506 263 4587 Ego
289 4506 328 4569 L.
353 4510 471 4587 presb.
497 4505 619 4569 Card¹¹⁸
643 4517 682 4570 tt.
707 4503 880 4570 Susanne.

141 4617 158 4690 t
182 4613 262 4694 Ego
289 4611 325 4677 C.
350 4616 467 4693 presb.
494 4613 617 4676 Card¹³³
640 4623 678 4676 tt.
705 4610 739 4678 S.
767 4613 887 4676 Cicilie
912 4616 956 4676 de
981 4613 1123 4676 Finario
1147 4615 1349 4694 subscripsi.

140 4721 161 4799 i
185 4719 264 4800 Ego
290 4719 383 4781 Chri.
407 4719 603 4784 Eboracen.
629 4729 668 4786 tt.
694 4718 729 4782 S.
755 4721 862 4783 Prax.
887 4723 1006 4801 presb.
1032 4720 1156 4782 Card¹¹¹⁸
1179 4719 1382 4802 subscripsi.

140 4831 158 4904 †
183 4827 262 4908 Ego
289 4827 333 4892 A.
358 4836 396 4891 tt.
411 4823 447 4889 S.
472 4826 601 4890 Vitalis
624 4830 742 4909 presb.
769 4827 873 4890 Card.
900 4825 964 4892 SS.
