3425 5700
732 972 785 1038 92.

382 1089 847 1171 Vioeonnoellnrius
881 1090 1130 1171 Aloandro.

556 1237 697 1308 (nutet.
717 1237 842 1297 nomn.
861 1236 893 1296 n.
912 1237 964 1309 55.)

637 1359 690 1424 (23.
711 1359 776 1409 Maii
798 1362 885 1427 1521.)

220 1487 373 1548 Havemo
407 1487 439 1548 le
470 1493 591 1558 vostre
621 1484 666 1548 de
691 1484 724 1546 V
748 1493 784 1546 et
808 1483 897 1546 VIII
927 1483 972 1545 de
1004 1491 1170 1564 presente
1195 1490 1231 1544 et
1263 1479 1299 1544 di
1323 1489 1400 1544 tuto

151 1592 333 1675 ringratiato
359 1592 434 1674 (sic)
459 1591 500 1654 N.
527 1589 563 1656 S.
589 1591 658 1653 Dio
684 1599 719 1652 et
742 1591 896 1652 maxime
921 1592 987 1652 che
1012 1589 1043 1652 ci
1068 1593 1114 1652 ha
1133 1591 1217 1652 dato
1242 1599 1341 1652 tanto
1366 1601 1401 1651 et

152 1697 173 1761 si
192 1709 363 1762 constante
388 1699 565 1761 advocato
596 1707 632 1760 et
667 1707 834 1779 patrono,
870 1699 935 1759 che
967 1702 1039 1760 eost
1067 1696 1150 1759 viva
1181 1696 1229 1758 lui
1261 1716 1402 1777 sempre

152 1805 244 1869 felice.
286 1806 371 1868 Alla
396 1806 524 1868 lettera
549 1807 606 1868 del
631 1805 679 1868 R.
705 1814 741 1867 et
765 1805 800 1866 di
829 1815 955 1885 questa
985 1801 1097 1866 Senta
1125 1801 1220 1866 Sede
1251 1802 1401 1865 devotis-

152 1913 221 1976 simo
242 1916 349 1996 padre
371 1913 584 1976 Confessore
609 1931 679 1974 non
705 1913 837 1974 accede
866 1931 932 1992 per
960 1912 1048 1973 hora
1079 1910 1276 1991 respondet
1300 1913 1401 1989 altr0,

152 2040 180 2080 se
200 2041 259 2082 non
282 2022 346 2082 che
369 2019 427 2082 voi
444 2019 655 2100 ringratIate
672 2018 708 2078 di
724 2018 892 2082 continuo
909 2038 973 2079 sua
988 2017 1164 2099 paternitn
1189 2026 1225 2080 et
1241 2016 1403 2080 offeriate

153 2127 178 2186 le
197 2125 315 2188 facult&
341 2135 376 2188 et
401 2146 483 2188 core
508 2136 544 2188 et
568 2125 684 2188 animo
711 2135 832 2188 nostro
858 2147 878 2187 a
903 2136 1001 2187 tanta
1025 2145 1065 2187 su
1088 2124 1209 2187 bontit.

224 2232 265 2296 Se
296 2235 443 2296 attende
474 2255 495 2296 a
527 2233 714 2296 mandarvi
745 2235 778 2294 le
809 2231 1005 2314 provisioni
1038 2235 1104 2294 che
1137 2231 1309 2293 ricercate
1339 2251 1404 2314 per

154 2339 171 2399 li
196 2340 302 2412 amici;
335 2342 369 2402 Ia
401 2360 471 2403 una
499 2360 565 2421 per
591 2341 611 2402 l'
644 2339 791 2402 offitiale
825 2340 1047 2402 Treverense
1082 2341 1185 2419 qualo
1226 2339 1245 2400 e
1278 2338 1402 2401 libera·

153 2459 247 2508 mente
262 2448 295 2510 in
311 2468 415 2509 mano
440 2448 475 2509 di
500 2448 542 2510 N.
560 2445 623 2509 Sffl.
663 2445 765 2508 Circa
789 2448 908 2527 quello
934 2467 1078 2508 accesso
1103 2448 1131 2507 si
1156 2445 1324 2508 mandere
1349 2445 1403 2506 col

154 2554 244 2633 primo
277 2564 312 2618 et
346 2553 419 2616 Sua
456 2553 593 2616 Santitn
629 2555 738 2618 molto
774 2553 962 2616 volentieri
997 2555 1043 2616 ha
1078 2553 1167 2615 fatto
1203 2554 1237 2614 la
1270 2553 1404 2634 gratia;

154 2661 170 2721 l'
188 2663 264 2724 altra
286 2664 352 2724 che
377 2672 478 2724 tocca
503 2661 636 2724 Coritio
661 2661 687 2722 si
713 2669 822 2723 tratta
846 2669 883 2722 et
905 2659 1087 2722 vederassi
1104 2681 1143 2722 se
1167 2660 1196 2721 si
1220 2660 1290 2741 pud
1315 2680 1405 2722 com-

156 2767 272 2847 pincere
301 2778 427 2850 questo
457 2768 504 2831 da
536 2771 628 2831 bene
659 2766 816 2832 offitiale.
881 2767 1054 2830 Avvisate
1085 2769 1203 2848 quello
1237 2769 1406 2829 haverete

155 2874 225 2938 fatto
247 2877 327 2939 delli
352 2876 447 2939 mille
472 2877 591 2938 ducati
615 2876 650 2938 vi
668 2876 697 2939 si
714 2876 911 2939 mandorno
926 2875 1167 2939 ultimamente
1184 2895 1249 2957 per
1273 2876 1407 2956 polizza

156 2983 181 3043 di
201 2984 362 3047 Foccheri
388 2984 487 3045 accio
516 3005 561 3047 ne
595 2984 695 3045 deste
728 2983 822 3045 mille
846 2981 963 3044 fiorini
991 3004 1012 3045 a
1035 2983 1082 3044 lui
1112 2992 1147 3044 et
1172 2982 1193 3044 'l
1218 2992 1313 3044 resto
1337 3002 1407 3045 ser·

155 3084 234 3152 veste
256 3110 319 3173 per
343 3090 413 3153 voi.
459 3090 503 3152 Vi
529 3089 558 3151 si
582 3092 710 3153 manda
735 3110 780 3151 un
807 3091 917 3150 breve
941 3108 1007 3149 con
1033 3090 1067 3149 Ia
1091 3088 1208 3169 gratia
1231 3100 1266 3150 et
1290 3089 1406 3151 remis-

155 3196 213 3259 sion
236 3200 326 3260 delle
351 3206 482 3261 annate
505 3218 570 3279 per
594 3198 615 3258 l'
630 3196 823 3259 universitt
848 3195 885 3258 di
909 3193 1081 3268 Selestat;
1106 3205 1196 3258 tutto
1222 3196 1250 3257 si
1275 3196 1295 3258 ὸ
1319 3196 1408 3259 fatto

154 3302 180 3365 in
200 3305 306 3387 gratia
336 3306 395 3367 del
429 3306 547 3366 dottor
573 3304 744 3386 Spieghel
779 3312 815 3365 et
845 3304 875 3364 si
904 3302 924 3364 e
954 3301 1045 3364 fatto
1068 3302 1231 3384 rIsegnar
1255 3304 1325 3366 allo
1350 3306 1408 3367 ad-

155 3414 289 3475 versario
314 3414 349 3475 in
375 3412 501 3475 favore
525 3413 584 3473 del
609 3420 814 3493 presentato
839 3411 935 3473 dalla
959 3409 1154 3472 universitd
1184 3420 1221 3471 et
1244 3411 1329 3474 dato
1361 3414 1409 3475 lui

153 3520 366 3603 ricompense.
419 3520 559 3581 Vedete
585 3521 650 3581 che
675 3520 830 3580 almanec
861 3516 951 3579 siino
976 3516 1069 3597 grati
1099 3517 1169 3578 alla
1193 3516 1289 3579 Sede
1316 3519 1409 3601 Apo-

153 3628 259 3691 stolica
282 3638 318 3690 et
342 3628 509 3689 Romana
525 3626 654 3689 Chiesa
677 3626 753 3686 loro
778 3633 890 3686 matre
915 3643 981 3685 con
1006 3624 1184 3686 scacciare
1205 3636 1241 3686 et
1254 3627 1409 3688 abhomi-

152 3752 222 3794 nare
244 3734 268 3797 li
289 3733 448 3797 hereticI.

226 3840 326 3904 Circa
361 3842 396 3903 la
431 3860 538 3903 causa
571 3860 641 3901 non
675 3838 710 3900 vi
746 3836 774 3899 si
804 3837 882 3899 dice
916 3838 1023 3917 altro,
1059 3838 1220 3899 vedendo
1244 3840 1309 3900 che
1341 3860 1412 3901 non

153 3946 265 4009 havete
288 3948 440 4029 bisogno
465 3948 510 4009 de
535 3946 760 4009 instruttione
783 3946 928 4015 alcuna;
957 3946 1033 4006 solo
1058 3944 1084 4006 si
1110 3944 1249 4006 rimette
1273 3945 1294 4006 il
1320 3954 1412 4009 tutto
1454 4023 1458 4029 Δ

154 4053 212 4113 olla
233 4055 420 4137 prudentia
443 4064 564 4117 vostra
581 4062 616 4115 et
630 4053 688 4114 del
705 4051 988 4133 prothonotari0‚
1013 4061 1049 4111 et
1072 4049 1096 4112 li
1120 4050 1228 4113 officii
1253 4062 1288 4113 et
1305 4074 1414 4135 opere

156 4170 184 4218 et
203 4160 329 4225 fatiche
352 4172 472 4225 vostre
497 4161 533 4223 In
557 4168 683 4241 questa
708 4180 791 4221 cosa
816 4179 885 4220 non
910 4160 1128 4239 potrebbero
1144 4178 1262 4221 essere
1287 4161 1330 4222 ne
1355 4161 1414 4242 pid

157 4266 235 4343 grati
250 4269 290 4331 ne
307 4269 364 4352 pin
383 4267 511 4331 accetti
528 4288 549 4329 a
567 4266 602 4329 S.
620 4266 759 4329 Santitit
776 4268 872 4327 dalla
887 4266 991 4346 quale
1008 4274 1152 4346 possete
1168 4286 1314 4348 sperare
1330 4266 1415 4348 ogni

160 4374 329 4455 condegna
343 4375 586 4437 tetributione.
617 4374 661 4435 Et
678 4375 900 4435 benevalete.
937 4372 1141 4434 Florentiae
1160 4393 1210 4450 ²3·
1227 4373 1301 4436 Mai
1323 4394 1415 4452 1521.

240 4479 457 4545 Comunicate
481 4490 607 4563 questa
632 4482 688 4544 col
714 4478 989 4542 Prothonotario

1104 4620 1323 4693 mortum,

1077 4712 1144 4762 Vice
1168 4712 1359 4762 Cancellorius.
