3425 5700
667 610 814 683 eoin
854 612 913 665 ea

151 755 217 818 che
241 759 404 819 bastasse
428 756 601 820 mandarli
632 779 677 820 un
710 778 828 821 nuovo
861 757 991 821 nuncio
1021 779 1089 822 con
1110 758 1213 823 brevi
1236 756 1429 843 opportuni

150 862 252 925 iuxta
275 863 307 925 el
335 862 469 926 scriver
493 864 550 926 del
574 864 716 946 prefato
741 864 952 928 Tridentino
981 876 1016 927 et
1039 887 1061 928 a
1084 877 1210 948 questo
1235 866 1358 931 effetto
1382 869 1429 930 iu-

150 968 285 1031 dicarei
308 972 429 1032 buono
453 972 487 1033 lo
511 970 690 1054 Episcopo
720 973 789 1035 mio
821 970 1015 1053 Scarense‚
1043 972 1068 1035 il
1095 975 1199 1054 quale
1228 976 1308 1037 vale
1337 975 1430 1038 assai

150 1074 276 1157 lingua
301 1085 338 1138 et
353 1076 514 1139 doctrina
539 1088 574 1140 et
597 1081 685 1142 hora
710 1100 862 1143 conosce
886 1080 967 1142 tutti
990 1080 1014 1142 li
1043 1080 1205 1161 principi,
1230 1091 1266 1143 et
1289 1082 1430 1162 quando

151 1203 218 1263 per
240 1184 374 1247 maiore
400 1185 576 1247 authoriti
601 1186 722 1267 voglia
746 1184 788 1247 N.
813 1184 849 1248 S.
875 1185 1103 1268 aggiungerli
1136 1185 1161 1249 il
1192 1186 1334 1268 prefato
1358 1188 1430 1250 Tri-

152 1290 299 1352 dentino
323 1290 420 1353 forse
445 1312 516 1353 non
540 1294 693 1356 sarebbe
716 1295 827 1366 male;
851 1292 969 1354 iudico
986 1295 1056 1355 ben
1073 1294 1139 1356 che
1154 1313 1226 1356 non
1246 1294 1299 1356 sia
1321 1297 1440 1376 molto¹

152 1398 186 1459 al
211 1396 396 1479 proposito
420 1418 613 1501 procurare
638 1400 703 1461 che
728 1400 752 1461 li
777 1399 909 1462 oratori
934 1398 1027 1462 deli
1052 1400 1130 1462 altri
1153 1420 1192 1463 re
1217 1410 1253 1463 et
1280 1400 1432 1482 principi

150 1504 176 1565 li
201 1504 473 1587 intervengano,
500 1507 673 1569 ancorche
698 1527 736 1569 se
760 1526 827 1588 pur
851 1507 876 1569 li
900 1527 938 1568 se
962 1505 1100 1571 facesse
1125 1510 1276 1588 qualche
1299 1511 1430 1571 resolu-

152 1610 249 1673 tione
275 1632 343 1674 non
369 1616 490 1675 buona
513 1615 579 1675 che
602 1612 740 1675 iussero
766 1614 842 1675 loro
867 1613 944 1692 soli,
969 1623 1004 1676 et
1032 1615 1067 1675 la
1097 1612 1193 1676 Sede
1221 1616 1431 1696 Apostolica

154 1738 191 1779 se
216 1728 360 1799 potesse
385 1723 572 1801 prevalere
597 1722 642 1782 de
674 1723 707 1782 le
731 1723 821 1782 altre
845 1721 979 1783 nationi
1004 1741 1103 1783 come
1128 1723 1246 1802 quelle
1270 1724 1336 1785 che
1360 1743 1430 1785 non

154 1824 185 1885 ci
209 1824 349 1888 iussero
373 1826 597 1889 intervenute
623 1827 665 1889 ne
690 1828 774 1889 dato
798 1826 824 1888 il
847 1847 1035 1898 consens0;
1062 1838 1097 1891 et
1111 1839 1237 1910 reputo
1255 1830 1321 1891 che
1337 1850 1428 1892 man·

154 1933 239 1995 dare
264 1934 325 1995 tali
352 1936 484 1996 oratori
509 1934 544 1995 in
570 1932 760 1997 Germania
790 1954 861 1996 non
893 1933 989 1997 fusse
1019 1937 1129 1998 molto
1157 1935 1273 1998 sicuro
1300 1936 1431 2017 perche

152 2040 356 2103 lacilmente
382 2053 417 2103 et
442 2062 508 2113 con
535 2042 629 2104 mille
657 2041 714 2104 vie
746 2045 972 2122 potrebbono
997 2062 1116 2104 essere
1140 2042 1287 2105 corrotti
1311 2051 1347 2105 et
1381 2043 1431 2105 in-

153 2148 244 2209 dutti
271 2169 290 2210 a
315 2149 519 2211 consentire
544 2150 695 2229 qualche
721 2126 915 2211 disordine.

243 2252 379 2333 Questo
403 2256 421 2318 ὲ
447 2269 579 2337 quanto
604 2258 637 2318 al
662 2268 828 2338 presente
847 2256 893 2318 mi
909 2276 1055 2319 occorre
1072 2256 1107 2317 in
1125 2265 1251 2337 questa
1265 2256 1432 2329 materia;

153 2360 177 2422 il
193 2362 297 2441 quale
311 2370 402 2423 tutto
416 2363 556 2425 rimetto
575 2363 608 2424 al
623 2363 885 2443 sapientissimo
901 2362 1033 2425 iudicio
1050 2362 1085 2423 di
1103 2362 1139 2425 S.
1156 2363 1219 2424 Β110
1240 2373 1276 2425 et
1291 2365 1433 2443 quando

156 2468 194 2527 V.
224 2466 261 2529 S.
287 2489 441 2532 conosca
465 2472 530 2532 che
562 2469 597 2532 in
630 2472 780 2552 qualche
814 2483 916 2552 parte
947 2470 1104 2547 maachi,
1135 2471 1287 2551 pregola
1319 2489 1384 2550 per
1411 2470 1433 2530 l'

151 2594 253 2636 amor
277 2577 343 2637 che
367 2578 400 2638 la
426 2577 470 2638 mi
495 2588 598 2658 porta
623 2565 753 2657 voglia‘
767 2580 970 2656 corregerlo
993 2585 1028 2638 et
1043 2577 1103 2637 nol
1120 2577 1241 2657 legere
1255 2597 1276 2637 a
1293 2573 1329 2640 S.
1345 2576 1432 2639 Bne.

243 2682 323 2743 Non
347 2684 484 2745 restard
509 2685 641 2746 anchor
666 2685 700 2744 di
724 2669 801 2746 dire
826 2704 847 2744 a
872 2683 914 2745 V.
940 2683 976 2745 S.
1009 2684 1074 2744 che
1104 2684 1213 2744 molto
1244 2693 1299 2745 sto
1324 2702 1434 2746 mera·

152 2787 303 2871 vigliato
329 2790 373 2852 de
398 2810 467 2852 una
492 2791 617 2873 parola
641 2792 705 2853 che
730 2790 759 2854 si
790 2788 887 2872 legia
918 2791 1011 2852 nella
1039 2792 1167 2852 lettera
1200 2789 1258 2853 del
1289 2788 1434 2853 Triden-

152 2895 228 2958 tino
253 2897 347 2958 dove
372 2899 556 2960 soadendo
581 2919 601 2960 a
626 2897 662 2960 S.
689 2896 740 2960 Sl*
766 2900 936 2960 mandare
970 2917 1015 2958 un
1050 2899 1172 2979 legato
1203 2898 1282 2960 dice
1310 2898 1376 2959 che
1400 2899 1435 2959 la

154 3023 223 3066 non
249 3005 344 3066 'deve
366 3006 558 3067 retrahersi
584 3007 630 3068 da
659 3014 784 3086 questo
810 3005 891 3086 quia
917 3003 976 3085 qui
992 3012 1097 3066 antea
1121 3003 1216 3066 missi
1240 3014 1322 3066 sunt
1345 3005 1435 3066 fruc·

152 3121 210 3172 tus
227 3110 355 3174 afferre
380 3112 615 3192 nequiverunt
632 3124 667 3175 et
692 3112 805 3194 magis
830 3110 983 3173 ludibrio
1006 3111 1119 3173 habiti
1146 3124 1243 3182 sunt:
1267 3121 1302 3172 et
1323 3111 1435 3191 parmi

153 3220 220 3279 che
247 3237 311 3280 sua
335 3215 504 3300 Signoria
526 3221 635 3282 habia
659 3222 751 3282 male
775 3225 902 3300 pesate
927 3219 1044 3298 quelle
1068 3218 1192 3299 parole
1216 3217 1367 3298 perche,
1398 3225 1435 3278 ut

155 3325 202 3387 de
227 3346 282 3386 me
307 3325 440 3406 aliquid
466 3327 593 3406 dicam,
617 3325 651 3388 io
676 3346 746 3389 non
771 3327 879 3388 credo
904 3345 1001 3387 esser
1025 3335 1117 3387 stato
1143 3323 1295 3386 ludibrio
1319 3324 1434 3385 madi

155 3433 265 3493 haver
300 3431 388 3493 fatto
427 3435 576 3513 qualche
615 3437 710 3495 bona
734 3453 864 3514 opera,
890 3431 925 3493 di
965 3433 1032 3494 che
1060 3441 1277 3494 certamente
1308 3414 1352 3492 ne
1386 3433 1432 3493 ho
1481 3516 1482 3520 Ἰ

153 3538 317 3600 avvisato
332 3539 374 3603 V.
389 3539 424 3600 S.
442 3550 477 3601 et
494 3537 529 3605 S.
553 3539 644 3613 Bne;
670 3552 705 3602 et
729 3539 866 3602 benche
891 3558 960 3601 non
986 3537 1038 3600 sia
1062 3551 1117 3600 sta
1132 3537 1290 3601 extincta
1310 3548 1436 3619 questa

157 3645 295 3707 heresia
332 3655 367 3707 et
399 3647 598 3725 sedicione,
634 3648 669 3708 la
701 3648 804 3727 quale
835 3648 922 3727 perd
956 3665 1026 3707 non
1061 3664 1122 3706 era
1153 3645 1187 3706 in
1221 3654 1325 3724 poter
1353 3643 1434 3723 mi0,

154 3771 223 3832 pur
248 3753 342 3814 dalla
365 3753 460 3815 dieta
484 3754 518 3814 di
537 3753 782 3834 Nuremberga
807 3773 876 3814 non
906 3753 933 3812 si
949 3751 1084 3833 riporto
1100 3750 1268 3813 obrobrio
1286 3752 1434 3823 alcuno;

157 3875 191 3920 et
219 3863 277 3940 qul
302 3862 398 3922 lasso
423 3861 470 3921 da
493 3871 596 3942 parte
620 3861 644 3923 li
669 3860 800 3922 assidui
833 3858 942 3920 officii
973 3870 1008 3920 et
1032 3878 1141 3939 opere
1165 3860 1231 3920 che
1256 3859 1437 3920 continua·

154 3977 273 4029 mente
298 3966 327 4028 si
352 3987 439 4029 sono
463 3967 568 4038 fatte:
604 3967 917 4049 particolarmente
953 3986 1017 4027 con
1047 3964 1128 4027 tutti
1152 3964 1176 4027 li
1200 3965 1351 4046 principi
1374 3963 1434 4026 alli

155 4075 251 4155 quali
274 4075 427 4155 predissi
444 4085 535 4137 tutto
559 4074 584 4137 il
608 4075 725 4136 danno
750 4083 784 4136 et
808 4075 956 4135 tumulto
982 4075 1047 4134 che
1070 4072 1131 4153 poi
1152 4072 1338 4152 eseguito,
1365 4092 1433 4134 non

154 4181 341 4264 pigliando
366 4182 390 4243 li
415 4181 561 4244 remedii
585 4183 650 4244 che
675 4180 698 4242 li
722 4199 948 4262 proponeva;
981 4179 1016 4241 di
1047 4181 1113 4241 che
1143 4199 1209 4241 son
1241 4189 1338 4240 certo
1370 4179 1435 4240 che

155 4287 397 4350 ciaschaduno
421 4307 467 4349 ne
484 4287 608 4369 tenghi
623 4289 742 4348 buona
758 4287 937 4365 memoria,
961 4287 1092 4367 perche
1117 4285 1178 4368 poi
1201 4287 1271 4348 alla
1285 4284 1356 4348 fine
1371 4305 1437 4366 per

156 4396 255 4458 lorza
279 4397 399 4457 hanno
422 4394 513 4456 fatto
538 4396 657 4475 quello
682 4396 748 4456 c'ne
773 4395 819 4455 da
842 4391 1017 4475 principio
1043 4394 1206 4456 doveano
1231 4403 1267 4455 et
1278 4403 1434 4474 poteano

155 4501 217 4584 piri
240 4501 443 4564 facilmente
468 4501 555 4564 fare.
602 4500 655 4564 Ne
681 4501 739 4582 qui
773 4499 850 4563 diro
885 4503 1040 4562 anchora
1072 4501 1116 4562 de
1145 4503 1181 4562 la
1209 4498 1435 4562 conclusione

155 4613 223 4672 che
247 4608 277 4671 si
300 4608 380 4672 fece
404 4607 439 4671 in
463 4608 665 4689 Ratispona
690 4609 725 4669 la
741 4610 845 4688 quale
862 4617 1009 4669 retenne
1028 4606 1126 4669 molti
1153 4607 1198 4668 de
1216 4605 1296 4688 quei
1312 4605 1434 4687 luoghi

153 4719 222 4780 che
239 4735 309 4778 non
336 4735 423 4778 sono
447 4715 487 4777 iti
512 4717 570 4778 nel
593 4713 781 4796 precipitio
798 4713 868 4776 deli
885 4713 976 4794 altri,
993 4723 1028 4775 et
1043 4713 1251 4776 similmente
1267 4712 1303 4774 di
1318 4713 1435 4793 quello

155 4825 224 4885 che
248 4822 278 4884 si
302 4820 381 4884 fece
405 4822 439 4884 in
464 4821 612 4884 Austria
635 4841 699 4883 con
725 4821 745 4882 l’
763 4822 893 4883 andata
918 4821 986 4883 mia
1008 4820 1046 4882 in
1078 4820 1217 4883 Vienna
1249 4820 1435 4882 retinendo

153 4939 248 4996 tutta
286 4929 405 5012 quella
443 4937 545 5011 parte
588 4929 623 4989 la
666 4928 770 5011 quale
806 4947 868 4989 era
906 4946 972 5009 per
1011 4927 1128 5008 perire
1162 4947 1261 4989 come
1295 4927 1317 4988 l'
1345 4927 1435 4989 altre

1223 5031 1274 5092 34*
