3425 5700
815 574 1062 631 setene*

298 719 470 783 moniales
493 720 622 802 partim
652 722 762 800 ultro,
802 720 933 801 partim
967 718 1080 781 coacti
1114 719 1318 801 relinquunt
1355 716 1580 796 monasteria,

299 830 434 890 nubent
457 836 493 890 et
516 828 703 907 nubentur,
729 836 765 891 et
787 828 951 891 nolentes
975 825 1176 889 consentire
1200 834 1236 888 et
1258 824 1418 889 habitum
1432 822 1581 887 reiicere

300 935 539 1017 expelluntur.

388 1042 476 1105 Item
500 1041 734 1123 Nerobergae
760 1042 951 1124 occupavit
973 1051 1119 1106 senatus
1142 1040 1358 1103 monasteria
1381 1034 1417 1103 S.
1434 1035 1580 1118 Aegidii

299 1147 569 1211 Benedictinum
586 1145 1434 1229 Cartusiense,Carmelitarum,Augustinianum.
1456 1144 1502 1207 Et
1511 1144 1579 1208 Cli-

300 1255 432 1338 gental,
445 1255 615 1318 Pillereut
630 1265 665 1318 et
675 1254 883 1321 Gerundeln
898 1276 939 1318 ac
951 1256 1099 1319 fratrum
1109 1253 1384 1318 Teutonicorum
1395 1252 1431 1319 S.
1441 1252 1580 1331 Clarae,

301 1360 337 1428 S.
363 1362 588 1443 Catharinae,
610 1362 873 1426 interdixerunt
894 1363 950 1426 his
972 1363 1086 1445 primo
1108 1361 1324 1425 audientiam
1346 1359 1581 1423 confessionis

302 1469 431 1533 deinde
441 1470 721 1561 predicationem
733 1471 779 1533 ad
789 1471 971 1553 populum,
981 1470 1086 1534 tertio
1099 1469 1283 1533 missarum
1294 1468 1580 1545 celebrationem,

300 1586 427 1658 quarto
451 1576 570 1640 omnia
593 1576 713 1639 divina
737 1576 866 1642 officia.
913 1578 987 1640 Iam
1003 1577 1137 1640 instant
1152 1586 1191 1639 ut
1206 1577 1366 1639 habitum
1386 1578 1577 1657 deponant,

301 1704 340 1747 se
364 1682 473 1746 fuisse
497 1684 532 1747 in
557 1692 650 1747 statu
675 1684 911 1748 damnationis
935 1684 1062 1748 litteris
1086 1684 1291 1765 patentibus
1317 1694 1581 1763 recognoscant

301 1800 337 1854 et
369 1791 584 1855 monasteria
614 1791 752 1854 senatui
782 1792 1022 1873 dispensanda
1058 1788 1273 1854 eleemosina
1305 1792 1464 1869 tradant,
1500 1809 1581 1851 cum

301 1898 464 1961 omnibus
487 1897 695 1961 redditibus.
741 1898 901 1961 Minores
935 1898 971 1960 in
1000 1899 1094 1961 hunc
1125 1896 1217 1961 diem
1247 1897 1472 1973 restiterunt,
1498 1897 1581 1959 Pre-

302 2004 477 2068 dicatores
501 2004 583 2067 mali
607 2014 878 2080 consenserunt,
901 2003 988 2067 boni
1011 2014 1128 2067 autem
1152 2004 1373 2068 clandestine
1396 2006 1442 2067 ad
1466 2004 1580 2065 Bava—

300 2112 388 2175 riam
402 2112 580 2195 fugerunt.
615 2110 695 2175 Hoc
712 2119 748 2174 et
764 2111 799 2174 in
816 2111 934 2175 multis
949 2110 1026 2175 aliis
1046 2109 1086 2173 fit
1101 2110 1305 2173 civitatibus
1328 2110 1581 2192 imperialibus.

300 2219 413 2281 Porro
428 2218 602 2301 incipiunt
616 2218 727 2283 ferme
750 2218 786 2281 in
811 2218 974 2281 omnibus
990 2217 1193 2282 civitatibus
1209 2219 1424 2300 compellere
1439 2217 1582 2281 Clerum

302 2333 339 2388 et
361 2323 550 2407 religiosos
568 2336 606 2388 ut
620 2325 828 2389 renunciata
841 2325 1008 2389 libertate
1024 2324 1266 2388 ecclesiastica
1282 2326 1378 2387 nulla
1400 2328 1585 2407 gaudeant

300 2430 529 2513 immunitate,
546 2433 609 2495 sed
626 2431 744 2495 omnia
759 2452 869 2495 onera
884 2431 1002 2494 terant
1015 2431 1134 2495 civilia
1148 2442 1309 2513 tempore
1324 2433 1424 2514 pacis
1441 2441 1476 2495 et
1494 2432 1582 2495 belli

299 2538 390 2601 sicut
403 2538 462 2602 alli
475 2538 564 2603 laici.
590 2538 644 2601 Ita
656 2538 787 2601 factum
812 2550 867 2602 est
883 2538 1115 2621 Argentinae,
1141 2538 1380 2617 Constantiae,
1404 2540 1583 2621 Basileae,

299 2643 438 2728 Spirae,
454 2645 674 2728 Moguntiae,
688 2644 933 2727 Nerobergae,
951 2644 1216 2726 Wittemburgi,
1232 2644 1449 2729 Wimpinae,
1470 2646 1583 2709 Haill·

300 2752 439 2833 brunni,
448 2752 683 2834 Ratisponae‚
694 2762 730 2815 et
738 2761 775 2815 ut
785 2752 905 2814 ferunt
917 2750 1165 2833 Onoltzpachii
1174 2762 1210 2815 et
1217 2753 1379 2835 pluribus
1392 2753 1469 2816 aliis
1481 2754 1583 2818 locis.

299 2858 554 2925 Sacerdotibus
566 2861 617 2924 eis
629 2859 902 2924 adversantibus
916 2859 1068 2923 libenter
1080 2860 1218 2924 veniam
1232 2862 1318 2924 dant
1330 2861 1484 2925 abeundi
1500 2883 1583 2925 cum

299 2968 490 3032 medietate
503 2968 680 3032 fructuum
690 2969 931 3050 praebendae,
940 2967 1112 3050 reliquam
1120 2969 1347 3032 medietatem
1357 2979 1580 3032 servantnon

298 3095 364 3157 pro
373 3075 491 3138 Missis
502 3075 721 3157 supplendis,
730 3095 817 3157 quas
829 3075 945 3137 nullas
958 3073 1036 3138 fieri
1045 3074 1263 3157 permittunt,
1275 3078 1338 3140 sed
1348 3076 1382 3138 in
1395 3095 1584 3139 commune

299 3192 475 3263 reponunt
497 3203 563 3265 pro
589 3181 803 3245 eleemosina
826 3192 865 3244 ut
889 3181 1021 3262 dicunt,
1046 3191 1082 3245 et
1105 3182 1154 3244 ita
1178 3183 1224 3245 de
1247 3183 1446 3246 redditibus
1470 3187 1566 3246 eccle

299 3288 449 3352 siasticis
473 3291 607 3353 habent
629 3289 741 3352 ferme
771 3309 876 3351 12000
898 3287 1053 3352 florenos
1077 3310 1143 3372 pro
1168 3289 1401 3370 eleemosinis,
1425 3289 1486 3353 alii
1500 3291 1582 3352 esti-

302 3405 398 3458 mant
428 3396 474 3458 ad
510 3416 615 3474 15000
641 3394 763 3459 floren.
792 3394 978 3478 Principes
1006 3415 1093 3458 vero
1121 3393 1229 3478 aliqui
1264 3397 1335 3459 etsi
1357 3417 1423 3478 pro
1446 3397 1586 3460 viribus

298 3501 465 3566 resistant
489 3501 654 3566 seditioni
677 3501 900 3579 rusticorum,
923 3501 1031 3583 aliqui
1047 3513 1165 3566 tamen
1179 3504 1394 3567 monasteria
1413 3504 1583 3586 spoliant,

299 3609 408 3691 aliqui
433 3609 675 3673 ordinationes
705 3608 965 3672 haereticorum
993 3609 1029 3670 in
1061 3609 1191 3672 divinis
1222 3609 1349 3674 officiis
1379 3621 1583 3692 acceptant,

300 3719 493 3781 monachos
517 3737 537 3780 e
562 3715 783 3780 monasteriis
806 3719 954 3798 pellunt,
986 3717 1231 3781 sacerdotibus
1263 3739 1395 3782 uxores
1418 3719 1454 3781 in
1487 3717 1583 3781 facie

300 3825 482 3888 Ecclesiae
515 3824 724 3906 permittunt
757 3826 905 3903 ducere,
951 3823 1058 3906 aliqui
1092 3825 1243 3889 subditis
1267 3826 1502 3908 permiserunt
1533 3847 1584 3888 ne

301 3931 470 4013 deinceps
493 3930 647 3993 minores
672 3931 827 3994 decimas
851 3941 886 3993 et
910 3933 1118 4013 personales
1143 3934 1229 3997 dare
1257 3942 1431 4014 cogantur
1463 3942 1498 3996 et
1527 3943 1583 3995 ta-

301 4059 381 4102 men
406 4038 451 4101 de
474 4037 546 4101 suis
570 4037 738 4101 oneribus
762 4037 848 4100 nihil
872 4038 1069 4113 remittunt;
1095 4040 1191 4101 nulla
1206 4039 1408 4102 reverentia
1430 4039 1470 4102 fit
1482 4041 1585 4104 clero

302 4143 481 4229 episcopis
506 4155 541 4207 et
564 4145 733 4226 potestati
757 4145 922 4217 clavium;
946 4144 983 4207 in
1007 4145 1112 4209 curiis
1146 4146 1345 4229 principum
1375 4167 1441 4210 nec
1471 4149 1584 4210 nomi-

301 4271 386 4316 nare
417 4251 494 4334 quis
532 4252 663 4314 audeat
702 4251 1116 4325 excommunicationem
1151 4254 1268 4316 nullae
1306 4253 1395 4315 fiunt
1428 4253 1586 4336 amplius

301 4359 501 4423 oblationes
543 4360 588 4422 ad
632 4359 760 4432 altare;
798 4358 1047 4439 praecationes
1083 4378 1149 4439 pro
1181 4359 1327 4422 mortuis
1362 4359 1585 4434 rarissimae:

302 4466 449 4531 mortuis
480 4466 745 4549 praebendatis,
769 4467 803 4529 in
836 4467 954 4529 multis
984 4466 1126 4548 oppidis
1154 4464 1364 4528 beneficium
1397 4485 1468 4529 non
1498 4487 1586 4529 con·

302 4572 421 4635 ferunt
461 4573 564 4636 alteri
595 4574 657 4636 sed
692 4573 923 4654 extinguunt,
960 4582 995 4635 et
1029 4574 1123 4654 quod
1160 4583 1215 4636 est
1238 4573 1440 4637 horribilius
1469 4575 1590 4638 maior

302 4698 385 4762 pars
409 4679 588 4743 hominum
623 4680 660 4743 in
696 4679 879 4762 Augusta,
910 4679 1129 4762 Argentina,
1161 4680 1304 4760 'lurego
1333 4689 1368 4742 et
1399 4679 1479 4743 aliis
1509 4701 1586 4744 non

302 4787 452 4851 credunt
475 4807 597 4851 verum
622 4786 759 4868 Corpus
783 4785 913 4850 Christi
937 4806 1015 4850 esse
1036 4787 1102 4848 sub
1127 4783 1357 4849 Sacramento
1380 4788 1445 4849 sed
1467 4790 1588 4852 solum

302 4912 431 4976 panem
456 4902 491 4956 et
514 4893 643 4960 vinum.
695 4893 751 4956 Illi
778 4891 849 4956 iam
876 4892 963 4956 nihil
993 4905 1117 4957 curant
1149 4893 1194 4955 de
1224 4892 1417 4956 mutatione
1447 4893 1588 4958 Missae
