3425 5700
610 589 668 639 &R
707 590 758 644 111
798 588 856 641 ΕΗ

118 758 173 800 esse
191 746 415 820 opporteret,
439 740 552 801 verbo
577 748 612 799 et
636 756 746 818 opere
772 735 1006 817 exemplariS,
1032 756 1102 799 non
1126 737 1375 799 scandalorum

118 842 266 923 inventor,
291 866 333 907 ac
358 846 459 926 pacis
482 864 585 927 quam
611 843 773 906 Christus
796 843 830 905 in
856 842 1004 906 Coelum
1028 863 1239 907 ascensurus
1270 853 1373 906 testa-

119 961 209 1014 nento
247 972 312 1014 suo
348 952 452 1015 nobis
475 950 633 1032 reliquit,
669 959 792 1013 auctor
817 961 852 1012 et
876 970 1019 1031 suasor,
1043 971 1112 1013 non
1136 949 1317 1013 zinzaniae
1341 962 1376 1013 et

119 1058 350 1122 discordiarum
375 1068 482 1139 sator,
506 1057 750 1140 Evangelicae
773 1058 935 1121 veritatis
959 1067 1133 1138 assertor,
1167 1078 1238 1120 non
1263 1058 1374 1120 extin-

121 1175 227 1229 ctarum
243 1166 314 1229 iam
338 1167 504 1228 heresum
529 1165 752 1246 importunus
776 1166 964 1245 excitator,
989 1165 1101 1228 lorica
1124 1164 1207 1227 fidei
1232 1165 1377 1227 indutus

120 1286 145 1333 et
161 1272 312 1335 veritatis
336 1272 458 1353 gladio
482 1272 663 1335 accinctus
672 1320 681 1351 ,
707 1293 751 1335 ne
776 1282 931 1335 armatas
954 1272 1116 1354 legiones
1141 1271 1283 1353 quidem
1307 1271 1374 1334 for-

121 1378 254 1459 midaret,
277 1400 319 1442 ac
345 1388 523 1441 tormenta
547 1389 582 1441 et
598 1378 701 1461 ignes
717 1380 935 1459 negligeret;
961 1400 1051 1442 nunc
1069 1399 1155 1442 vero
1172 1379 1376 1460 intelligens

121 1506 199 1565 quam
220 1488 350 1569 gravia
373 1485 605 1565 commiserit,
638 1506 762 1568 parem
786 1485 944 1566 peccatis
969 1505 1121 1567 poenam
1146 1486 1259 1567 timet,
1286 1506 1375 1547 eam-

121 1612 171 1672 que
188 1613 325 1675 semper
350 1604 433 1656 ante
458 1594 580 1656 oculos
604 1591 741 1654 versari
775 1601 895 1674 putat,
932 1602 968 1655 et
1002 1594 1092 1655 hanc
1129 1592 1236 1655 vitam
1274 1594 1376 1657 relin-

121 1719 204 1780 quere
224 1702 405 1779 formidat,
430 1699 571 1762 minime
595 1700 754 1781 ignarus,
779 1720 871 1781 quae
896 1699 1071 1781 supplicia
1087 1699 1185 1762 illum
1209 1699 1243 1762 in
1264 1702 1376 1763 altero

121 1811 214 1871 seculo
238 1818 416 1871 maneant.
471 1808 622 1870 Demum
646 1806 746 1888 quasi
771 1827 835 1869 sua
859 1817 895 1869 et
920 1806 1108 1869 Athanasii
1126 1827 1233 1869 causa
1250 1810 1375 1871 eadem

121 1912 161 1991 sit,
186 1936 204 1977 a
225 1915 330 1978 nobis
352 1923 502 1996 propter
527 1915 601 1977 eius
626 1914 884 1977 contumaciam
918 1914 1042 1977 merito
1068 1916 1268 1995 damnatus,
1301 1914 1374 1976 Ma-

118 2019 253 2099 iestatem
278 2023 390 2085 Tuam
415 2022 579 2101 invocat,
604 2032 640 2083 et
663 2023 730 2084 sub
761 2021 836 2083 eius
861 2022 998 2083 alarum
1023 2022 1182 2083 umbram
1207 2020 1375 2103 confugit,

122 2146 202 2205 quem
222 2129 392 2210 Majestas
416 2130 541 2191 eadem
567 2140 642 2208 tua,
674 2148 744 2192 non
771 2148 817 2190 ex
841 2128 914 2209 his,
945 2148 1036 2209 quae
1061 2149 1152 2191 nunc
1177 2130 1272 2211 apud
1297 2148 1374 2190 eam

120 2232 191 2297 falso
211 2236 391 2316 mentitur,
414 2236 648 2319 improbaque
674 2235 926 2315 calumniatur,
950 2237 1014 2298 sed
1039 2256 1085 2298 ex
1109 2235 1255 2298 nefariis
1279 2236 1374 2298 libel-

121 2340 153 2401 lis
171 2354 285 2406 contra
307 2342 393 2407 fidei
416 2344 603 2407 veritatem
627 2343 663 2404 in
688 2327 869 2425 publicum
892 2326 1005 2423 editis,
1032 2364 1072 2405 ac
1090 2342 1206 2424 impiis
1222 2351 1258 2405 et
1275 2363 1375 2405 scan-

120 2448 228 2512 dalosis
243 2450 319 2513 eius
334 2450 504 2532 operibus
520 2450 733 2530 aestimabit,
758 2450 893 2532 etquid
911 2470 989 2513 cum
1006 2449 1077 2513 suis
1095 2450 1327 2531 complicibus
1342 2458 1378 2511 et

120 2558 304 2636 sequacibus
320 2559 462 2621 sibimet
476 2558 573 2641 ipsis,
597 2557 698 2639 quasi
716 2566 851 2620 statuas
868 2556 1089 2639 erigentibus
1107 2577 1149 2618 ac
1168 2558 1375 2619 sceleratam

120 2660 250 2743 effigiem
274 2685 373 2727 suam
398 2671 504 2727 cartis
528 2665 734 2746 impressam
760 2667 870 2745 vulgo
896 2664 1157 2727 ostentantibus
1174 2685 1245 2726 non
1264 2665 1376 2726 solum

119 2768 266 2835 adversus
289 2791 354 2833 nos
379 2781 415 2833 et
439 2771 569 2834 dictam
594 2772 726 2849 sedem,
751 2772 814 2834 sed
840 2771 946 2834 etiam
972 2780 1096 2834 contra
1119 2774 1302 2853 honorem,
1335 2791 1377 2833 ac

120 2886 226 2940 statum
242 2879 470 2943 Celsitudinis
484 2890 566 2942 tuae
584 2880 754 2942 seditiose
778 2879 904 2960 moliri,
930 2880 1156 2962 maligneque
1181 2878 1377 2943 machinari

119 2995 243 3048 conatus
271 2986 395 3065 fuerit,
427 3008 467 3049 ac
499 2987 605 3050 etiam
637 3008 728 3049 nunc
762 2987 940 3050 obstinate
974 2986 1094 3050 conari
1123 3007 1192 3050 non
1218 2988 1377 3066 desistat,

120 3091 246 3165 provide
268 3094 516 3177 considerabit.
558 3093 603 3156 Et
628 3094 721 3156 intra
751 3095 880 3157 mentis
904 3114 990 3157 suae
1014 3095 1169 3156 archana
1188 3095 1378 3156 revolvens

118 3193 327 3270 justinianum
359 3213 395 3263 et
425 3211 568 3264 sanctos
599 3201 679 3264 illos
703 3202 890 3264 Romanos
922 3201 1160 3283 Imperatores
1191 3203 1376 3282 predeces-

120 3319 200 3366 sores
220 3326 309 3387 suos,
333 3307 425 3370 inter
450 3307 598 3371 eximias
622 3318 658 3370 et
681 3310 864 3389 preclaras
888 3309 1022 3387 laudes,
1047 3327 1135 3388 quas
1152 3306 1314 3371 maximis
1330 3309 1375 3370 la·

118 3409 243 3474 boribus
269 3426 303 3476 et
330 3415 500 3495 periculis
528 3425 796 3496 compararunt,
829 3416 921 3476 hanc
953 3415 1065 3476 veluti
1093 3415 1308 3496 singularem
1336 3435 1377 3477 ac

118 3518 300 3600 precipuam
322 3541 465 3603 semper
480 3523 705 3604 amplexatos
719 3521 837 3602 fuisse,
866 3530 903 3584 ut
921 3532 1066 3585 exortas
1081 3522 1227 3584 hereses
1243 3521 1378 3584 viribus

118 3625 259 3688 omnibus
288 3630 393 3692 etiam
426 3629 461 3692 in
488 3628 614 3691 alienis
639 3628 837 3692 Provinciis
863 3639 898 3691 et
922 3628 1043 3709 regnis
1067 3639 1378 3711 persequerentur,

118 3747 230 3812 easque
252 3734 418 3798 radicitus
442 3735 682 3817 extirparent,
715 3748 750 3798 et
775 3735 979 3799 Catholicae
1004 3735 1185 3798 Ecclesiae
1211 3735 1376 3798 Christifi·

118 3835 228 3902 delium
251 3843 402 3905 omnium
426 3843 534 3905 Matri
557 3863 682 3925 pacem
708 3853 744 3906 et
767 3843 937 3906 unitatem
961 3844 1208 3922 restituerent,
1242 3846 1288 3905 ab
1311 3845 1377 3906 hac

118 3939 181 4020 ipsa
202 3949 304 4011 laude
325 3949 416 4012 felix
449 3970 489 4011 ac
520 3949 675 4012 faustum
698 3949 888 4030 Imperium
920 3971 1019 4013 suum
1051 3950 1307 4032 auspicabitur,
1342 3965 1378 4013 ut

118 4047 183 4111 huic
209 4064 278 4116 tam
307 4055 402 4118 felici
434 4067 470 4118 et
501 4056 685 4138 auspicato
711 4057 811 4120 initio
835 4057 975 4140 reliqua
998 4058 1117 4120 divina
1142 4058 1286 4121 favente
1311 4061 1377 4121 cle-

117 4158 230 4222 mentia
253 4164 470 4244 respondere
494 4164 653 4243 valeant,
684 4185 750 4227 nec
777 4185 882 4227 aures
906 4164 976 4227 illis
1000 4165 1059 4246 qui
1084 4185 1161 4227 eam
1186 4167 1231 4234 de
1256 4175 1379 4228 sancto

117 4267 282 4346 proposito
309 4290 372 4334 suo
400 4290 560 4350 movere,
594 4292 635 4334 ac
666 4271 852 4334 diabolicis
882 4272 1018 4334 artibus
1047 4282 1083 4335 et
1113 4271 1251 4336 insidiis
1284 4275 1376 4336 labe·

117 4369 234 4436 lactare
264 4392 435 4441 conantur
464 4379 656 4460 prestabit,
688 4382 752 4441 sed
781 4400 843 4443 eos
868 4390 1035 4460 tanquam
1060 4401 1235 4442 venenum
1260 4390 1295 4442 et
1320 4401 1377 4462 pe·

116 4487 190 4541 stem
213 4502 233 4543 a
256 4493 448 4567 conspectu
472 4506 536 4548 suo
561 4485 696 4566 eiiciet,
728 4508 768 4548 ac
794 4487 829 4548 in
854 4487 1032 4549 sententia
1056 4507 1119 4548 sua
1144 4487 1377 4568 permanebit,

117 4599 205 4660 prout
233 4610 309 4653 eam
341 4587 484 4655 o‘mnino
508 4591 681 4655 facturam
707 4605 742 4655 et
767 4614 837 4656 non
863 4603 933 4656 tam
958 4603 1114 4656 nostram
1139 4614 1243 4675 quam
1268 4595 1379 4676 ipsius

116 4687 180 4770 Dei,
202 4717 241 4758 ac
266 4711 409 4763 sanctae
432 4698 517 4762 fidei
541 4721 626 4762 suae
651 4721 793 4763 causam
818 4709 944 4763 contra
965 4701 1158 4763 Lutherum
1182 4702 1285 4763 istum
1310 4723 1378 4764 om·

116 4816 232 4881 nesque
249 4804 469 4870 Lutheranos
487 4807 573 4869 nihil
598 4818 718 4890 preter
742 4808 954 4870 seditionem
979 4817 1015 4869 et
1037 4808 1208 4871 scandala
1232 4829 1376 4890 queren-

115 4915 158 4966 tes
186 4923 423 4994 suscepturam
454 4928 490 4977 et
517 4914 583 4976 nisi
613 4913 849 4997 rescipuerint
879 4914 1017 4998 potenti
1050 4916 1198 4979 brachio
1230 4938 1294 4980 suo
1320 4919 1377 4980 de·
