<?xml version="1.0" encoding="UTF-8"?>
<!DOCTYPE html PUBLIC "-//W3C//DTD XHTML 1.0 Transitional//EN"
    "http://www.w3.org/TR/xhtml1/DTD/xhtml1-transitional.dtd">
<html xmlns="http://www.w3.org/1999/xhtml" xml:lang="en" lang="en">
 <head>
  <title>
</title>
<meta http-equiv="Content-Type" content="text/html;charset=utf-8" />
  <meta name='ocr-system' content='tesseract 3.04.00' />
  <meta name='ocr-capabilities' content='ocr_page ocr_carea ocr_par ocr_line ocrx_word'/>
</head>
<body>
  <div class='ocr_page' id='page_1' title='image "./monumentareform00unkngoog/monumentareform00unkngoog_0113.png"; bbox 0 0 3425 5700; ppageno 0'>
   <div class='ocr_carea' id='block_1_1' title="bbox 659 559 888 620">
    <p class='ocr_par' dir='ltr' id='par_1_1' title="bbox 659 559 888 620">
     <span class='ocr_line' id='line_1_1' title="bbox 659 559 888 620; baseline -0.013 0"><span class='ocrx_word' id='word_1_1' title='bbox 659 559 888 620; x_wconf 41' lang='lat'><em>4081&amp;</em></span> 
     </span>
    </p>
   </div>
   <div class='ocr_carea' id='block_1_2' title="bbox 130 705 1429 4097">
    <p class='ocr_par' dir='ltr' id='par_1_2' title="bbox 130 705 1420 1757">
     <span class='ocr_line' id='line_1_2' title="bbox 132 705 1414 792; baseline -0.002 -20"><span class='ocrx_word' id='word_1_2' title='bbox 132 710 216 774; x_wconf 89' lang='lat' dir='ltr'>delli</span> <span class='ocrx_word' id='word_1_3' title='bbox 241 710 309 774; x_wconf 91' lang='lat' dir='ltr'>mei</span> <span class='ocrx_word' id='word_1_4' title='bbox 333 709 489 792; x_wconf 91' lang='lat' dir='ltr'>pericoli,</span> <span class='ocrx_word' id='word_1_5' title='bbox 515 710 647 773; x_wconf 87' lang='lat' dir='ltr'>fatiche</span> <span class='ocrx_word' id='word_1_6' title='bbox 672 719 707 773; x_wconf 91' lang='lat' dir='ltr'>et</span> <span class='ocrx_word' id='word_1_7' title='bbox 730 710 933 773; x_wconf 83' lang='lat' dir='ltr'>necessitati</span> <span class='ocrx_word' id='word_1_8' title='bbox 959 729 1025 791; x_wconf 90' lang='lat' dir='ltr'>per</span> <span class='ocrx_word' id='word_1_9' title='bbox 1047 711 1081 772; x_wconf 91' lang='lat' dir='ltr'>le</span> <span class='ocrx_word' id='word_1_10' title='bbox 1105 707 1201 791; x_wconf 86' lang='lat' dir='ltr'>quali</span> <span class='ocrx_word' id='word_1_11' title='bbox 1224 729 1280 771; x_wconf 90' lang='lat' dir='ltr'>me</span> <span class='ocrx_word' id='word_1_12' title='bbox 1294 705 1414 771; x_wconf 90' lang='lat' dir='ltr'>hanno</span> 
     </span>
     <span class='ocr_line' id='line_1_3' title="bbox 131 815 1415 899; baseline 0.001 -22"><span class='ocrx_word' id='word_1_13' title='bbox 131 838 267 880; x_wconf 85' lang='lat' dir='ltr'>summa</span> <span class='ocrx_word' id='word_1_14' title='bbox 298 817 563 899; x_wconf 84' lang='lat' dir='ltr'>compassione,</span> <span class='ocrx_word' id='word_1_15' title='bbox 597 821 662 881; x_wconf 89' lang='lat' dir='ltr'>che</span> <span class='ocrx_word' id='word_1_16' title='bbox 696 817 805 899; x_wconf 91' lang='lat' dir='ltr'>dopoi</span> <span class='ocrx_word' id='word_1_17' title='bbox 829 836 917 879; x_wconf 88' lang='lat' dir='ltr'>sono</span> <span class='ocrx_word' id='word_1_18' title='bbox 945 826 1030 878; x_wconf 91' lang='lat' dir='ltr'>nato</span> <span class='ocrx_word' id='word_1_19' title='bbox 1055 816 1124 878; x_wconf 92' lang='lat' dir='ltr'>mai</span> <span class='ocrx_word' id='word_1_20' title='bbox 1148 835 1237 879; x_wconf 92' lang='lat' dir='ltr'>sono</span> <span class='ocrx_word' id='word_1_21' title='bbox 1262 825 1354 879; x_wconf 80' lang='lat' dir='ltr'>stato</span> <span class='ocrx_word' id='word_1_22' title='bbox 1380 815 1415 878; x_wconf 90' lang='lat' dir='ltr'>in</span> 
     </span>
     <span class='ocr_line' id='line_1_4' title="bbox 131 923 1417 1006; baseline -0.002 -20"><span class='ocrx_word' id='word_1_23' title='bbox 131 935 232 987; x_wconf 80' lang='lat' dir='ltr'>tanta</span> <span class='ocrx_word' id='word_1_24' title='bbox 255 924 397 988; x_wconf 87' lang='lat' dir='ltr'>miseria</span> <span class='ocrx_word' id='word_1_25' title='bbox 422 935 457 987; x_wconf 91' lang='lat' dir='ltr'>et</span> <span class='ocrx_word' id='word_1_26' title='bbox 481 924 680 1005; x_wconf 84' lang='lat' dir='ltr'>alilittione,</span> <span class='ocrx_word' id='word_1_27' title='bbox 713 945 829 1006; x_wconf 91' lang='lat' dir='ltr'>neque</span> <span class='ocrx_word' id='word_1_28' title='bbox 854 923 984 987; x_wconf 87' lang='lat' dir='ltr'>obiicio</span> <span class='ocrx_word' id='word_1_29' title='bbox 1009 923 1172 1006; x_wconf 83' lang='lat' dir='ltr'>profecto</span> <span class='ocrx_word' id='word_1_30' title='bbox 1200 925 1264 985; x_wconf 91' lang='lat' dir='ltr'>sed</span> <span class='ocrx_word' id='word_1_31' title='bbox 1290 923 1417 1006; x_wconf 82' lang='lat' dir='ltr'>iterum</span> 
     </span>
     <span class='ocr_line' id='line_1_5' title="bbox 130 1029 1417 1114; baseline -0.004 -19"><span class='ocrx_word' id='word_1_32' title='bbox 130 1043 274 1114; x_wconf 84' lang='lat' dir='ltr'><strong>repeto,</strong></span> <span class='ocrx_word' id='word_1_33' title='bbox 299 1035 365 1097; x_wconf 91' lang='lat' dir='ltr'>che</span> <span class='ocrx_word' id='word_1_34' title='bbox 389 1053 455 1096; x_wconf 91' lang='lat' dir='ltr'>con</span> <span class='ocrx_word' id='word_1_35' title='bbox 479 1032 597 1095; x_wconf 74' lang='lat' dir='ltr'>falsitzi</span> <span class='ocrx_word' id='word_1_36' title='bbox 622 1054 692 1096; x_wconf 91' lang='lat' dir='ltr'>non</span> <span class='ocrx_word' id='word_1_37' title='bbox 717 1033 926 1096; x_wconf 84' lang='lat' dir='ltr'>detrahatur</span> <span class='ocrx_word' id='word_1_38' title='bbox 948 1029 1075 1094; x_wconf 87' lang='lat' dir='ltr'>honori</span> <span class='ocrx_word' id='word_1_39' title='bbox 1099 1051 1188 1111; x_wconf 87' lang='lat' dir='ltr'>me0,</span> <span class='ocrx_word' id='word_1_40' title='bbox 1220 1033 1285 1094; x_wconf 88' lang='lat' dir='ltr'>che</span> <span class='ocrx_word' id='word_1_41' title='bbox 1310 1031 1417 1092; x_wconf 87' lang='lat' dir='ltr'>credo</span> 
     </span>
     <span class='ocr_line' id='line_1_6' title="bbox 130 1137 1417 1229; baseline -0.002 -27"><span class='ocrx_word' id='word_1_42' title='bbox 130 1142 212 1203; x_wconf 90' lang='lat' dir='ltr'>chel</span> <span class='ocrx_word' id='word_1_43' title='bbox 236 1141 391 1204; x_wconf 89' lang='lat' dir='ltr'>Diabolo</span> <span class='ocrx_word' id='word_1_44' title='bbox 421 1141 552 1223; x_wconf 87' lang='lat' dir='ltr'>instiga</span> <span class='ocrx_word' id='word_1_45' title='bbox 583 1150 752 1222; x_wconf 90' lang='lat' dir='ltr'>questoro</span> <span class='ocrx_word' id='word_1_46' title='bbox 787 1149 1080 1229; x_wconf 84' lang='lat' dir='ltr'>expressamente</span> <span class='ocrx_word' id='word_1_47' title='bbox 1114 1138 1211 1202; x_wconf 80' lang='lat' dir='ltr'>accio</span> <span class='ocrx_word' id='word_1_48' title='bbox 1243 1141 1308 1202; x_wconf 92' lang='lat' dir='ltr'>che</span> <span class='ocrx_word' id='word_1_49' title='bbox 1337 1137 1417 1199; x_wconf 93' lang='lat' dir='ltr'>ioo</span> 
     </span>
     <span class='ocr_line' id='line_1_7' title="bbox 131 1245 1418 1330; baseline -0.003 -20"><span class='ocrx_word' id='word_1_50' title='bbox 131 1248 257 1330; x_wconf 89' lang='lat' dir='ltr'>creppi</span> <span class='ocrx_word' id='word_1_51' title='bbox 288 1249 324 1310; x_wconf 94' lang='lat' dir='ltr'>di</span> <span class='ocrx_word' id='word_1_52' title='bbox 353 1250 476 1311; x_wconf 90' lang='lat' dir='ltr'>dolore</span> <span class='ocrx_word' id='word_1_53' title='bbox 502 1268 522 1311; x_wconf 93' lang='lat' dir='ltr'>o</span> <span class='ocrx_word' id='word_1_54' title='bbox 548 1268 603 1322; x_wconf 89' lang='lat' dir='ltr'>me</span> <span class='ocrx_word' id='word_1_55' title='bbox 634 1248 739 1311; x_wconf 88' lang='lat' dir='ltr'>amali</span> <span class='ocrx_word' id='word_1_56' title='bbox 769 1245 830 1329; x_wconf 79' lang='lat' dir='ltr'>piu</span> <span class='ocrx_word' id='word_1_57' title='bbox 862 1249 907 1310; x_wconf 92' lang='lat' dir='ltr'>de</span> <span class='ocrx_word' id='word_1_58' title='bbox 935 1249 970 1309; x_wconf 93' lang='lat' dir='ltr'>lo</span> <span class='ocrx_word' id='word_1_59' title='bbox 995 1249 1061 1309; x_wconf 91' lang='lat' dir='ltr'>che</span> <span class='ocrx_word' id='word_1_60' title='bbox 1085 1266 1190 1327; x_wconf 91' lang='lat' dir='ltr'>s0n0,</span> <span class='ocrx_word' id='word_1_61' title='bbox 1226 1267 1247 1308; x_wconf 94' lang='lat'>0</span> <span class='ocrx_word' id='word_1_62' title='bbox 1272 1247 1338 1308; x_wconf 89' lang='lat' dir='ltr'>che</span> <span class='ocrx_word' id='word_1_63' title='bbox 1362 1265 1418 1306; x_wconf 91' lang='lat' dir='ltr'>me</span> 
     </span>
     <span class='ocr_line' id='line_1_8' title="bbox 130 1351 1420 1437; baseline -0.002 -22"><span class='ocrx_word' id='word_1_64' title='bbox 130 1353 222 1416; x_wconf 88' lang='lat' dir='ltr'>ritiri</span> <span class='ocrx_word' id='word_1_65' title='bbox 247 1363 283 1416; x_wconf 93' lang='lat' dir='ltr'>et</span> <span class='ocrx_word' id='word_1_66' title='bbox 306 1352 390 1420; x_wconf 90' lang='lat' dir='ltr'>lassi</span> <span class='ocrx_word' id='word_1_67' title='bbox 415 1355 473 1416; x_wconf 90' lang='lat' dir='ltr'>del</span> <span class='ocrx_word' id='word_1_68' title='bbox 496 1362 589 1417; x_wconf 90' lang='lat' dir='ltr'>tutto</span> <span class='ocrx_word' id='word_1_69' title='bbox 614 1364 742 1436; x_wconf 88' lang='lat' dir='ltr'>questa</span> <span class='ocrx_word' id='word_1_70' title='bbox 765 1355 930 1435; x_wconf 85' lang='lat' dir='ltr'>impresa‚</span> <span class='ocrx_word' id='word_1_71' title='bbox 957 1375 1027 1437; x_wconf 93' lang='lat' dir='ltr'>quo</span> <span class='ocrx_word' id='word_1_72' title='bbox 1052 1354 1141 1418; x_wconf 86' lang='lat' dir='ltr'>nihil</span> <span class='ocrx_word' id='word_1_73' title='bbox 1165 1362 1260 1416; x_wconf 90' lang='lat' dir='ltr'>esset</span> <span class='ocrx_word' id='word_1_74' title='bbox 1283 1351 1420 1434; x_wconf 84' lang='lat' dir='ltr'>gratius</span> 
     </span>
     <span class='ocr_line' id='line_1_9' title="bbox 133 1458 1419 1525; baseline -0.001 -3"><span class='ocrx_word' id='word_1_75' title='bbox 133 1461 348 1523; x_wconf 81' lang='lat' dir='ltr'>Lutheranis</span> <span class='ocrx_word' id='word_1_76' title='bbox 372 1461 545 1523; x_wconf 88' lang='lat' dir='ltr'>omnibus.</span> <span class='ocrx_word' id='word_1_77' title='bbox 581 1461 610 1522; x_wconf 94' lang='lat' dir='ltr'>Il</span> <span class='ocrx_word' id='word_1_78' title='bbox 635 1462 700 1525; x_wconf 88' lang='lat' dir='ltr'>che</span> <span class='ocrx_word' id='word_1_79' title='bbox 726 1461 794 1524; x_wconf 92' lang='lat' dir='ltr'>mai</span> <span class='ocrx_word' id='word_1_80' title='bbox 819 1461 898 1524; x_wconf 83' lang='lat' dir='ltr'>farb</span> <span class='ocrx_word' id='word_1_81' title='bbox 922 1458 994 1523; x_wconf 90' lang='lat' dir='ltr'>fino</span> <span class='ocrx_word' id='word_1_82' title='bbox 1019 1461 1084 1523; x_wconf 91' lang='lat' dir='ltr'>che</span> <span class='ocrx_word' id='word_1_83' title='bbox 1107 1459 1191 1522; x_wconf 92' lang='lat' dir='ltr'>vedi</span> <span class='ocrx_word' id='word_1_84' title='bbox 1207 1461 1273 1522; x_wconf 91' lang='lat' dir='ltr'>che</span> <span class='ocrx_word' id='word_1_85' title='bbox 1288 1459 1419 1522; x_wconf 91' lang='lat' dir='ltr'>Nostro</span> 
     </span>
     <span class='ocr_line' id='line_1_10' title="bbox 131 1566 1420 1650; baseline -0.001 -20"><span class='ocrx_word' id='word_1_86' title='bbox 131 1566 289 1649; x_wconf 84' lang='lat' dir='ltr'>Signore</span> <span class='ocrx_word' id='word_1_87' title='bbox 321 1589 342 1630; x_wconf 91' lang='grc' dir='ltr'>ο</span> <span class='ocrx_word' id='word_1_88' title='bbox 366 1568 500 1631; x_wconf 89' lang='lat' dir='ltr'>Vostra</span> <span class='ocrx_word' id='word_1_89' title='bbox 525 1566 691 1650; x_wconf 85' lang='lat' dir='ltr'>Signoria</span> <span class='ocrx_word' id='word_1_90' title='bbox 716 1569 792 1631; x_wconf 74' lang='lat' dir='ltr'>R¹¹¹¹²</span> <span class='ocrx_word' id='word_1_91' title='bbox 823 1568 909 1631; x_wconf 91' lang='lat' dir='ltr'>doni</span> <span class='ocrx_word' id='word_1_92' title='bbox 932 1567 1015 1631; x_wconf 86' lang='lat' dir='ltr'>fede</span> <span class='ocrx_word' id='word_1_93' title='bbox 1040 1569 1109 1631; x_wconf 87' lang='lat' dir='ltr'>alle</span> <span class='ocrx_word' id='word_1_94' title='bbox 1133 1567 1306 1630; x_wconf 84' lang='lat' dir='ltr'>calumnie</span> <span class='ocrx_word' id='word_1_95' title='bbox 1329 1566 1420 1629; x_wconf 84' lang='lat' dir='ltr'>false</span> 
     </span>
     <span class='ocr_line' id='line_1_11' title="bbox 131 1674 994 1757; baseline 0.002 -21"><span class='ocrx_word' id='word_1_96' title='bbox 131 1676 168 1736; x_wconf 90' lang='lat' dir='ltr'>di</span> <span class='ocrx_word' id='word_1_97' title='bbox 195 1674 312 1756; x_wconf 88' lang='lat' dir='ltr'>questi</span> <span class='ocrx_word' id='word_1_98' title='bbox 337 1675 511 1753; x_wconf 86' lang='lat' dir='ltr'>maledici,</span> <span class='ocrx_word' id='word_1_99' title='bbox 536 1675 595 1738; x_wconf 90' lang='lat' dir='ltr'>alli</span> <span class='ocrx_word' id='word_1_100' title='bbox 619 1675 715 1756; x_wconf 87' lang='lat' dir='ltr'>quali</span> <span class='ocrx_word' id='word_1_101' title='bbox 739 1675 809 1739; x_wconf 92' lang='lat' dir='ltr'>Dio</span> <span class='ocrx_word' id='word_1_102' title='bbox 833 1675 994 1757; x_wconf 90' lang='lat' dir='ltr'>perdoni.</span> 
     </span>
    </p>

    <p class='ocr_par' dir='ltr' id='par_1_3' title="bbox 130 1781 1429 4097">
     <span class='ocr_line' id='line_1_12' title="bbox 225 1781 1421 1866; baseline -0.001 -22"><span class='ocrx_word' id='word_1_103' title='bbox 225 1781 335 1846; x_wconf 88' lang='lat' dir='ltr'>Cesar</span> <span class='ocrx_word' id='word_1_104' title='bbox 366 1785 413 1845; x_wconf 89' lang='lat' dir='ltr'>ha</span> <span class='ocrx_word' id='word_1_105' title='bbox 446 1783 506 1866; x_wconf 78' lang='lat' dir='ltr'>gia</span> <span class='ocrx_word' id='word_1_106' title='bbox 532 1783 654 1847; x_wconf 89' lang='lat' dir='ltr'>scritto</span> <span class='ocrx_word' id='word_1_107' title='bbox 688 1784 758 1847; x_wconf 87' lang='lat' dir='ltr'>alla</span> <span class='ocrx_word' id='word_1_108' title='bbox 791 1781 985 1846; x_wconf 72' lang='lat' dir='ltr'>universiti</span> <span class='ocrx_word' id='word_1_109' title='bbox 1019 1782 1054 1844; x_wconf 94' lang='lat' dir='ltr'>di</span> <span class='ocrx_word' id='word_1_110' title='bbox 1084 1781 1227 1846; x_wconf 90' lang='lat' dir='ltr'>Vienna</span> <span class='ocrx_word' id='word_1_111' title='bbox 1257 1791 1421 1864; x_wconf 89' lang='lat' dir='ltr'>resposta</span> 
     </span>
     <span class='ocr_line' id='line_1_13' title="bbox 130 1889 1421 1973; baseline -0.001 -21"><span class='ocrx_word' id='word_1_112' title='bbox 130 1893 201 1954; x_wconf 91' lang='lat' dir='ltr'>che</span> <span class='ocrx_word' id='word_1_113' title='bbox 224 1889 412 1953; x_wconf 86' lang='lat' dir='ltr'>brusciano</span> <span class='ocrx_word' id='word_1_114' title='bbox 437 1891 555 1953; x_wconf 88' lang='lat' dir='ltr'>statim</span> <span class='ocrx_word' id='word_1_115' title='bbox 586 1891 704 1973; x_wconf 88' lang='lat' dir='ltr'>questi</span> <span class='ocrx_word' id='word_1_116' title='bbox 734 1890 863 1970; x_wconf 80' lang='lat' dir='ltr'>libri¹);</span> <span class='ocrx_word' id='word_1_117' title='bbox 896 1889 980 1952; x_wconf 89' lang='lat' dir='ltr'>item</span> <span class='ocrx_word' id='word_1_118' title='bbox 1011 1891 1057 1951; x_wconf 93' lang='lat' dir='ltr'>ha</span> <span class='ocrx_word' id='word_1_119' title='bbox 1081 1890 1248 1952; x_wconf 91' lang='lat' dir='ltr'>concluso</span> <span class='ocrx_word' id='word_1_120' title='bbox 1273 1889 1421 1952; x_wconf 88' lang='lat' dir='ltr'>mandar</span> 
     </span>
     <span class='ocr_line' id='line_1_14' title="bbox 130 1995 1420 2080; baseline -0.002 -20"><span class='ocrx_word' id='word_1_121' title='bbox 130 2018 206 2060; x_wconf 89' lang='lat' dir='ltr'>uno</span> <span class='ocrx_word' id='word_1_122' title='bbox 232 2017 294 2059; x_wconf 89' lang='lat' dir='ltr'>suo</span> <span class='ocrx_word' id='word_1_123' title='bbox 318 1996 511 2060; x_wconf 88' lang='lat' dir='ltr'>secretario</span> <span class='ocrx_word' id='word_1_124' title='bbox 535 1997 571 2059; x_wconf 90' lang='lat' dir='ltr'>in</span> <span class='ocrx_word' id='word_1_125' title='bbox 588 1996 744 2060; x_wconf 89' lang='lat' dir='ltr'>Fiandra</span> <span class='ocrx_word' id='word_1_126' title='bbox 768 2019 789 2059; x_wconf 87' lang='lat' dir='ltr'>a</span> <span class='ocrx_word' id='word_1_127' title='bbox 812 1997 944 2080; x_wconf 86' lang='lat' dir='ltr'>pigliar</span> <span class='ocrx_word' id='word_1_128' title='bbox 967 1997 1047 2059; x_wconf 87' lang='lat' dir='ltr'>libri</span> <span class='ocrx_word' id='word_1_129' title='bbox 1069 1995 1263 2059; x_wconf 90' lang='lat' dir='ltr'>Lutberani</span> <span class='ocrx_word' id='word_1_130' title='bbox 1287 2006 1323 2059; x_wconf 92' lang='lat' dir='ltr'>et</span> <span class='ocrx_word' id='word_1_131' title='bbox 1345 1995 1420 2058; x_wconf 86' lang='lat' dir='ltr'>fau-</span> 
     </span>
     <span class='ocr_line' id='line_1_15' title="bbox 130 2104 1423 2186; baseline 0 -20"><span class='ocrx_word' id='word_1_132' title='bbox 130 2105 205 2167; x_wconf 87' lang='lat' dir='ltr'>tori</span> <span class='ocrx_word' id='word_1_133' title='bbox 239 2115 275 2166; x_wconf 89' lang='lat' dir='ltr'>et</span> <span class='ocrx_word' id='word_1_134' title='bbox 306 2104 475 2185; x_wconf 88' lang='lat' dir='ltr'>piacemi,</span> <span class='ocrx_word' id='word_1_135' title='bbox 508 2105 639 2186; x_wconf 73' lang='lat' dir='ltr'>perche</span> <span class='ocrx_word' id='word_1_136' title='bbox 664 2104 682 2166; x_wconf 77' lang='grc' dir='ltr'>ὲ</span> <span class='ocrx_word' id='word_1_137' title='bbox 707 2125 777 2166; x_wconf 92' lang='lat' dir='ltr'>uno</span> <span class='ocrx_word' id='word_1_138' title='bbox 809 2104 879 2166; x_wconf 90' lang='lat' dir='ltr'>mio</span> <span class='ocrx_word' id='word_1_139' title='bbox 908 2104 1045 2184; x_wconf 84' lang='lat' dir='ltr'>grande</span> <span class='ocrx_word' id='word_1_140' title='bbox 1070 2104 1196 2166; x_wconf 88' lang='lat' dir='ltr'>Amico</span> <span class='ocrx_word' id='word_1_141' title='bbox 1220 2106 1351 2166; x_wconf 90' lang='lat' dir='ltr'>huomo</span> <span class='ocrx_word' id='word_1_142' title='bbox 1376 2104 1423 2165; x_wconf 85' lang='lat' dir='ltr'>da</span> 
     </span>
     <span class='ocr_line' id='line_1_16' title="bbox 130 2209 1422 2293; baseline -0.002 -19"><span class='ocrx_word' id='word_1_143' title='bbox 130 2215 240 2290; x_wconf 89' lang='lat' dir='ltr'>bene,</span> <span class='ocrx_word' id='word_1_144' title='bbox 268 2212 302 2272; x_wconf 88' lang='lat' dir='ltr'>al</span> <span class='ocrx_word' id='word_1_145' title='bbox 326 2213 430 2293; x_wconf 88' lang='lat' dir='ltr'>quale</span> <span class='ocrx_word' id='word_1_146' title='bbox 454 2212 501 2273; x_wconf 89' lang='lat' dir='ltr'>bo</span> <span class='ocrx_word' id='word_1_147' title='bbox 527 2212 609 2272; x_wconf 88' lang='lat' dir='ltr'>date</span> <span class='ocrx_word' id='word_1_148' title='bbox 633 2219 724 2274; x_wconf 92' lang='lat' dir='ltr'>tutte</span> <span class='ocrx_word' id='word_1_149' title='bbox 748 2214 783 2274; x_wconf 90' lang='lat' dir='ltr'>le</span> <span class='ocrx_word' id='word_1_150' title='bbox 807 2209 1036 2290; x_wconf 89' lang='lat' dir='ltr'>instruttioni‚</span> <span class='ocrx_word' id='word_1_151' title='bbox 1071 2225 1106 2272; x_wconf 88' lang='lat' dir='ltr'>et</span> <span class='ocrx_word' id='word_1_152' title='bbox 1130 2211 1225 2273; x_wconf 91' lang='lat' dir='ltr'>modi</span> <span class='ocrx_word' id='word_1_153' title='bbox 1250 2210 1362 2273; x_wconf 92' lang='lat' dir='ltr'>debiti</span> <span class='ocrx_word' id='word_1_154' title='bbox 1387 2219 1422 2272; x_wconf 91' lang='lat' dir='ltr'>et</span> 
     </span>
     <span class='ocr_line' id='line_1_17' title="bbox 131 2315 1422 2399; baseline -0.002 -18"><span class='ocrx_word' id='word_1_155' title='bbox 131 2339 174 2382; x_wconf 87' lang='lat' dir='ltr'>se</span> <span class='ocrx_word' id='word_1_156' title='bbox 206 2317 285 2380; x_wconf 78' lang='lat' dir='ltr'>sara</span> <span class='ocrx_word' id='word_1_157' title='bbox 317 2318 338 2380; x_wconf 89' lang='lat' dir='ltr'>l&#39;</span> <span class='ocrx_word' id='word_1_158' title='bbox 355 2317 473 2380; x_wconf 85' lang='lat' dir='ltr'>officio</span> <span class='ocrx_word' id='word_1_159' title='bbox 507 2317 588 2380; x_wconf 74' lang='lat' dir='ltr'>sard</span> <span class='ocrx_word' id='word_1_160' title='bbox 622 2339 706 2380; x_wconf 89' lang='lat' dir='ltr'>cosa</span> <span class='ocrx_word' id='word_1_161' title='bbox 740 2315 978 2397; x_wconf 87' lang='lat' dir='ltr'>sanctissima,</span> <span class='ocrx_word' id='word_1_162' title='bbox 1013 2319 1144 2399; x_wconf 75' lang='lat' dir='ltr'>perche</span> <span class='ocrx_word' id='word_1_163' title='bbox 1178 2327 1270 2380; x_wconf 92' lang='lat' dir='ltr'>tutto</span> <span class='ocrx_word' id='word_1_164' title='bbox 1304 2318 1422 2399; x_wconf 89' lang='lat' dir='ltr'>quello</span> 
     </span>
     <span class='ocr_line' id='line_1_18' title="bbox 130 2423 1422 2509; baseline -0.003 -21"><span class='ocrx_word' id='word_1_165' title='bbox 130 2445 247 2509; x_wconf 87' lang='lat' dir='ltr'>paese</span> <span class='ocrx_word' id='word_1_166' title='bbox 272 2426 289 2488; x_wconf 77' lang='grc' dir='ltr'>ἐ</span> <span class='ocrx_word' id='word_1_167' title='bbox 314 2424 440 2488; x_wconf 81' lang='lat' dir='ltr'>infetto</span> <span class='ocrx_word' id='word_1_168' title='bbox 464 2445 530 2506; x_wconf 91' lang='lat' dir='ltr'>per</span> <span class='ocrx_word' id='word_1_169' title='bbox 554 2425 743 2488; x_wconf 91' lang='lat' dir='ltr'>seddution</span> <span class='ocrx_word' id='word_1_170' title='bbox 769 2426 804 2487; x_wconf 91' lang='lat' dir='ltr'>di</span> <span class='ocrx_word' id='word_1_171' title='bbox 829 2424 977 2487; x_wconf 87' lang='lat' dir='ltr'>Erasmo</span> <span class='ocrx_word' id='word_1_172' title='bbox 1009 2436 1045 2487; x_wconf 90' lang='lat' dir='ltr'>et</span> <span class='ocrx_word' id='word_1_173' title='bbox 1075 2423 1239 2506; x_wconf 86' lang='lat' dir='ltr'>complici</span> <span class='ocrx_word' id='word_1_174' title='bbox 1270 2424 1332 2506; x_wconf 79' lang='lat' dir='ltr'>piu</span> <span class='ocrx_word' id='word_1_175' title='bbox 1357 2426 1422 2486; x_wconf 85' lang='lat' dir='ltr'>che</span> 
     </span>
     <span class='ocr_line' id='line_1_19' title="bbox 131 2530 1423 2613; baseline 0 -19"><span class='ocrx_word' id='word_1_176' title='bbox 131 2532 220 2595; x_wconf 89' lang='lat' dir='ltr'>tutti</span> <span class='ocrx_word' id='word_1_177' title='bbox 250 2532 274 2593; x_wconf 94' lang='lat' dir='ltr'>li</span> <span class='ocrx_word' id='word_1_178' title='bbox 304 2533 422 2594; x_wconf 90' lang='lat' dir='ltr'>luochi</span> <span class='ocrx_word' id='word_1_179' title='bbox 456 2531 491 2594; x_wconf 91' lang='lat' dir='ltr'>di</span> <span class='ocrx_word' id='word_1_180' title='bbox 517 2531 727 2610; x_wconf 85' lang='lat' dir='ltr'>Germania,</span> <span class='ocrx_word' id='word_1_181' title='bbox 761 2533 857 2613; x_wconf 92' lang='lat' dir='ltr'>quod</span> <span class='ocrx_word' id='word_1_182' title='bbox 888 2530 1051 2612; x_wconf 84' lang='lat' dir='ltr'>profecto</span> <span class='ocrx_word' id='word_1_183' title='bbox 1075 2551 1146 2593; x_wconf 91' lang='lat' dir='ltr'>non</span> <span class='ocrx_word' id='word_1_184' title='bbox 1171 2541 1266 2594; x_wconf 91' lang='lat' dir='ltr'>esset</span> <span class='ocrx_word' id='word_1_185' title='bbox 1290 2553 1328 2594; x_wconf 90' lang='lat' dir='ltr'>se</span> <span class='ocrx_word' id='word_1_186' title='bbox 1353 2552 1423 2594; x_wconf 92' lang='lat' dir='ltr'>non</span> 
     </span>
     <span class='ocr_line' id='line_1_20' title="bbox 130 2632 1423 2720; baseline -0.002 -18"><span class='ocrx_word' id='word_1_187' title='bbox 130 2641 237 2702; x_wconf 84' lang='lat' dir='ltr'>fusse</span> <span class='ocrx_word' id='word_1_188' title='bbox 254 2639 287 2700; x_wconf 91' lang='lat' dir='ltr'>la</span> <span class='ocrx_word' id='word_1_189' title='bbox 312 2659 420 2701; x_wconf 91' lang='lat' dir='ltr'>causa</span> <span class='ocrx_word' id='word_1_190' title='bbox 443 2638 508 2702; x_wconf 86' lang='lat' dir='ltr'>che</span> <span class='ocrx_word' id='word_1_191' title='bbox 532 2637 566 2700; x_wconf 92' lang='lat' dir='ltr'>io</span> <span class='ocrx_word' id='word_1_192' title='bbox 580 2632 682 2714; x_wconf 72' lang='lat' dir='ltr'>&#39;dico;</span> <span class='ocrx_word' id='word_1_193' title='bbox 709 2639 792 2720; x_wconf 91' lang='lat' dir='ltr'>quid</span> <span class='ocrx_word' id='word_1_194' title='bbox 811 2638 904 2700; x_wconf 89' lang='lat' dir='ltr'>enim</span> <span class='ocrx_word' id='word_1_195' title='bbox 921 2635 1124 2701; x_wconf 85' lang='lat' dir='ltr'>Saxonibus</span> <span class='ocrx_word' id='word_1_196' title='bbox 1141 2659 1219 2701; x_wconf 91' lang='lat' dir='ltr'>cum</span> <span class='ocrx_word' id='word_1_197' title='bbox 1235 2639 1264 2701; x_wconf 93' lang='lat' dir='ltr'>F</span> <span class='ocrx_word' id='word_1_198' title='bbox 1266 2639 1423 2702; x_wconf 86' lang='lat' dir='ltr'>landris?</span> 
     </span>
     <span class='ocr_line' id='line_1_21' title="bbox 134 2743 1423 2828; baseline 0 -20"><span class='ocrx_word' id='word_1_199' title='bbox 134 2747 185 2808; x_wconf 88' lang='lat' dir='ltr'>Et</span> <span class='ocrx_word' id='word_1_200' title='bbox 218 2756 343 2827; x_wconf 90' lang='lat' dir='ltr'>questo</span> <span class='ocrx_word' id='word_1_201' title='bbox 368 2747 385 2808; x_wconf 79' lang='grc' dir='ltr'>ὲ</span> <span class='ocrx_word' id='word_1_202' title='bbox 410 2745 612 2825; x_wconf 80' lang='lat' dir='ltr'>verissimo,</span> <span class='ocrx_word' id='word_1_203' title='bbox 645 2755 681 2808; x_wconf 91' lang='lat' dir='ltr'>et</span> <span class='ocrx_word' id='word_1_204' title='bbox 711 2743 926 2828; x_wconf 81' lang='lat' dir='ltr'>piir&#39;grandi</span> <span class='ocrx_word' id='word_1_205' title='bbox 950 2744 1198 2825; x_wconf 75' lang='lat' dir='ltr'>justificationi</span> <span class='ocrx_word' id='word_1_206' title='bbox 1222 2767 1267 2809; x_wconf 90' lang='lat' dir='ltr'>ne</span> <span class='ocrx_word' id='word_1_207' title='bbox 1291 2746 1357 2824; x_wconf 91' lang='lat' dir='ltr'>ho,</span> <span class='ocrx_word' id='word_1_208' title='bbox 1391 2747 1423 2808; x_wconf 93' lang='lat' dir='ltr'>le</span> 
     </span>
     <span class='ocr_line' id='line_1_22' title="bbox 131 2853 1424 2936; baseline 0.001 -20"><span class='ocrx_word' id='word_1_209' title='bbox 131 2854 236 2936; x_wconf 88' lang='lat' dir='ltr'>quali</span> <span class='ocrx_word' id='word_1_210' title='bbox 260 2874 331 2916; x_wconf 89' lang='lat' dir='ltr'>non</span> <span class='ocrx_word' id='word_1_211' title='bbox 354 2874 462 2935; x_wconf 86' lang='lat' dir='ltr'>posso</span> <span class='ocrx_word' id='word_1_212' title='bbox 488 2853 621 2916; x_wconf 91' lang='lat' dir='ltr'>scriver</span> <span class='ocrx_word' id='word_1_213' title='bbox 646 2855 679 2916; x_wconf 92' lang='lat' dir='ltr'>al</span> <span class='ocrx_word' id='word_1_214' title='bbox 703 2864 890 2935; x_wconf 83' lang='lat' dir='ltr'>presente,</span> <span class='ocrx_word' id='word_1_215' title='bbox 923 2855 967 2917; x_wconf 72' lang='lat' dir='ltr'>ne</span> <span class='ocrx_word' id='word_1_216' title='bbox 993 2854 1063 2917; x_wconf 92' lang='lat' dir='ltr'>mai</span> <span class='ocrx_word' id='word_1_217' title='bbox 1087 2856 1132 2916; x_wconf 90' lang='lat' dir='ltr'>ho</span> <span class='ocrx_word' id='word_1_218' title='bbox 1156 2856 1290 2917; x_wconf 88' lang='lat' dir='ltr'>havuto</span> <span class='ocrx_word' id='word_1_219' title='bbox 1314 2854 1424 2917; x_wconf 90' lang='lat' dir='ltr'>inimi·</span> 
     </span>
     <span class='ocr_line' id='line_1_23' title="bbox 130 2960 1424 3043; baseline 0 -20"><span class='ocrx_word' id='word_1_220' title='bbox 130 2960 222 3024; x_wconf 85' lang='lat' dir='ltr'>citie</span> <span class='ocrx_word' id='word_1_221' title='bbox 255 2982 332 3023; x_wconf 88' lang='lat' dir='ltr'>cum</span> <span class='ocrx_word' id='word_1_222' title='bbox 357 2960 514 3025; x_wconf 89' lang='lat' dir='ltr'>Erasmo.</span> <span class='ocrx_word' id='word_1_223' title='bbox 563 2960 655 3023; x_wconf 86' lang='lat' dir='ltr'>Anci</span> <span class='ocrx_word' id='word_1_224' title='bbox 687 2982 752 3043; x_wconf 89' lang='lat' dir='ltr'>per</span> <span class='ocrx_word' id='word_1_225' title='bbox 783 2962 818 3024; x_wconf 92' lang='lat' dir='ltr'>la</span> <span class='ocrx_word' id='word_1_226' title='bbox 848 2982 913 3024; x_wconf 89' lang='lat' dir='ltr'>sua</span> <span class='ocrx_word' id='word_1_227' title='bbox 944 2962 1100 3024; x_wconf 90' lang='lat' dir='ltr'>dottrina</span> <span class='ocrx_word' id='word_1_228' title='bbox 1125 2962 1146 3024; x_wconf 91' lang='lat' dir='ltr'>l’</span> <span class='ocrx_word' id='word_1_229' title='bbox 1163 2984 1243 3025; x_wconf 88' lang='lat' dir='ltr'>amo</span> <span class='ocrx_word' id='word_1_230' title='bbox 1268 2961 1304 3024; x_wconf 94' lang='lat' dir='ltr'>di</span> <span class='ocrx_word' id='word_1_231' title='bbox 1328 2965 1424 3024; x_wconf 89' lang='lat' dir='ltr'>buon</span> 
     </span>
     <span class='ocr_line' id='line_1_24' title="bbox 131 3064 1425 3150; baseline 0 -19"><span class='ocrx_word' id='word_1_232' title='bbox 131 3086 262 3142; x_wconf 89' lang='lat' dir='ltr'>cuore;</span> <span class='ocrx_word' id='word_1_233' title='bbox 288 3066 360 3130; x_wconf 90' lang='lat' dir='ltr'>cosi</span> <span class='ocrx_word' id='word_1_234' title='bbox 373 3067 442 3131; x_wconf 92' lang='lat' dir='ltr'>Dio</span> <span class='ocrx_word' id='word_1_235' title='bbox 468 3066 514 3129; x_wconf 92' lang='lat' dir='ltr'>mi</span> <span class='ocrx_word' id='word_1_236' title='bbox 538 3066 660 3131; x_wconf 90' lang='lat' dir='ltr'>adiuti.</span> <span class='ocrx_word' id='word_1_237' title='bbox 697 3064 771 3129; x_wconf 90' lang='lat' dir='ltr'>Sed</span> <span class='ocrx_word' id='word_1_238' title='bbox 795 3068 910 3149; x_wconf 86' lang='lat' dir='ltr'>magis</span> <span class='ocrx_word' id='word_1_239' title='bbox 934 3088 1013 3131; x_wconf 89' lang='lat' dir='ltr'>amo</span> <span class='ocrx_word' id='word_1_240' title='bbox 1036 3068 1234 3150; x_wconf 90' lang='lat' dir='ltr'>veritatem,</span> <span class='ocrx_word' id='word_1_241' title='bbox 1258 3067 1365 3131; x_wconf 88' lang='lat' dir='ltr'>fidem</span> <span class='ocrx_word' id='word_1_242' title='bbox 1390 3077 1425 3131; x_wconf 88' lang='lat' dir='ltr'>et</span> 
     </span>
     <span class='ocr_line' id='line_1_25' title="bbox 135 3172 1423 3258; baseline -0.001 -20"><span class='ocrx_word' id='word_1_243' title='bbox 135 3178 269 3238; x_wconf 88' lang='lat' dir='ltr'>Deum.</span> <span class='ocrx_word' id='word_1_244' title='bbox 305 3174 346 3236; x_wconf 86' lang='lat' dir='ltr'>El</span> <span class='ocrx_word' id='word_1_245' title='bbox 363 3172 556 3237; x_wconf 86' lang='lat' dir='ltr'>Confessor</span> <span class='ocrx_word' id='word_1_246' title='bbox 579 3174 626 3236; x_wconf 89' lang='lat' dir='ltr'>rni</span> <span class='ocrx_word' id='word_1_247' title='bbox 650 3175 697 3237; x_wconf 93' lang='lat' dir='ltr'>ha</span> <span class='ocrx_word' id='word_1_248' title='bbox 720 3176 820 3237; x_wconf 87' lang='lat' dir='ltr'>detto</span> <span class='ocrx_word' id='word_1_249' title='bbox 845 3176 910 3238; x_wconf 86' lang='lat' dir='ltr'>che</span> <span class='ocrx_word' id='word_1_250' title='bbox 935 3175 963 3238; x_wconf 91' lang='lat' dir='ltr'>si</span> <span class='ocrx_word' id='word_1_251' title='bbox 987 3179 1091 3237; x_wconf 83' lang='lat' dir='ltr'>trovd</span> <span class='ocrx_word' id='word_1_252' title='bbox 1115 3176 1228 3258; x_wconf 85' lang='lat' dir='ltr'>hoggi</span> <span class='ocrx_word' id='word_1_253' title='bbox 1253 3177 1345 3238; x_wconf 89' lang='lat' dir='ltr'>dove</span> <span class='ocrx_word' id='word_1_254' title='bbox 1362 3174 1423 3238; x_wconf 86' lang='lat' dir='ltr'>Ce-</span> 
     </span>
     <span class='ocr_line' id='line_1_26' title="bbox 131 3280 1424 3363; baseline -0.001 -17"><span class='ocrx_word' id='word_1_255' title='bbox 131 3302 201 3346; x_wconf 85' lang='lat' dir='ltr'>sar</span> <span class='ocrx_word' id='word_1_256' title='bbox 224 3281 387 3343; x_wconf 81' lang='lat' dir='ltr'>concluse</span> <span class='ocrx_word' id='word_1_257' title='bbox 410 3280 446 3343; x_wconf 92' lang='lat' dir='ltr'>in</span> <span class='ocrx_word' id='word_1_258' title='bbox 471 3283 503 3343; x_wconf 92' lang='lat' dir='ltr'>el</span> <span class='ocrx_word' id='word_1_259' title='bbox 529 3280 684 3343; x_wconf 90' lang='lat' dir='ltr'>conselio</span> <span class='ocrx_word' id='word_1_260' title='bbox 710 3292 848 3345; x_wconf 90' lang='lat' dir='ltr'>secreto</span> <span class='ocrx_word' id='word_1_261' title='bbox 873 3292 909 3344; x_wconf 93' lang='lat' dir='ltr'>et</span> <span class='ocrx_word' id='word_1_262' title='bbox 934 3283 1160 3363; x_wconf 83' lang='lat' dir='ltr'>commandb,</span> <span class='ocrx_word' id='word_1_263' title='bbox 1186 3285 1252 3345; x_wconf 91' lang='lat' dir='ltr'>che</span> <span class='ocrx_word' id='word_1_264' title='bbox 1277 3284 1305 3345; x_wconf 91' lang='lat' dir='ltr'>si</span> <span class='ocrx_word' id='word_1_265' title='bbox 1329 3303 1424 3345; x_wconf 89' lang='lat' dir='ltr'>man·</span> 
     </span>
     <span class='ocr_line' id='line_1_27' title="bbox 132 3388 1425 3473; baseline -0.001 -21"><span class='ocrx_word' id='word_1_266' title='bbox 132 3393 247 3452; x_wconf 78' lang='lat' dir='ltr'>nasse</span> <span class='ocrx_word' id='word_1_267' title='bbox 278 3388 393 3451; x_wconf 91' lang='lat' dir='ltr'>subito</span> <span class='ocrx_word' id='word_1_268' title='bbox 422 3408 493 3451; x_wconf 91' lang='lat' dir='ltr'>uno</span> <span class='ocrx_word' id='word_1_269' title='bbox 518 3388 553 3451; x_wconf 88' lang='lat' dir='ltr'>in</span> <span class='ocrx_word' id='word_1_270' title='bbox 579 3390 789 3471; x_wconf 87' lang='lat' dir='ltr'>Antwerpia</span> <span class='ocrx_word' id='word_1_271' title='bbox 814 3400 849 3452; x_wconf 90' lang='lat' dir='ltr'>et</span> <span class='ocrx_word' id='word_1_272' title='bbox 874 3391 919 3452; x_wconf 87' lang='lat' dir='ltr'>ad</span> <span class='ocrx_word' id='word_1_273' title='bbox 944 3390 1025 3452; x_wconf 87' lang='lat' dir='ltr'>altri</span> <span class='ocrx_word' id='word_1_274' title='bbox 1049 3389 1173 3473; x_wconf 84' lang='lat' dir='ltr'>luoghi</span> <span class='ocrx_word' id='word_1_275' title='bbox 1197 3391 1232 3452; x_wconf 93' lang='lat' dir='ltr'>di</span> <span class='ocrx_word' id='word_1_276' title='bbox 1257 3390 1425 3470; x_wconf 90' lang='lat' dir='ltr'>Fiandra,</span> 
     </span>
     <span class='ocr_line' id='line_1_28' title="bbox 131 3494 1426 3580; baseline 0 -22"><span class='ocrx_word' id='word_1_277' title='bbox 131 3494 285 3580; x_wconf 82' lang='lat' dir='ltr'>persar</span> <span class='ocrx_word' id='word_1_278' title='bbox 310 3496 366 3565; x_wconf 87' lang='lat' dir='ltr'>del</span> <span class='ocrx_word' id='word_1_279' title='bbox 392 3504 482 3559; x_wconf 91' lang='lat' dir='ltr'>tutto</span> <span class='ocrx_word' id='word_1_280' title='bbox 507 3496 666 3578; x_wconf 84' lang='lat' dir='ltr'>extirpar</span> <span class='ocrx_word' id='word_1_281' title='bbox 691 3497 714 3559; x_wconf 91' lang='lat' dir='ltr'>li</span> <span class='ocrx_word' id='word_1_282' title='bbox 739 3497 819 3559; x_wconf 90' lang='lat' dir='ltr'>libri</span> <span class='ocrx_word' id='word_1_283' title='bbox 844 3498 889 3559; x_wconf 87' lang='lat' dir='ltr'>de</span> <span class='ocrx_word' id='word_1_284' title='bbox 904 3498 1049 3578; x_wconf 89' lang='lat' dir='ltr'>Luther,</span> <span class='ocrx_word' id='word_1_285' title='bbox 1074 3508 1110 3559; x_wconf 91' lang='lat' dir='ltr'>et</span> <span class='ocrx_word' id='word_1_286' title='bbox 1133 3498 1238 3580; x_wconf 90' lang='lat' dir='ltr'>piliar</span> <span class='ocrx_word' id='word_1_287' title='bbox 1252 3497 1277 3559; x_wconf 94' lang='lat' dir='ltr'>li</span> <span class='ocrx_word' id='word_1_288' title='bbox 1293 3496 1426 3559; x_wconf 86' lang='lat' dir='ltr'>fautori</span> 
     </span>
     <span class='ocr_line' id='line_1_29' title="bbox 133 3601 1426 3685; baseline -0.002 -18"><span class='ocrx_word' id='word_1_289' title='bbox 133 3612 178 3667; x_wconf 90' lang='lat' dir='ltr'>et</span> <span class='ocrx_word' id='word_1_290' title='bbox 209 3601 265 3664; x_wconf 87' lang='lat' dir='ltr'>far</span> <span class='ocrx_word' id='word_1_291' title='bbox 297 3602 382 3684; x_wconf 89' lang='lat' dir='ltr'>ogni</span> <span class='ocrx_word' id='word_1_292' title='bbox 407 3604 571 3665; x_wconf 87' lang='lat' dir='ltr'>absoluta</span> <span class='ocrx_word' id='word_1_293' title='bbox 594 3603 816 3684; x_wconf 89' lang='lat' dir='ltr'>provisione,</span> <span class='ocrx_word' id='word_1_294' title='bbox 841 3603 865 3667; x_wconf 92' lang='lat' dir='ltr'>il</span> <span class='ocrx_word' id='word_1_295' title='bbox 889 3606 955 3667; x_wconf 91' lang='lat' dir='ltr'>che</span> <span class='ocrx_word' id='word_1_296' title='bbox 984 3604 1063 3667; x_wconf 74' lang='lat' dir='ltr'>sara</span> <span class='ocrx_word' id='word_1_297' title='bbox 1089 3625 1173 3667; x_wconf 87' lang='lat' dir='ltr'>cosa</span> <span class='ocrx_word' id='word_1_298' title='bbox 1196 3604 1426 3685; x_wconf 89' lang='lat' dir='ltr'>sanctissima,</span> 
     </span>
     <span class='ocr_line' id='line_1_30' title="bbox 132 3708 1427 3793; baseline 0.001 -22"><span class='ocrx_word' id='word_1_299' title='bbox 132 3709 276 3793; x_wconf 72' lang='lat' dir='ltr'>purche</span> <span class='ocrx_word' id='word_1_300' title='bbox 301 3710 329 3771; x_wconf 90' lang='lat' dir='ltr'>si</span> <span class='ocrx_word' id='word_1_301' title='bbox 353 3708 443 3772; x_wconf 86' lang='lat' dir='ltr'>sacci</span> <span class='ocrx_word' id='word_1_302' title='bbox 467 3709 491 3771; x_wconf 91' lang='lat' dir='ltr'>il</span> <span class='ocrx_word' id='word_1_303' title='bbox 517 3710 639 3773; x_wconf 89' lang='lat' dir='ltr'>debito</span> <span class='ocrx_word' id='word_1_304' title='bbox 664 3730 728 3793; x_wconf 91' lang='lat' dir='ltr'>per</span> <span class='ocrx_word' id='word_1_305' title='bbox 753 3710 777 3773; x_wconf 89' lang='lat' dir='ltr'>li</span> <span class='ocrx_word' id='word_1_306' title='bbox 801 3711 1003 3791; x_wconf 87' lang='lat' dir='ltr'>executori,</span> <span class='ocrx_word' id='word_1_307' title='bbox 1028 3713 1160 3793; x_wconf 74' lang='lat' dir='ltr'>perche</span> <span class='ocrx_word' id='word_1_308' title='bbox 1188 3722 1281 3775; x_wconf 91' lang='lat' dir='ltr'>tutto</span> <span class='ocrx_word' id='word_1_309' title='bbox 1308 3713 1427 3793; x_wconf 88' lang='lat' dir='ltr'>quello</span> 
     </span>
     <span class='ocr_line' id='line_1_31' title="bbox 132 3816 1429 3901; baseline 0.002 -23"><span class='ocrx_word' id='word_1_310' title='bbox 132 3836 252 3900; x_wconf 86' lang='lat' dir='ltr'>paese</span> <span class='ocrx_word' id='word_1_311' title='bbox 276 3838 341 3899; x_wconf 91' lang='lat' dir='ltr'>per</span> <span class='ocrx_word' id='word_1_312' title='bbox 356 3816 503 3880; x_wconf 89' lang='lat' dir='ltr'>Erasmo</span> <span class='ocrx_word' id='word_1_313' title='bbox 528 3826 563 3880; x_wconf 91' lang='lat' dir='ltr'>et</span> <span class='ocrx_word' id='word_1_314' title='bbox 588 3824 664 3880; x_wconf 89' lang='lat' dir='ltr'>suoi</span> <span class='ocrx_word' id='word_1_315' title='bbox 688 3818 818 3881; x_wconf 86' lang='lat' dir='ltr'>fautori</span> <span class='ocrx_word' id='word_1_316' title='bbox 843 3818 861 3880; x_wconf 75' lang='lat' dir='ltr'>e</span> <span class='ocrx_word' id='word_1_317' title='bbox 887 3820 1028 3881; x_wconf 91' lang='lat' dir='ltr'>sedotto</span> <span class='ocrx_word' id='word_1_318' title='bbox 1052 3829 1088 3881; x_wconf 87' lang='lat' dir='ltr'>et</span> <span class='ocrx_word' id='word_1_319' title='bbox 1111 3839 1218 3901; x_wconf 89' lang='lat' dir='ltr'>perso</span> <span class='ocrx_word' id='word_1_320' title='bbox 1243 3820 1277 3882; x_wconf 92' lang='lat' dir='ltr'>in</span> <span class='ocrx_word' id='word_1_321' title='bbox 1303 3828 1429 3901; x_wconf 90' lang='lat' dir='ltr'>questa</span> 
     </span>
     <span class='ocr_line' id='line_1_32' title="bbox 133 3914 1429 4008; baseline -0.002 -19"><span class='ocrx_word' id='word_1_322' title='bbox 133 3923 293 3989; x_wconf 88' lang='lat' dir='ltr'>heresia.</span> <span class='ocrx_word' id='word_1_323' title='bbox 342 3914 532 3988; x_wconf 74' lang='lat' dir='ltr'>AVostra</span> <span class='ocrx_word' id='word_1_324' title='bbox 556 3926 874 3990; x_wconf 86' lang='lat' dir='ltr'>Reverendissima</span> <span class='ocrx_word' id='word_1_325' title='bbox 898 3924 934 3988; x_wconf 91' lang='lat' dir='ltr'>S.</span> <span class='ocrx_word' id='word_1_326' title='bbox 960 3926 1112 4008; x_wconf 83' lang='lat' dir='ltr'>genibus</span> <span class='ocrx_word' id='word_1_327' title='bbox 1142 3925 1246 3989; x_wconf 87' lang='lat' dir='ltr'>flexis</span> <span class='ocrx_word' id='word_1_328' title='bbox 1275 3928 1364 3988; x_wconf 89' lang='lat' dir='ltr'>baso</span> <span class='ocrx_word' id='word_1_329' title='bbox 1396 3927 1429 3987; x_wconf 89' lang='lat' dir='ltr'>le</span> 
     </span>
     <span class='ocr_line' id='line_1_33' title="bbox 135 4052 251 4097; baseline -0.026 0"><span class='ocrx_word' id='word_1_330' title='bbox 135 4052 251 4097; x_wconf 85' lang='lat' dir='ltr'>mam.</span> 
     </span>
    </p>
   </div>
   <div class='ocr_carea' id='block_1_3' title="bbox 234 4156 1009 4223">
    <p class='ocr_par' dir='ltr' id='par_1_4' title="bbox 234 4156 1009 4223">
     <span class='ocr_line' id='line_1_34' title="bbox 234 4156 1009 4223; baseline 0.005 -5"><span class='ocrx_word' id='word_1_331' title='bbox 234 4156 441 4220; x_wconf 86' lang='lat' dir='ltr'>Vormatiae</span> <span class='ocrx_word' id='word_1_332' title='bbox 469 4156 591 4220; x_wconf 87' lang='lat' dir='ltr'>ultima</span> <span class='ocrx_word' id='word_1_333' title='bbox 615 4156 801 4221; x_wconf 90' lang='lat' dir='ltr'>Februarii</span> <span class='ocrx_word' id='word_1_334' title='bbox 825 4158 1009 4223; x_wconf 88' lang='lat' dir='ltr'>MDXXI.</span> 
     </span>
    </p>
   </div>
   <div class='ocr_carea' id='block_1_4' title="bbox 147 4310 358 4318">
    <p class='ocr_par' dir='ltr' id='par_1_5' title="bbox 147 4310 358 4318">
     <span class='ocr_line' id='line_1_35' title="bbox 147 4310 358 4318; baseline -0.009 0"><span class='ocrx_word' id='word_1_335' title='bbox 147 4310 358 4318; x_wconf 53' lang='grc' dir='ltr'>-..α-ψ-</span> 
     </span>
    </p>
   </div>
   <div class='ocr_carea' id='block_1_5' title="bbox 164 4390 467 4452">
    <p class='ocr_par' dir='ltr' id='par_1_6' title="bbox 164 4390 467 4452">
     <span class='ocr_line' id='line_1_36' title="bbox 164 4390 467 4452; baseline 0.003 -15"><span class='ocrx_word' id='word_1_336' title='bbox 164 4395 185 4452; x_wconf 74' lang='grc'>’)</span> <span class='ocrx_word' id='word_1_337' title='bbox 216 4390 287 4438; x_wconf 79' lang='lat' dir='ltr'>vide</span> <span class='ocrx_word' id='word_1_338' title='bbox 308 4392 420 4439; x_wconf 89' lang='lat' dir='ltr'>Docum.</span> <span class='ocrx_word' id='word_1_339' title='bbox 443 4401 467 4452; x_wconf 87' lang='lat'>7.</span> 
     </span>
    </p>
   </div>
   <div class='ocr_carea' id='block_1_6' title="bbox 174 5022 561 5075">
    <p class='ocr_par' dir='ltr' id='par_1_7' title="bbox 174 5022 561 5075">
     <span class='ocr_line' id='line_1_37' title="bbox 174 5022 561 5075; baseline -0.008 -10"><span class='ocrx_word' id='word_1_340' title='bbox 174 5022 257 5075; x_wconf 69' lang='lat' dir='ltr'>udan,</span> <span class='ocrx_word' id='word_1_341' title='bbox 271 5022 414 5063; x_wconf 67' lang='lat' dir='ltr'>boemenia</span> <span class='ocrx_word' id='word_1_342' title='bbox 424 5023 561 5063; x_wconf 79' lang='lat' dir='ltr'>Lulliursun.</span> 
     </span>
    </p>
   </div>
   <div class='ocr_carea' id='block_1_7' title="bbox 0 0 1728 5700">
    <p class='ocr_par' dir='ltr' id='par_1_8' title="bbox 0 0 1728 5700">
     <span class='ocr_line' id='line_1_38' title="bbox 0 0 1728 5700; baseline 0 0"><span class='ocrx_word' id='word_1_343' title='bbox 0 0 1728 5700; x_wconf 95' lang='lat' dir='ltr'> </span> 
     </span>
    </p>
   </div>
  </div>
 </body>
</html>
