3425 5700
661 550 908 615 eamne*

145 702 349 788 beneficiis,
385 708 485 789 (puta
523 726 612 769 unus
647 727 755 788 super
791 706 830 769 X
853 718 916 769 aut
941 702 1034 793 XX)
1067 703 1209 789 litigant
1243 698 1279 769 in
1312 697 1425 769 Rota}

147 826 267 877 tamen
292 813 362 877 iam
385 815 512 895 procul
527 813 636 876 dubio
649 813 819 878 Pontifex
835 814 886 877 eis
910 833 1022 876 novas
1047 812 1186 877 confert
1209 812 1344 895 gratias
1367 833 1428 876 ex-

147 920 363 1004 pectativas,
388 920 517 1002 quibus
540 930 667 1003 postea
683 921 779 983 viros
796 924 909 983 bonos
927 922 1107 1003 divexent,
1124 930 1159 984 et
1173 921 1288 1002 ipsum
1305 922 1428 983 orbem

144 1046 298 1109 quoque,
324 1037 359 1089 et
382 1047 583 1109 supremum
600 1026 718 1090 odium
736 1027 924 1091 Romanae
948 1026 1067 1091 curiae
1091 1027 1278 1091 concitent.
1314 1025 1428 1107 Quam

145 1136 276 1197 vellem
305 1130 342 1197 S.
366 1134 410 1197 D.
435 1132 478 1198 N.
503 1133 539 1196 in
562 1133 618 1196 his
642 1134 835 1197 remedium
859 1154 1062 1216 apponere,
1093 1142 1131 1195 ut
1154 1135 1277 1197 harum
1308 1153 1427 1215 quere·

145 1242 258 1303 larum
283 1238 363 1303 finis
386 1238 503 1303 fieret:
535 1242 600 1303 has
636 1240 729 1303 enim
761 1260 885 1321 voceS,
909 1242 974 1304 has
998 1239 1243 1303 accusationes
1267 1240 1427 1321 quotidie

143 1347 268 1409 audire
301 1365 423 1427 cogor.
479 1346 520 1408 In
565 1367 604 1409 re
641 1366 720 1409 mea
755 1348 879 1409 eadem
915 1358 1016 1429 peto,
1062 1367 1154 1427 quae
1186 1346 1358 1428 proximis
1389 1346 1427 1408 li·

145 1453 242 1516 teris
289 1454 349 1516 Ad
374 1463 588 1519 conventum
612 1453 863 1534 Augustanum
887 1454 1028 1516 omnino
1060 1452 1097 1518 S.
1128 1453 1172 1515 D.
1209 1453 1251 1516 N.
1275 1452 1428 1534 aliquem

148 1559 314 1623 destinet.
361 1557 603 1642 Sperabamus
634 1560 807 1639 Joannem
842 1558 1023 1625 Saxonem
1057 1560 1238 1624 meliorem
1271 1558 1428 1622 futurum

148 1668 335 1748 FedericO,
360 1667 423 1731 sed
448 1667 481 1728 in
507 1669 699 1750 apologum
725 1669 769 1730 de
793 1667 886 1749 lupis
909 1666 1113 1738 incidimus:
1147 1666 1310 1748 profecto
1344 1666 1428 1748 quid

145 1775 361 1857 sperandum
386 1774 431 1836 sit
458 1772 579 1837 nescio
613 1774 795 1856 augurari,
829 1774 927 1837 Deus
952 1776 1044 1836 bene
1076 1783 1202 1858 uertat.
1260 1774 1322 1837 Me
1345 1784 1429 1835 tuae

144 1882 236 1945 R¹¹¹⁸⁰
259 1901 295 1963 p.
319 1882 538 1945 commendo,
1283 1866 1287 1875 ⁵

238 2004 453 2087 Ingolstadii
476 2005 534 2067 die
558 2002 594 2069 S.
619 2004 829 2087 Hieronymi
853 2003 1052 2070 MDXXV.

237 2218 343 2299 Quod
367 2218 465 2300 prius
489 2217 663 2299 prolixius
698 2218 861 2283 miseram
894 2218 1132 2282 calamitatem
1156 2218 1343 2282 Almaniae
1366 2238 1426 2282 no-

145 2336 258 2404 strae,
283 2326 352 2389 iam
368 2326 528 2389 eamdem
546 2326 645 2388 mitto
670 2326 896 2390 contractius.
943 2326 983 2388 In
1007 2328 1101 2390 hanc
1125 2326 1219 2389 enim
1241 2325 1429 2389 formulam

143 2436 359 2515 redegeram
383 2454 448 2516 pro
485 2432 657 2497 Sereniss.
683 2434 790 2515 Rege
816 2432 971 2513 Angliae
1001 2444 1040 2495 ut
1067 2434 1171 2495 unico
1205 2435 1331 2495 obtutu
1362 2432 1427 2495 sin·

143 2542 232 2622 gula
256 2561 340 2603 mox
364 2538 597 2621 conspiceret.

444 2735 632 2799 Fructus
655 2734 880 2817 germinis
904 2734 1138 2798 lutherani.

240 2861 401 2924 Rusticis
416 2860 673 2924 rebellantibus
692 2861 727 2923 in
744 2860 994 2924 Marchionatu
1010 2861 1186 2942 Burgaro,
1211 2874 1431 2942 occuparunt

144 2969 283 3050 oppida
307 2967 510 3050 Leipheim,
544 2977 579 3030 et
613 2967 849 3050 Grietzburg:
883 2977 1010 3048 quarto
1034 2967 1170 3048 Aprilis
1201 2967 1297 3049 ligae
1331 2989 1427 3031 exer-

143 3075 239 3138 citus
264 3095 327 3138 eos
349 3074 490 3137 invadit
514 3095 560 3136 ex
582 3085 732 3155 utraque
749 3085 853 3155 parte
869 3075 1000 3156 Ripae,
1017 3086 1052 3136 et
1068 3073 1249 3156 profligat;
1273 3075 1430 3154 Joannes

146 3184 308 3263 Jacobus
333 3184 508 3264 plebanus
532 3181 767 3263 Capitaneus,
799 3202 876 3243 cum
910 3180 988 3243 aliis
1018 3190 1154 3262 septem
1178 3181 1355 3262 capitibus
1378 3203 1429 3245 se·

146 3289 295 3352 ditionis
327 3287 443 3350 medio
476 3287 603 3352 itinere
639 3287 731 3350 inter
762 3287 962 3370 Leipheim,
994 3297 1030 3350 et
1061 3287 1201 3351 Ulmam
1233 3289 1430 3352 decollatus

142 3404 211 3474 est,
237 3395 332 3457 caesi
356 3405 446 3470 sunt,
472 3403 508 3456 et
532 3395 704 3457 submersi
775 3441 1283 3458 ...........
1330 3414 1428 3473 3700.

237 3499 315 3581 Quo
341 3501 461 3564 audito
485 3502 639 3565 rebelles
663 3501 698 3563 in
723 3500 943 3582 Baltringen,
960 3510 996 3562 et
1012 3497 1260 3583 Schimelberg
1276 3501 1427 3583 dispersi

140 3619 245 3671 sunt:
272 3610 464 3670 subsecuta
486 3607 560 3690 liga
584 3607 668 3671 XII.
694 3607 830 3689 Aprilis
854 3605 1123 3688 comprehendit
1145 3608 1267 3687 plures
1291 3617 1426 3689 captOS,

145 3725 186 3779 et
208 3735 323 3797 prope
348 3715 518 3778 Wrtzach
542 3715 578 3778 in
603 3716 682 3778 loco
707 3716 881 3796 paludoso
907 3713 1037 3776 occidit
1106 3762 1114 3776 .
1162 3761 1170 3776 .
1218 3763 1225 3775 .
1273 3763 1281 3778 .
1332 3735 1426 3793 ¹500·

237 3821 395 3885 Cuneum
421 3821 649 3904 Algoiorum,
686 3833 720 3884 et
757 3841 879 3883 eorum
914 3820 973 3902 qui
1007 3821 1171 3882 accolunt
1204 3822 1320 3882 laeum
1356 3822 1429 3903 lIga

141 3930 294 3994 volebat
322 3926 534 4012 profligasse
563 3928 627 3990 sed
651 3927 852 3992 interventu
888 3925 1041 3989 Senatus
1075 3925 1360 4008 Uberlingensis,
1393 3939 1429 3990 et

140 4037 460 4116 Ravenspurgen,
486 4054 528 4096 ac
542 4033 714 4097 Comitum
740 4035 785 4096 de
808 4031 993 4111 Montfort,
1018 4053 1076 4095 res
1091 4032 1126 4094 in
1144 4052 1268 4113 pacem
1284 4043 1427 4114 mutata,

139 4161 250 4224 quarn
275 4142 420 4203 accolae
444 4143 541 4202 lacus
570 4152 765 4211 servarunt,
790 4138 912 4222 Algoii
936 4158 1006 4202 non
1029 4138 1123 4203 item.

235 4247 490 4310 Rebellionem
513 4257 641 4328 parant
670 4247 744 4310 XV
770 4246 904 4327 Aprilis
938 4245 1060 4309 rustici
1095 4245 1191 4308 circa
1213 4244 1426 4329 Winsperg:

140 4353 272 4417 missus
295 4353 378 4416 illuc
404 4351 530 4416 Comes
555 4355 600 4416 de
624 4353 865 4416 Helffenstein
889 4351 1092 4415 Ludovicus
1115 4373 1137 4413 a
1161 4352 1333 4432 regimine
1357 4353 1427 4416 Du·

139 4462 223 4540 cali,
264 4481 286 4522 a
309 4459 451 4522 rusticis
491 4459 614 4522 dolose
654 4459 935 4540 circumventoS,
971 4479 1047 4521 cum
1085 4458 1216 4521 XXIII
1250 4459 1427 4524 nobilibus

140 4567 314 4630 atrociter
342 4563 524 4630 occiditur.
581 4566 692 4628 Totus
721 4567 882 4628 Ducatus
910 4566 946 4630 in
977 4566 1206 4630 rebellionem
1236 4567 1426 4651 conspirat,

140 4675 219 4755 liga
254 4693 318 4736 eos
351 4671 565 4753 insequitur,
605 4680 642 4734 et
677 4673 873 4735 exercitum
910 4672 1119 4735 rusticorum
1155 4673 1298 4756 attingit
1335 4673 1427 4737 inter

140 4779 311 4861 Bebling,
327 4787 363 4842 et
378 4777 633 4861 Scudelfingen
658 4781 750 4842 ultra
774 4779 1076 4862 Herrenbergam,
1105 4790 1140 4841 et
1165 4779 1239 4842 XII
1254 4779 1340 4843 Maii
1364 4801 1427 4844 eos

140 4889 221 4951 sine
246 4883 455 4948 difficultate
480 4885 590 4956 cedit:
616 4885 724 4948 occisi
748 4895 829 4948 sunt
854 4889 950 4966 6465.

172 5011 254 5064 uana,
266 5011 411 5054 Documenta
420 5010 557 5050 Luthersua.
995 5060 1012 5107 ο
1232 4993 1267 5048 35
