3425 5700
659 584 717 640 ΗΒ
755 582 790 641 83
829 581 887 639 tiro

144 727 238 791 turali
260 727 421 812 Signori,
455 733 520 794 che
552 733 640 813 perd
671 754 817 815 sapemo
842 732 916 796 Sua
940 733 1079 796 Maesta
1112 743 1147 796 et
1180 743 1271 796 tutto
1300 731 1325 795 il
1350 754 1413 796 suo

144 834 392 916 sapientissimo
416 838 563 902 consilio
587 842 797 920 provedono
822 840 909 923 ogni
933 861 1027 919 cosa,
1057 842 1221 903 havendo
1246 840 1368 903 avanti
1391 841 1415 902 li

145 943 235 1004 occhi
258 944 281 1006 li
305 944 441 1007 Boemi.

223 1050 262 1112 Li
278 1050 388 1114 Brevi
412 1053 477 1114 che
501 1051 705 1115 dimandate
728 1054 810 1116 tutti
834 1054 869 1116 vi
893 1054 923 1117 si
948 1056 1124 1117 mandeno
1149 1053 1356 1117 credentiali
1379 1053 1414 1115 in

145 1156 291 1219 Persona
322 1168 444 1221 vostra
474 1169 510 1221 et
541 1161 600 1222 del
625 1161 921 1241 Prothonotario,
956 1182 1055 1224 come
1085 1163 1256 1224 vederete
1289 1182 1354 1243 per
1382 1163 1415 1223 le

143 1262 277 1338 minute;
301 1265 478 1345 seguitate
503 1266 589 1347 ogni
605 1286 689 1329 cosa
712 1268 977 1330 communicatis
1002 1266 1156 1331 consiliis
1174 1278 1210 1330 et
1225 1271 1317 1331 bene
1335 1288 1414 1329 con·

145 1370 365 1434 sentientibus
389 1373 514 1436 animis
539 1394 638 1437 come
662 1376 791 1437 havete
817 1374 1041 1458 principiat0,
1066 1385 1101 1437 et
1126 1375 1280 1457 supplite
1305 1376 1325 1437 l'
1343 1396 1414 1438 uno

144 1496 200 1557 per
222 1479 241 1540 l'
256 1481 347 1541 altro
372 1483 672 1544 amorevolmente
697 1502 803 1544 senza
827 1483 1020 1563 guardarla
1037 1476 1078 1544 'in
1103 1482 1238 1564 sottile,
1263 1486 1290 1544 sl
1316 1502 1415 1545 come

145 1584 267 1647 ricerca
298 1587 332 1648 la
356 1606 464 1649 causa
488 1588 524 1649 di
548 1597 648 1650 tanta
671 1589 901 1671 importantia
924 1599 960 1651 et
984 1591 1014 1652 si
1036 1590 1253 1671 periculosa,
1278 1598 1313 1652 et
1336 1609 1414 1670 per-

145 1694 317 1756 suadetevi
340 1696 406 1757 che
430 1694 562 1758 Nostro
588 1693 742 1777 Signore
767 1698 859 1760 vede
884 1707 921 1759 et
944 1696 1131 1760 considera
1154 1698 1188 1759 le
1212 1716 1333 1778 opere,
1365 1696 1412 1759 fa-

144 1801 226 1862 tiche
250 1810 286 1863 et
309 1801 417 1864 stenti
441 1803 571 1882 vostri,
605 1812 641 1866 et
664 1804 701 1865 di
725 1813 817 1866 tutto
842 1804 937 1867 tiene
962 1814 998 1866 et
1021 1804 1116 1866 terra
1139 1806 1235 1867 bono
1263 1803 1414 1866 ricordo.

220 1907 271 1969 La
304 1928 389 1970 cosa
419 1910 454 1971 di
479 1910 696 1973 Armestorff
717 1910 909 1974 cameriere
935 1910 970 1972 di
994 1910 1147 1974 Caesare
1171 1931 1237 1993 per
1259 1910 1284 1973 il
1309 1912 1414 1992 quale

144 2012 164 2072 il
184 2015 385 2078 contessore
409 2016 455 2078 ha
479 2016 623 2100 script0,
650 2027 684 2079 et
709 2019 778 2098 voi,
803 2026 838 2079 et
863 2017 887 2080 il
912 2018 1187 2080 Prothonotario
1214 2026 1249 2080 et
1272 2019 1370 2098 tutti,
1396 2018 1413 2079 ὲ

144 2130 318 2202 assettata,
343 2122 479 2186 Perche
502 2123 635 2186 Nostro
660 2121 814 2205 Signore
838 2124 862 2187 li
887 2126 933 2186 ha
957 2124 1052 2187 facto
1077 2126 1205 2187 cedere
1229 2127 1264 2187 la
1287 2145 1414 2207 prepo-

144 2226 241 2290 situra
274 2230 320 2291 da
353 2230 472 2309 quello
507 2232 572 2293 che
603 2233 720 2293 havea
746 2232 880 2293 havuto
905 2234 938 2293 le
963 2230 1138 2293 sententie
1163 2241 1199 2294 et
1223 2241 1413 2314 exequuto-

145 2333 209 2396 riali
232 2336 267 2396 in
283 2336 384 2398 Rota
408 2347 444 2399 et
467 2338 522 2399 chi
547 2338 568 2399 l'
586 2340 702 2399 havea
725 2337 866 2420 litigato
889 2338 987 2400 molti
1013 2348 1048 2400 et
1070 2338 1170 2401 molti
1195 2340 1278 2402 anni
1301 2340 1415 2422 prima

145 2440 215 2504 chel
237 2443 426 2507 Cardiuale
450 2444 579 2526 Egidio
612 2445 824 2527 impetrasse
855 2447 889 2509 la
923 2467 986 2507 sua
1019 2447 1167 2527 general
1191 2446 1326 2509 riserva
1351 2466 1415 2528 per

145 2549 257 2632 vigore
281 2553 376 2616 della
399 2556 503 2634 quale
527 2552 552 2614 il
576 2552 718 2614 fratello
744 2552 780 2613 di
805 2551 1022 2615 Armastorff
1034 2552 1065 2613 ci
1080 2553 1309 2633 pretendeva.
1346 2554 1413 2616 No-

146 2668 208 2719 stro
231 2656 383 2739 Signore
416 2660 463 2720 ha
495 2660 618 2721 voluto
651 2658 796 2740 allongo
828 2658 1029 2720 informarsi
1055 2660 1113 2721 del
1137 2668 1228 2722 tutto
1253 2669 1289 2722 et
1312 2668 1415 2722 trova

146 2764 213 2825 chel
235 2785 369 2846 povero
395 2764 562 2827 Cardinal
586 2763 716 2845 Egidio
741 2765 759 2826 ὲ
784 2773 950 2825 accusato
975 2786 996 2826 a
1020 2784 1109 2846 gran
1134 2776 1245 2845 torto,
1278 2777 1312 2828 et
1336 2768 1415 2829 chel

146 2873 324 2937 cameriere
349 2873 385 2935 di
409 2873 539 2936 Cesare
565 2874 582 2936 ὲ
607 2875 717 2935 molto
743 2874 834 2935 male
860 2873 1048 2935 informato
1073 2874 1167 2936 della
1193 2895 1293 2954 cosa,
1319 2885 1355 2937 et
1378 2875 1413 2936 in

146 2997 267 3042 summa
296 2982 361 3042 che
387 2982 477 3043 deve
502 2980 588 3042 farsi
613 2979 830 3043 conscientia
854 2981 949 3042 della
972 2979 1118 3042 infamia
1142 2982 1208 3043 che
1231 2982 1265 3042 in
1289 2990 1414 3062 questo

34 3118 35 3165 f
146 3085 185 3145 ha
204 3089 284 3150 dato
308 3109 331 3150 a
355 3088 428 3151 Sua
452 3086 768 3151 Reverendissima
792 3085 962 3169 Signoria
986 3096 1022 3150 et
1046 3089 1158 3150 anche
1183 3090 1228 3150 ad
1253 3087 1411 3150 Henech-

147 3203 224 3256 wort
254 3216 354 3258 corne
386 3195 414 3258 si
445 3195 551 3276 potra
580 3195 712 3277 meglio
744 3197 876 3257 vedere
907 3215 972 3275 per
1002 3197 1037 3257 la
1067 3215 1153 3256 vera
1185 3195 1414 3258 instructione

34 3332 35 3349 κ
147 3299 228 3365 della
251 3324 360 3366 causa
383 3313 419 3366 et
442 3305 520 3366 loro
544 3306 649 3367 lettre
673 3305 739 3366 che
763 3303 793 3366 si
816 3305 1059 3367 mandaranno
1085 3304 1119 3365 di
1144 3305 1189 3367 la.

222 3409 444 3474 Nondimeno
467 3431 533 3492 per
557 3410 732 3476 sodisfare
756 3430 777 3472 a
801 3410 955 3473 Caesare
979 3412 1012 3472 al
1043 3409 1248 3473 confessore
1282 3409 1316 3470 di
1342 3409 1416 3472 Suo

34 3526 35 3537 ²
148 3510 286 3597 Maesti,
320 3527 356 3579 et
386 3520 499 3580 anche
522 3519 557 3580 al
581 3518 789 3595 cameriere,
823 3519 928 3599 quale
960 3516 1111 3580 scrivete
1137 3537 1234 3580 esser
1257 3520 1353 3580 bono
1379 3526 1414 3578 et

148 3622 306 3686 catholico
331 3623 588 3705 gentilhuomO,
613 3622 686 3686 Sua
710 3624 938 3687 Beatitudine
969 3623 1047 3706 per'
1064 3645 1182 3686 mezzo
1214 3626 1272 3686 del
1297 3624 1414 3687 Reve-

149 3729 340 3793 rendissimo
371 3731 494 3793 Sancti
519 3730 670 3811 Quattro
701 3732 748 3792 ha
780 3731 935 3794 sforzato
966 3732 987 3791 l'
1002 3730 1208 3793 adversario
1240 3730 1414 3793 renitente

150 3844 180 3892 et
208 3836 379 3918 disperato
404 3859 425 3900 a
448 3837 652 3900 renuntiare
685 3839 720 3899 la
743 3838 839 3900 dicta
862 3839 1098 3920 prepositura,
1131 3847 1166 3900 et
1189 3846 1280 3900 tutte
1305 3839 1338 3900 le
1362 3859 1412 3900 ra·

149 3939 235 4018 gioni
256 3965 315 4008 sue
340 3947 375 4007 al
397 3944 541 4008 fratello
566 3945 601 4006 di
626 3965 706 4008 esso
732 3944 934 4008 Cameriere
959 3955 995 4007 et
1018 3948 1064 4007 ha
1088 3955 1293 4009 contentato
1320 3945 1414 4007 dicto

151 4047 337 4115 adversario
369 4072 434 4115 con
468 4072 537 4115 uno
569 4039 684 4114 offitio
717 4053 783 4114 che
815 4053 839 4114 li
870 4053 982 4115 renda
1016 4063 1119 4115 cento
1153 4052 1272 4114 ducati
1302 4051 1414 4114 d'oro

151 4151 265 4219 l'anno
295 4158 418 4240 pagati
451 4159 535 4239 ogni
561 4179 657 4222 mese
681 4179 747 4240 per
770 4169 848 4221 rata
872 4158 985 4222 finche
1011 4180 1049 4221 se
1073 4160 1098 4221 li
1122 4161 1168 4220 da
1192 4159 1415 4239 ricompensa

151 4255 182 4319 in
209 4265 368 4328 benefitii.
416 4267 562 4328 Potrete
593 4265 671 4328 fare
694 4265 881 4329 intendere
906 4267 929 4328 il
955 4275 1045 4328 tutto
1070 4268 1104 4328 al
1128 4267 1187 4328 Re
1212 4268 1245 4328 al
1270 4265 1414 4328 Confes-

153 4384 220 4430 sore
241 4381 273 4433 et
295 4395 315 4435 a
339 4373 430 4434 ditto
455 4373 658 4453 cameriere,
683 4372 780 4435 accid
806 4375 871 4435 che
896 4373 1089 4436 intendano
1115 4375 1179 4436 che
1204 4373 1353 4454 rispetto
1379 4373 1419 4434 di

154 4469 214 4536 Sua
235 4477 368 4543 Maesta
399 4501 437 4542 se
470 4479 494 4542 li
520 4482 614 4542 dona
644 4479 878 4543 liberamente
903 4480 938 4542 la
963 4478 1189 4563 prepositura
1216 4480 1281 4542 che
1306 4488 1414 4560 cert0,

153 4595 207 4655 per
232 4597 359 4665 quanto
376 4586 507 4649 Nostro
529 4583 683 4668 Signore
709 4589 755 4648 ha
778 4590 901 4650 voluto
925 4587 1123 4666 intendere,
1149 4607 1218 4649 non
1244 4586 1274 4648 ci
1299 4589 1415 4649 havea

155 4688 280 4766 ragione
309 4696 437 4756 alcuna
470 4695 514 4756 ne
546 4693 570 4755 il
595 4692 785 4756 Cardinale
810 4693 957 4776 Egidio,
991 4695 1096 4776 quale
1119 4714 1185 4775 per
1209 4713 1279 4756 non
1303 4695 1413 4756 incor-

156 4809 219 4856 rere
239 4797 271 4860 in
294 4803 327 4863 le
353 4821 500 4864 censure
519 4810 554 4863 et
571 4801 861 4863 excommuniche
879 4801 963 4863 delli
980 4800 1238 4882 exequutoriali
1255 4801 1414 4864 intimate

156 4899 254 4967 asna
282 4907 468 4991 Signoria,
501 4919 583 4991 post
615 4929 690 4970 rem
720 4907 910 4970 iudicatam
943 4908 1037 4969 dallo
1070 4907 1276 4969 adversario
1310 4908 1416 4970 cessit

1222 5013 1253 5066 6*
