3425 5700
652 546 898 609 *similit*

228 697 360 761 Mando
384 719 406 761 a
428 697 470 765 N.
496 695 532 761 S.
558 698 701 779 quando
724 699 758 761 le
783 695 959 761 avanzara
982 706 1102 779 tempo
1133 717 1199 779 per
1221 698 1344 781 legere
1367 698 1414 761 al-

155 824 230 867 cuna
253 826 336 868 cose
360 806 396 869 di
420 804 640 888 Hieronymo
665 805 789 869 Emser
813 815 936 868 contra
951 804 1155 869 Lutherani.
1191 805 1233 867 ln
1249 805 1416 887 Esslinga

153 930 228 973 sono
250 912 339 975 tanti
364 912 422 975 del
446 911 643 995 regimento
672 912 856 994 imperiale
885 914 951 974 che
981 932 1102 993 penno
1132 912 1192 993 gib
1222 913 1415 994 negociare

152 1017 225 1099 ogni
247 1037 329 1081 cosa
354 1028 390 1081 et
412 1027 468 1081 tra
491 1019 515 1081 li
540 1020 620 1082 altri
654 1019 691 1081 vi
721 1018 741 1082 ὲ
769 1023 805 1082 10
839 1018 1108 1101 archiepiscopo
1144 1018 1357 1081 Coloniense
1381 1020 1415 1081 al

153 1126 224 1204 qual
245 1127 371 1188 toccha
394 1146 459 1207 per
475 1126 507 1188 el
531 1126 645 1207 primo
670 1126 845 1190 trimestre
871 1136 907 1189 et
930 1126 954 1188 il
977 1128 1161 1190 marchese
1186 1125 1222 1187 di
1245 1126 1356 1207 Bade,
1381 1134 1417 1188 et

153 1230 191 1292 da
221 1250 287 1293 uno
323 1252 345 1294 o
381 1231 441 1295 doi
476 1234 511 1294 in
547 1233 607 1314 poi
646 1233 728 1296 tutti
767 1252 855 1296 sono
895 1234 981 1296 boni
1022 1232 1204 1296 christiani
1242 1241 1277 1296 et
1310 1253 1416 1316 spero

153 1335 177 1397 si
197 1346 409 1417 portaranno
433 1341 542 1403 molto
566 1340 670 1421 bene,
695 1340 738 1403 ne
762 1340 797 1403 io
821 1339 1014 1403 mancharb
1038 1339 1074 1402 di
1097 1338 1304 1402 sollicitarli.

230 1460 391 1525 Viennae
415 1462 539 1528 XXII.
566 1463 720 1546 Augusti
743 1462 962 1529 MDXXIV.

672 1658 880 1672 υᾺΜΛΛΛΛΛΛΛΛΜΜ

602 1916 605 1923 ’
741 1892 814 1958 166.

492 2006 704 2109 Campegius
731 2008 894 2109 Arabim.
922 2007 1070 2109 capuae.

553 2154 695 2225 (limmat.
715 2154 841 2214 German.
860 2152 935 2213 hm
952 2153 1005 2225 Iu)

660 2273 696 2345 (3.
716 2276 786 2341 Sept.
812 2274 899 2340 1524)

36 2460 38 2467 ,
232 2402 277 2465 R.
302 2404 512 2488 Monsignor
535 2408 604 2470 mio
628 2407 911 2473 honoratissimo.
960 2407 1033 2469 Alli
1055 2406 1175 2469 XXX
1202 2409 1260 2470 del
1276 2416 1421 2490 passato

36 2560 38 2589 ÷
157 2504 252 2570 hebbi
274 2511 306 2572 le
332 2512 401 2575 doe
425 2512 460 2575 di
485 2514 617 2578 Vostra
641 2514 809 2597 Signon‘a
833 2517 877 2578 de
902 2512 981 2577 Vll.
1007 2523 1042 2577 et
1066 2515 1111 2577 de
1135 2514 1263 2577 XVIII
1296 2535 1362 2577 con
1387 2517 1421 2578 le

36 2664 38 2703 ζ
157 2614 246 2695 copie
269 2618 423 2701 allegate
455 2631 491 2683 et
521 2622 582 2685 alli
616 2622 786 2686 XXVIII
820 2642 937 2685 venne
969 2643 990 2684 a
1025 2632 1150 2703 questo
1186 2620 1420 2686 Serenissimo

36 2708 38 2735 *
156 2716 305 2805 Principe
329 2726 363 2787 la
391 2737 495 2808 posta
528 2728 565 2791 di
593 2727 743 2811 Spagna
770 2738 806 2792 et
829 2730 876 2791 da
900 2726 936 2792 S.
953 2726 1045 2791 ὃθτω
1069 2728 1115 2790 mi
1136 2728 1173 2791 fu
1191 2730 1359 2793 mandata
1387 2731 1422 2792 la

36 2873 38 2920 3
157 2826 262 2893 littera
285 2835 349 2896 che
374 2833 403 2896 si
427 2834 543 2900 serive
566 2836 650 2900 allui
682 2845 719 2900 et
749 2836 809 2899 alli
839 2836 922 2899 stati
946 2836 1040 2899 dello
1065 2834 1218 2918 imperio
1246 2837 1422 2900 concorde

36 2929 38 2966 ³
160 2951 216 2996 con
239 2940 354 3018 quella
378 2943 444 3004 che
468 2943 515 3006 mi
538 2945 668 3006 manda
691 2943 735 3006 V.
761 2941 796 3008 S.
832 2954 868 3006 et
903 2944 1017 3006 ancho
1047 2944 1083 3004 la
1106 2943 1210 3026 copia
1243 2943 1279 3005 di
1302 2944 1422 3025 quella

36 3055 38 3112 ξ
160 3039 214 3102 che
235 3044 346 3109 scrive
371 3045 408 3111 S.
432 3049 480 3111 M.
506 3049 583 3114 Ces.
609 3071 631 3113 a
653 3049 696 3116 N.
722 3047 757 3113 S.
790 3049 985 3113 credential
1015 3051 1074 3112 nel
1106 3051 1209 3113 Duca
1232 3050 1268 3112 di
1292 3047 1420 3124 Sessa;

36 3163 38 3222 ξ
161 3158 270 3225 questo
294 3172 360 3216 ser.
383 3153 500 3222 Princ.
516 3161 609 3238 parti
634 3157 680 3220 de
703 3156 764 3238 qui
787 3156 848 3218 alli
871 3155 1009 3218 XXIX
1034 3165 1069 3218 et
1085 3177 1154 3220 non
1180 3158 1330 3220 bancho
1353 3165 1422 3219 tor·

161 3268 248 3338 nato,
276 3258 403 3325 dicono
438 3265 504 3326 che
535 3274 659 3346 questa
689 3272 788 3326 notte
822 3265 853 3325 ci
878 3262 957 3326 sara
981 3282 1045 3344 per
1069 3264 1102 3326 el
1127 3264 1192 3326 che
1215 3262 1422 3326 intertenirb
1523 3349 1528 3354 .

36 3397 38 3440 3
160 3374 269 3440 queste
292 3369 419 3431 lettere
447 3390 514 3452 per
536 3379 627 3433 tutto
653 3370 792 3434 dimane
817 3391 883 3452 per
906 3377 1031 3452 potere
1053 3370 1229 3451 perlando
1253 3390 1336 3432 seco
1363 3369 1422 3451 pib

36 3481 38 3530 ξ
160 3467 387 3539 risultamente
418 3477 645 3559 rispondere,
678 3491 712 3541 et
742 3498 812 3541 non
844 3477 1010 3540 vedendo
1043 3475 1216 3557 expedirb
1240 3486 1365 3558 questa
1389 3485 1424 3539 et

36 3599 38 3610 ⁵
159 3575 210 3654 poi
232 3582 286 3643 un’
311 3585 402 3645 altra
418 3585 531 3665 prima
556 3587 609 3649 ch'
626 3585 661 3648 io
685 3585 767 3648 abia
791 3605 874 3648 seco
897 3585 987 3646 fatto
1012 3592 1292 3666 appuntamento
1316 3603 1424 3664 sopra

37 3705 38 3708 ¹
159 3695 269 3763 queste
294 3692 523 3759 occorrentie.

236 3793 380 3860 Circeia
390 3799 606 3863 resolutione
619 3802 683 3863 che
694 3819 759 3881 per
770 3799 794 3862 il
808 3798 941 3862 scriver
951 3799 986 3861 di
996 3797 1126 3862 Cesare
1139 3796 1169 3860 si
1176 3799 1269 3861 vede
1277 3799 1324 3860 ha
1333 3797 1425 3862 satta

38 3920 43 3963 ὲ
159 3895 190 3962 S.
202 3901 261 3966 Mu
280 3914 316 3967 et
333 3905 376 3969 V.
394 3903 420 3970 S
448 3907 495 3970 mi
512 3908 626 3970 scrive
643 3909 699 3971 del
715 3907 889 3989 impedire
904 3909 938 3970 la
954 3905 1060 3969 Dicta
1076 3903 1262 3986 Spirense;
1286 3905 1424 3970 banchi

39 4061 40 4092 3
159 4005 257 4072 sinch'
272 4011 306 4075 io
322 4032 393 4076 non
410 4017 512 4096 parlo
525 4017 581 4078 col
595 4014 761 4096 Principe
771 4035 842 4077 non
861 4013 988 4095 sappia
1003 4011 1215 4075 affirmative
1228 4013 1346 4094 quello
1360 4014 1425 4075 che

39 4169 40 4172 ,
159 4113 317 4182 risolvera
334 4119 371 4185 S.
389 4119 481 4184 gefe
496 4142 562 4204 per
574 4122 722 4204 rispetto
737 4123 772 4184 di
784 4123 902 4202 quella
919 4119 1076 4183 clausola
1089 4121 1154 4182 che
1166 4120 1281 4183 scrive
1295 4118 1425 4182 Cesare

42 4236 48 4319 ,ζ
162 4237 199 4281 ne
219 4224 251 4286 la
273 4245 337 4290 soa
360 4229 487 4291 lettera
511 4230 591 4292 chel
616 4227 792 4292 consideri
817 4231 911 4291 bene
935 4248 973 4289 se
998 4229 1031 4289 le
1052 4229 1179 4289 lettere
1200 4227 1280 4288 chel
1311 4226 1424 4289 scrive

41 4372 46 4393 .
163 4325 248 4392 sieno
260 4353 326 4414 per
342 4335 602 4418 interrumpere
622 4346 747 4418 questa
762 4335 858 4398 dieta
881 4333 1169 4397 verisimilmente
1193 4341 1229 4396 et
1253 4333 1319 4395 che
1343 4343 1424 4397 tunc

43 4436 49 4485 '¹
163 4443 265 4502 utatur
293 4441 335 4505 iis
360 4442 464 4506 aliter
487 4453 553 4506 etc.
579 4442 698 4506 niente
730 4441 762 4503 di
799 4460 903 4504 meno
936 4461 1002 4522 per
1031 4441 1149 4521 quello
1184 4440 1235 4502 ch'
1253 4438 1288 4502 io
1316 4460 1425 4521 posso

44 4556 52 4628 '5
165 4544 402 4631 coniecturam,
426 4549 461 4613 io
485 4570 591 4633 spero
615 4549 819 4612 facilmente
844 4568 994 4630 operare
1019 4548 1085 4609 che
1102 4545 1139 4610 S.
1155 4544 1247 4608 gera
1264 4546 1368 4610 usar‘a
1392 4550 1426 4610 le

166 4647 247 4718 detta
270 4657 397 4720 lettere
430 4665 467 4720 et
498 4657 718 4721 mandaralle
749 4657 784 4718 al
814 4655 1013 4736 regimento
1044 4651 1244 4736 imperiale,
1269 4652 1427 4736 Principi

168 4761 289 4826 elettori
312 4774 348 4827 et
372 4763 455 4827 stati
478 4785 499 4827 a
524 4765 580 4856 cui
611 4783 699 4826 sono
732 4762 926 4836 destinate;
959 4763 994 4823 la
1029 4761 1111 4842 qual
1146 4779 1230 4822 cosa
1265 4769 1427 4823 ottenuta

170 4866 212 4928 ch'
226 4868 257 4932 io
284 4871 305 4932 l'
320 4872 455 4934 habbia
481 4889 551 4934 non
584 4869 707 4934 dubito
740 4870 806 4932 che
836 4889 902 4931 sua
934 4866 1025 4931 Ser‘*
1060 4886 1132 4931 non
1161 4865 1275 4929 faccia
1307 4876 1343 4930 et
1374 4867 1427 4934 sia
