3425 5700
621 579 868 639 &field-0

119 733 357 798 miserabiliter
379 731 563 815 perierunt
597 739 658 792 aut
689 729 857 792 membris
886 726 1045 808 corporis
1069 726 1124 789 sui
1148 726 1265 788 statim
1290 725 1384 810 capti

120 855 206 914 sunt;
243 861 309 905 nec
340 850 459 903 tamen
489 837 643 900 indurati
675 837 799 900 melius
828 834 970 916 sapiunt
1000 833 1036 896 in
1065 855 1184 896 casum
1214 834 1386 896 eiusmodi

121 949 227 1012 omnia
251 956 376 1012 contra
399 967 462 1008 eos
484 945 582 1008 facta
605 943 814 1007 referentes.

198 1073 324 1135 Budae
349 1071 435 1133 VIII
459 1068 645 1133 Februarii
670 1066 871 1131 MDXXV.

716 1478 757 1541 19
782 1529 790 1542 .

461 1596 576 1696 episc.
605 1479 837 1675 Tridentiinns
865 1593 1046 1676 Clementi

569 1741 668 1816 (apen
693 1741 783 1800 rme.
807 1741 858 1799 m
887 1742 943 1813 re.)

604 1860 642 1928 (q.
663 1863 797 1911 Februarii
821 1861 908 1924 1525.)

205 1987 415 2051 Beatissime
440 1989 558 2067 Pater,
582 1987 724 2050 domine
749 1987 890 2050 domine
915 1987 1180 2060 colendissime;
1209 1999 1291 2071 post
1314 1993 1397 2054 bea·

127 2105 233 2158 torum
255 2096 388 2178 pedum
416 2095 538 2158 oscula
561 2093 789 2157 humillimam
813 2094 994 2157 servitutis
1019 2115 1096 2158 mee
1121 2078 1337 2158 oblationem
1362 2104 1398 2158 et

129 2201 286 2266 devotam
309 2201 662 2266 commendationem.
711 2201 857 2264 Missum
880 2200 947 2264 fuit
976 2202 1021 2264 ad
1046 2222 1100 2265 me
1125 2223 1171 2264 ex
1192 2201 1399 2284 Innsprukg

129 2317 238 2372 vestre
269 2309 500 2372 beatitudinis
530 2311 640 2372 breve
673 2329 739 2390 per
762 2309 994 2372 camerarium
1026 2308 1181 2372 eiusdem
1206 2311 1250 2372 D.
1275 2308 1399 2372 Hiero-

129 2435 264 2498 nymum
278 2415 486 2491 Rorarium;
511 2417 579 2480 hoc
601 2427 718 2479 autem
736 2416 842 2498 plane
856 2415 941 2478 mihi
966 2416 1165 2479 declaratur
1183 2417 1278 2498 quod
1294 2427 1401 2479 antea

130 2532 240 2586 tamen
261 2525 486 2604 exploratum
501 2525 689 2604 habebam,
713 2522 758 2586 V.
774 2521 846 2584 &tm
872 2522 1006 2604 optima
1020 2543 1160 2606 queque
1177 2525 1401 2605 perpendere

130 2639 162 2691 et
191 2632 236 2692 ad
269 2651 398 2694 novam
430 2630 703 2694 conventionem
736 2650 813 2692 cum
839 2629 1136 2693 Christianissimo
1169 2650 1256 2712 rege
1290 2630 1403 2712 magis

131 2756 173 2798 ex
206 2748 405 2821 temporum
439 2736 702 2801 conditionibus
740 2736 850 2801 fuisse
886 2739 1103 2819 compulsam
1146 2757 1250 2818 quam
1286 2737 1402 2800 studio

131 2844 351 2909 diminuenda
375 2843 635 2909 coniunctionis
667 2854 703 2908 et
727 2843 880 2907 amicitie
905 2865 983 2907 cum
1008 2842 1083 2909 Ces¹
1109 2843 1297 2927 Maiestate
1321 2843 1403 2908 inci-

132 2962 246 3016 tatam.
292 2953 332 3015 Id
357 2954 464 3035 quod,
489 2952 579 3015 sicut
601 2952 636 3014 in
663 2972 718 3015 me
741 2950 1076 3014 indubitatissimum
1097 2951 1173 3033 fuit,
1198 2952 1248 3015 sic
1264 2972 1404 3035 semper

132 3061 249 3123 curavi
271 3081 336 3143 pro
361 3080 440 3123 meo
466 3080 553 3141 erga
578 3058 708 3122 Sedem
727 3058 972 3141 Apostolicam
996 3059 1118 3121 debito
1143 3068 1179 3121 et
1203 3078 1290 3140 erga
1308 3059 1351 3122 V.
1368 3058 1405 3123 S.

132 3168 298 3229 servitute
323 3177 361 3229 ut
385 3167 549 3229 omnibus
572 3186 642 3228 non
667 3184 771 3229 secus
794 3176 901 3248 atque
923 3166 1006 3227 mihi
1022 3174 1212 3231 constaret.
1250 3166 1406 3229 Tametsi

133 3294 173 3336 ea
202 3283 259 3337 est
290 3272 559 3354 malignantium
593 3272 779 3335 multitudo
812 3292 879 3353 per
902 3271 1129 3335 Germaniam
1161 3282 1200 3335 ut
1232 3276 1290 3336 vel
1323 3275 1406 3336 odio

132 3380 293 3444 concitati
313 3390 438 3444 contra
455 3380 569 3461 ipsam
594 3390 628 3442 et
648 3379 834 3442 universos
847 3380 1004 3459 reliquos
1019 3378 1210 3443 christiane
1225 3379 1408 3462 religionis

133 3489 351 3569 sacerdotes,
382 3487 467 3550 nihil
493 3486 538 3549 sit
562 3487 657 3568 quod
683 3506 751 3549 non
778 3488 954 3549 morsibus
978 3486 1049 3549 suis
1073 3489 1229 3549 audeant
1253 3487 1407 3568 iniicere,

131 3596 247 3659 omnia
268 3596 304 3659 in
328 3594 486 3658 deterius
508 3595 708 3665 trahentes;
733 3602 768 3655 et
792 3594 883 3656 adeo
908 3594 1041 3675 passim
1065 3594 1193 3675 serpsit
1223 3595 1290 3657 hoc
1316 3596 1407 3657 male

133 3712 165 3763 et
187 3702 342 3766 faciendi
368 3711 405 3764 et
429 3700 569 3763 dicendi
593 3700 721 3763 vicium
746 3702 790 3762 de
813 3700 856 3765 V.
883 3701 923 3764 B.
949 3703 1064 3781 deique
1088 3691 1216 3763 ceteris
1240 3703 1283 3764 ad
1309 3721 1411 3764 sacra

131 3810 293 3893 initiatis,
327 3820 367 3873 ut
389 3809 598 3872 incredibile
630 3809 675 3870 sit
698 3810 814 3890 qualia
840 3810 1077 3889 undequaque
1108 3808 1410 3873 circumferantur.

134 3916 208 4001 Ego
233 3938 321 3980 vero
351 3918 444 3980 inter
468 3919 535 3979 hoc
560 3916 712 3979 maxime
737 3936 905 3997 cuperem
937 3937 993 3978 me
1018 3937 1096 3980 eum
1120 3926 1281 3999 prestare
1305 3936 1411 3999 posse

133 4025 188 4105 qui
207 4024 257 4087 ad
276 4026 432 4088 eruenda
445 4023 642 4087 istiusmodi
657 4021 867 4101 sufficerem,
892 4023 977 4085 nulli
993 4024 1108 4086 labori
1128 4024 1213 4088 nulli
1229 4022 1412 4106 vigilantie

39 4145 41 4188 l
134 4150 319 4211 parcerem
342 4151 561 4215 quamquam¹
580 4150 646 4211 pro
668 4129 802 4192 viribus
823 4132 969 4192 daturus
994 4151 1069 4193 sum
1091 4151 1236 4212 operam
1262 4144 1299 4193 ut
1317 4133 1412 4212 quod

135 4258 155 4299 a
182 4239 417 4303 devotissimo
442 4235 547 4301 Sedis
571 4236 781 4318 Apostolice
810 4236 987 4320 mancipio
1018 4238 1213 4301 desiderari
1237 4250 1355 4320 potest
1377 4238 1413 4299 id

134 4345 165 4409 in
190 4367 248 4409 me
285 4344 388 4410 liceat
411 4364 626 4427 agnoscere,
662 4353 699 4406 et
722 4344 776 4405 his
800 4364 854 4407 me
879 4343 926 4405 Vr
954 4344 1009 4405 ΒΠΙ
1037 4358 1072 4407 et
1096 4345 1291 4408 Ecclesiam
1316 4366 1414 4408 suam

134 4452 296 4517 Trident.
317 4451 510 4517 humillime
534 4452 754 4514 commendo.

220 4560 282 4623 Ex
307 4560 476 4623 Tridento
500 4558 604 4621 Nona
627 4557 812 4621 Februarii
836 4552 1036 4621 MDXXV.

351 4684 391 4750 E.
417 4683 460 4746 V.
486 4682 523 4749 S.

992 4776 1149 4825 Humillima
1168 4774 1294 4823 Creatura

931 4865 1116 4931 Episcopus
1141 4866 1364 4920 Tridentinus.
