3425 5700
821 532 1068 590 04316ομ

304 682 421 735 mente
456 695 529 739 sua.
577 676 620 739 El
651 677 834 744 confessor
857 680 1063 745 finalmente
1097 682 1120 743 li
1151 685 1307 745 monstro
1341 684 1407 746 che
1441 684 1475 745 in
1501 703 1577 765 quo·

304 800 453 862 cumque
488 803 593 845 sensu
631 785 816 867 capiantur
850 808 893 851 ea
926 789 971 851 de
1012 788 1140 871 quibus
1173 789 1438 872 disputabatur,
1473 812 1577 854 erano

303 907 387 951 cose
411 892 502 953 male
527 901 563 953 et
586 891 815 957 intolerabili.

393 994 612 1080 Sichinghen
643 1000 749 1063 homo
777 1003 823 1064 de
855 1002 1015 1097 ingegno
1040 1013 1076 1066 et
1099 1006 1144 1067 de
1168 1005 1225 1068 chi
1250 1026 1288 1069 se
1311 1007 1359 1068 ha
1383 1026 1404 1067 a
1428 1005 1483 1069 far
1508 1005 1578 1067 lun-

304 1104 491 1184 damento,
515 1106 562 1167 ha
585 1108 618 1169 le
643 1127 725 1169 cose
750 1110 796 1171 de
818 1110 952 1174 Luther
976 1110 1010 1174 in
1035 1113 1198 1203 alemano
1223 1121 1313 1176 tutte
1337 1112 1373 1176 in
1396 1114 1431 1175 la
1455 1125 1579 1194 mente,

304 1218 341 1272 et
369 1209 463 1273 disse
496 1212 561 1275 che
596 1212 643 1275 lui
670 1214 787 1278 havea
810 1217 881 1279 neli
905 1218 985 1281 libri
1017 1218 1052 1281 di
1077 1219 1231 1283 Martino
1265 1219 1369 1284 aliter
1394 1241 1500 1302 quam
1526 1221 1578 1283 do·

305 1316 418 1379 minus
441 1317 626 1383 confessor
648 1321 872 1405 adducebat,
903 1335 939 1389 et
962 1326 997 1389 in
1032 1326 1154 1391 effetto
1179 1326 1350 1409 produxit
1373 1326 1483 1391 libros
1508 1348 1579 1410 ger·

306 1445 439 1505 manos,
463 1427 556 1489 dove
581 1427 713 1493 Luther
738 1432 852 1512 (come
877 1434 895 1496 ἐ
919 1444 1091 1498 consueto
1107 1454 1128 1497 a
1144 1432 1370 1519 contradirsi)
1394 1436 1441 1497 ba
1460 1434 1580 1497 scritto

304 1534 431 1596 alcune
455 1555 537 1629 cose
558 1536 780 1602 dissentienti
804 1540 851 1603 da
874 1542 992 1622 quelle
1016 1542 1082 1606 che
1101 1562 1189 1605 sono
1204 1542 1259 1606 ne'
1276 1541 1353 1604 suoi
1368 1540 1448 1605 libri
1474 1540 1580 1621 latini,

304 1638 328 1701 li
364 1641 459 1722 quali
492 1645 525 1705 el
549 1643 742 1710 Confessor
775 1648 891 1711 havea
922 1658 1065 1730 portato
1096 1670 1163 1712 con
1195 1668 1278 1713 seco
1311 1656 1348 1711 et
1376 1647 1580 1727 monstrolli,

304 1747 421 1810 donde
458 1747 677 1834 Sichingben
713 1751 750 1815 fu
792 1756 901 1818 molto
950 1766 1087 1820 remoto
1122 1757 1219 1819 dalla
1253 1754 1368 1839 prima
1403 1754 1578 1836 opinione.

304 1852 464 1917 Tandem
488 1856 582 1921 disse
606 1862 672 1923 che
696 1860 745 1923 lui
759 1860 972 1926 desiderava
988 1862 1240 1927 reformatione
1258 1864 1457 1927 universale
1475 1861 1580 1925 etiam

303 1961 349 2023 de
381 1983 420 2025 se
451 1965 643 2029 medesimo
676 1977 711 2029 et
741 1970 807 2031 che
837 1971 931 2037 dove
954 1970 1110 2033 Martino
1141 1980 1249 2034 tratta
1273 1970 1322 2033 tal
1346 1990 1440 2062 cosa.
1464 1978 1501 2032 et
1526 1970 1581 2031 do·

304 2070 443 2133 vunche
468 2073 500 2135 el
524 2075 626 2155 parla
650 2095 733 2137 cose
757 2077 889 2157 buone,
912 2077 960 2140 lui
985 2079 1019 2140 el
1043 2080 1125 2141 vole
1141 2077 1315 2141 defendet
1341 2088 1467 2139 contra
1492 2085 1581 2139 tutto

304 2175 337 2237 el
361 2178 491 2239 mondo
523 2188 559 2241 et
581 2190 708 2245 metter
733 2183 768 2244 la
791 2186 923 2263 robba,
948 2184 972 2247 li
995 2183 1068 2247 fioli
1092 2195 1128 2248 et
1157 2186 1192 2248 la
1215 2184 1308 2257 vita;
1338 2204 1393 2247 ma
1417 2183 1513 2245 dove
1537 2182 1582 2245 lui

302 2282 349 2343 ha
372 2284 511 2364 parlato
541 2288 611 2349 mal
639 2287 676 2350 in
708 2291 744 2353 la
775 2290 858 2354 fede
892 2290 939 2353 lui
964 2293 1045 2354 vole
1069 2312 1167 2355 esser
1190 2291 1306 2374 primo
1329 2312 1352 2355 a
1375 2290 1524 2354 huttarli
1546 2290 1578 2353 al

305 2389 396 2453 foco.
443 2389 664 2458 Similmente
688 2397 823 2460 Hutten
847 2396 943 2461 disse
958 2399 1024 2461 che
1049 2398 1083 2461 in
1109 2400 1236 2461 alcune
1260 2396 1417 2481 opinioni
1441 2397 1492 2459 lui
1517 2395 1584 2460 rnai
1681 2484 1682 2491 ἵ

302 2497 402 2560 volse
426 2500 535 2564 sentir
559 2523 639 2565 curn
652 2502 808 2568 Luthero
824 2525 941 2585 neque
964 2507 1040 2567 vult
1063 2504 1291 2568 commiscere
1315 2524 1459 2567 causam
1484 2524 1583 2567 suam
1681 2504 1682 2529 ³

302 2622 382 2666 cum
395 2606 591 2689 lutherana,
611 2630 668 2673 ma
681 2612 747 2674 che
762 2610 811 2673 lui
825 2611 1002 2693 pretende
1018 2613 1084 2675 che
1100 2610 1123 2675 li
1137 2610 1229 2694 preti
1253 2610 1342 2674 siino
1366 2609 1535 2693 castigati
1550 2617 1584 2673 et

304 2712 370 2773 che
394 2713 527 2777 lassino
550 2717 583 2779 le
608 2717 787 2782 ricchezze
817 2719 946 2799 grandi
970 2740 1119 2801 quorum
1143 2716 1359 2782 adminiculo
1384 2716 1433 2779 ita
1457 2716 1584 2779 vitiose

303 2816 428 2882 vivunt
451 2829 487 2884 et
511 2823 576 2886 che
600 2822 635 2885 in
660 2834 787 2906 questo
812 2826 878 2890 che
894 2825 1002 2890 Cesar
1031 2826 1049 2892 ὲ
1080 2828 1150 2890 mal
1184 2833 1351 2890 contento
1376 2822 1421 2888 de
1444 2823 1494 2888 lui
1519 2825 1584 2888 che

304 2924 335 2987 ci
360 2926 456 2990 habii
480 2929 654 3010 diffidato,
678 2931 726 2994 lui
750 2953 820 2996 non
844 2932 1054 3016 prosequira
1078 2933 1137 3016 piu
1163 2935 1255 2997 oltra
1276 2942 1401 2996 contra
1424 2933 1456 2994 el
1485 2933 1584 2994 voler

304 3032 349 3096 de
372 3054 437 3096 sua
459 3035 615 3117 Maesta,
648 3049 684 3101 et
714 3042 761 3102 ha
784 3039 908 3104 scritto
939 3059 1009 3104 una
1032 3042 1161 3104 lettera
1184 3039 1316 3104 humile
1339 3049 1376 3102 et
1399 3037 1585 3102 summissa

303 3159 324 3201 a
348 3140 447 3204 detto
472 3142 581 3207 Cesar
604 3165 650 3207 ne
672 3147 709 3208 la
731 3147 815 3228 qual
837 3149 952 3228 perhb
976 3157 1079 3212 tocca
1103 3148 1136 3210 el
1160 3145 1299 3210 Nuncio
1323 3156 1360 3210 et
1383 3166 1439 3210 me
1463 3165 1583 3228 aspra·

304 3257 429 3314 mente.
477 3251 535 3313 Ad
560 3252 631 3314 tale
655 3253 821 3317 evenuto
845 3255 879 3317 el
904 3255 1034 3316 mundo
1058 3255 1124 3318 che
1141 3275 1188 3317 un
1205 3255 1340 3317 Hutten
1365 3254 1583 3335 sciagurato,

303 3356 490 3437 homicida,
515 3358 727 3439 miserabile,
751 3361 897 3441 vicioso‚
922 3363 1037 3424 scalzo
1062 3370 1098 3424 et
1121 3361 1255 3444 ignudo
1279 3360 1365 3424 volii
1388 3359 1586 3425 reformare
1680 3345 1681 3418 ι

303 3483 420 3526 rerum
450 3466 609 3530 ordinem
641 3477 677 3530 et
708 3468 743 3530 in
771 3467 899 3531 faciem
924 3463 1087 3532 Caesaris
1117 3467 1213 3531 habii
1242 3467 1359 3532 ardire
1393 3470 1438 3530 de
1462 3467 1519 3531 far
1550 3477 1586 3528 et
1680 3479 1681 3488 ’

303 3569 379 3633 dire
404 3572 466 3634 tali
489 3593 590 3646 cose;
614 3575 658 3638 ne
682 3584 826 3657 potemo
848 3583 948 3638 tanto
965 3574 1019 3638 dir
1038 3575 1115 3639 loro
1128 3594 1207 3638 cum
1219 3574 1315 3638 bello
1330 3575 1436 3638 modo
1449 3583 1586 3655 quanto

303 3677 356 3740 sia
380 3680 413 3740 la
437 3682 514 3743 loro
539 3680 733 3763 ignominia
756 3703 777 3745 a
800 3684 932 3746 tolerar
957 3683 1005 3745 tal
1030 3701 1124 3763 cosa,
1150 3683 1216 3745 che
1241 3681 1272 3744 ci
1295 3679 1428 3744 voliino
1453 3681 1521 3744 dar
1545 3679 1585 3742 ri·

303 3785 432 3864 medi0‚
456 3807 512 3849 ma
536 3798 729 3872 strengono
752 3791 787 3853 le
811 3791 924 3872 spalle
949 3799 985 3852 et
1009 3789 1137 3853 dicono
1162 3789 1228 3851 che
1251 3790 1358 3854 rebus
1381 3785 1431 3850 sic
1462 3787 1585 3851 stanti-

303 3895 371 3956 bus
394 3914 464 3957 uon
489 3894 519 3957 si
542 3898 603 3978 pol
627 3897 682 3960 sar
705 3898 925 3977 altramente‚
949 3897 1081 3979 perche
1101 3917 1171 3960 non
1194 3896 1312 3958 hanno
1337 3903 1445 3978 gente
1470 3893 1506 3958 in
1533 3914 1586 3958 or·

304 4000 401 4074 dine;
433 4011 469 4065 et
492 4004 634 4083 quando
658 4013 784 4086 questo
810 4004 906 4066 fusse
930 4003 1038 4066 credo
1063 4023 1171 4066 ancor
1195 4004 1260 4066 che
1285 4023 1356 4066 non
1385 4001 1586 4066 farebbeno

304 4106 419 4185 melio,
443 4108 575 4189 perche
595 4109 617 4171 l’
632 4110 747 4174 amico
764 4113 829 4174 che
845 4112 1008 4192 guberna
1027 4130 1097 4174 non
1114 4111 1174 4173 vol
1189 4128 1320 4191 guerre
1342 4119 1379 4174 et
1399 4128 1489 4174 sono
1507 4127 1587 4190 per·

304 4214 398 4277 suasi
422 4217 487 4278 che
511 4216 646 4279 Hutten
670 4237 735 4299 per
750 4238 799 4297 se,
823 4237 881 4280 ma
901 4216 960 4300 piu
975 4237 1041 4300 per
1058 4215 1277 4298 Sichinghen
1292 4214 1488 4288 hbiiseco
1503 4213 1588 4278 tutti
1679 4235 1680 4304 ᾗ

304 4321 329 4383 li
352 4321 462 4384 nobili
487 4323 522 4385 di
537 4323 749 4406 Alamagna,
772 4324 797 4388 li
820 4324 917 4406 quali
934 4324 1146 4388 desiderano
1162 4323 1439 4394 immutationem
1456 4342 1587 4402 rerum,
1679 4305 1680 4322 ¹

305 4437 342 4492 et
365 4445 491 4492 revera
514 4427 734 4512 Sichinghen
758 4433 855 4494 solus
878 4430 980 4494 nimis
1003 4430 1038 4494 in
1063 4429 1255 4495 Germania
1278 4437 1423 4512 regnat,
1452 4428 1586 4511 perche

304 4539 352 4600 ha
374 4536 515 4618 seguito
538 4540 682 4618 quando
706 4549 742 4602 et
765 4549 899 4621 quanto
922 4539 1015 4618 vole,
1039 4537 1148 4602 etalii
1163 4537 1342 4620 principes
1365 4544 1587 4618 torpescunt,

305 4646 329 4709 li
353 4646 482 4727 prelati
505 4655 665 4710 tremano
689 4656 726 4710 et
748 4666 788 4709 se
811 4647 954 4709 lassano
969 4645 1121 4708 devorar
1146 4663 1246 4706 come
1262 4641 1417 4724 coniglii,
1442 4641 1466 4703 li
1490 4641 1586 4724 prin·

306 4752 376 4834 cipi
400 4751 548 4816 seculari
574 4774 674 4817 como
698 4753 724 4818 li
738 4751 876 4816 Saxoni
893 4761 928 4816 et
948 4751 1100 4815 Palatini
1124 4760 1160 4814 et
1183 4749 1315 4814 Bavari
1335 4748 1367 4812 ci
1390 4765 1479 4812 sono
1503 4769 1586 4812 con-

306 4861 415 4942 trarii,
438 4862 459 4924 l’
476 4859 778 4943 elettorJoachim
802 4861 819 4928 ὁ
844 4860 937 4927 forte
962 4869 998 4924 et
1021 4856 1179 4924 animoso
1204 4875 1268 4942 per
1293 4855 1363 4939 noi,
1387 4857 1451 4920 sed
1476 4857 1588 4939 solus,
