3425 5700
756 516 1003 572 0-‹352004

243 663 407 744 exposita
426 662 530 749 ¹fuere
554 662 589 723 in
620 664 767 725 eandem
793 662 1001 725 sententiam
1031 682 1095 743 per
1126 659 1290 723 nuncium
1315 658 1351 723 S.
1376 660 1432 733 V.,
1466 662 1523 722 cui

241 770 306 831 etsi
331 770 472 831 abunde
497 791 518 831 a
542 770 645 832 nobis
669 790 880 851 responsum
902 770 956 848 sit,
974 778 1129 832 attamen
1147 789 1262 849 neque
1279 788 1357 831 cum
1373 769 1459 831 Bne
1476 769 1523 830 V.

240 884 359 939 tacere
383 878 544 939 volumus
569 888 638 938 tam
663 876 801 939 nefario
826 878 962 939 scelere
977 876 1026 939 ita
1044 876 1178 939 offendi
1193 876 1347 937 animum
1361 885 1521 937 nostrum

241 992 278 1045 ut
300 982 420 1045 verbis
444 982 478 1045 id
505 983 645 1045 minime
670 984 748 1065 capi
774 1005 792 1045 a
819 983 923 1045 nobis
947 982 1078 1064 possit,
1110 992 1146 1045 et
1170 1003 1212 1045 eo
1237 983 1350 1063 magis
1374 1004 1443 1064 quo
1468 1004 1522 1045 se·

240 1091 312 1152 rius
343 1090 534 1152 remedium
564 1100 661 1153 tanto
686 1091 849 1154 incendio
875 1090 1037 1153 adhiberi
1062 1111 1169 1172 posse
1199 1090 1350 1152 videtur.
1405 1090 1523 1170 Quum

241 1196 334 1258 enim
359 1197 476 1258 omnia
501 1196 811 1278 circumspicimus,
837 1198 931 1260 levia
956 1217 1197 1280 quaecumque
1224 1198 1388 1260 videntur
1412 1219 1523 1259 reme·

242 1304 300 1365 dia
324 1303 391 1365 nisi
416 1312 487 1365 tam
513 1307 582 1366 alte
607 1315 787 1387 repostum
812 1307 941 1368 malum
957 1305 1054 1367 ferro
1074 1314 1234 1376 curetur;
1259 1305 1355 1385 quod
1379 1305 1524 1385 quidem

240 1410 353 1491 ipsum
386 1431 489 1491 quam
522 1414 614 1473 bene
645 1412 721 1473 sine
752 1412 933 1494 presentia
965 1423 1087 1475 nostra
1117 1412 1194 1475 lieri
1233 1411 1347 1493 possit
1380 1412 1523 1473 minime

240 1516 345 1581 etiam
369 1517 539 1581 videmus.
587 1518 638 1580 Eo
662 1518 783 1600 itaque
815 1519 975 1582 uenimus
1006 1531 1044 1581 ut
1075 1519 1282 1599 cogitemuS,
1307 1519 1374 1580 nisi
1402 1539 1523 1580 coram

240 1623 453 1703 resistamus,
481 1644 548 1686 non
566 1627 675 1688 multo
699 1636 780 1707 post
805 1634 880 1688 tota
904 1647 962 1689 res
986 1626 1020 1687 in
1045 1647 1188 1706 pessum
1211 1625 1304 1687 itura
1327 1625 1391 1697 sit;
1416 1646 1524 1705 quam

241 1741 357 1793 autem
382 1730 546 1794 celeriter
569 1731 605 1793 id
630 1730 750 1794 facere
775 1732 950 1814 possimus
975 1743 1011 1795 et
1034 1733 1120 1795 satis
1144 1754 1165 1795 a
1188 1726 1291 1795 nobis
1312 1730 1525 1795 Sanctitatis

241 1836 284 1899 V.
310 1836 447 1900 Nuncio
477 1837 714 1919 significatum
745 1848 798 1901 est
826 1852 863 1902 et
892 1840 952 1900 Β110
974 1840 1018 1904 V.
1048 1859 1114 1921 pro
1145 1839 1317 1919 singulari
1348 1839 1525 1920 sapientia

241 1965 304 2006 sua
328 1943 495 2006 facillime
520 1946 725 2028 expendere
749 1946 891 2027 poterit.
948 1947 1107 2009 Plurima
1138 1945 1231 2007 enim
1255 1956 1354 2008 certa
1377 1945 1524 2028 impedi-

241 2060 358 2113 menta
383 2071 454 2113 non
479 2053 615 2116 desunt.
670 2052 750 2115 Non
782 2054 1012 2136 desperamus
1046 2063 1163 2115 tamen
1196 2053 1280 2133 quin
1308 2054 1526 2116 adveniente

241 2179 334 2221 novo
359 2179 444 2221 vere
469 2158 519 2221 ita
543 2159 661 2221 omnia
685 2160 882 2242 composita
905 2163 1100 2223 habeamus
1132 2168 1170 2223 ut
1201 2160 1378 2242 possimus
1407 2160 1525 2223 isthuc

242 2269 334 2329 bene
358 2266 404 2328 ad
429 2264 545 2328 omnia
569 2266 729 2329 instructi
755 2269 943 2344 advolare,
974 2287 1103 2348 resque
1132 2266 1162 2329 si
1193 2269 1349 2329 nondum
1380 2268 1525 2330 omnino

243 2374 422 2454 collapsae
445 2371 577 2435 fuerint
601 2374 774 2436 sustinere
803 2384 864 2435 aut
898 2375 1076 2457 collapsas
1107 2374 1246 2455 erigere
1278 2384 1313 2437 et
1343 2374 1380 2437 in
1410 2374 1526 2455 pristi-

243 2500 324 2541 num
349 2487 478 2541 statum
500 2481 698 2543 restituere.
747 2480 850 2561 Quod
875 2502 981 2543 unum
1016 2481 1170 2543 maxime
1197 2481 1233 2543 in
1267 2502 1374 2545 causa
1405 2492 1458 2544 est
1484 2494 1526 2544 ut

242 2586 420 2668 publicam
446 2607 571 2668 pacem
596 2588 833 2651 necessariam
859 2589 1001 2651 omnino
1016 2588 1228 2651 arbitremur
1245 2592 1291 2651 ob
1308 2588 1414 2671 idque
1431 2589 1526 2651 illius

244 2694 463 2758 conficienda
489 2695 620 2756 nullum
644 2715 666 2756 a
690 2694 793 2757 nobis
817 2705 957 2777 tempus
981 2705 1042 2757 aut
1058 2716 1115 2758 res
1132 2698 1204 2758 ulla
1219 2696 1524 2777 praetermittitur.

244 2800 460 2864 Confidimus
485 2801 590 2864 etiam
615 2799 688 2864 grem
712 2801 756 2864 V.
790 2822 882 2884 quae
913 2811 948 2866 et
979 2824 1042 2866 sua
1074 2802 1189 2885 pietas
1218 2812 1255 2866 et
1278 2802 1434 2866 conditio
1459 2815 1524 2882 est,

245 2909 330 2971 nihil
359 2909 497 2972 interim
529 2909 824 2990 praetermissura
855 2911 951 2991 quod
985 2911 1020 2972 in
1054 2931 1272 2974 communem
1302 2911 1526 2974 Christianae

244 3015 462 3097 reipublicae
486 3036 560 3078 rem
585 3025 620 3078 et
644 3015 854 3098 dignitatem
880 3017 1080 3079 redundare
1104 3017 1216 3099 possit
1252 3029 1287 3080 et
1315 3017 1525 3100 praesertim

244 3124 289 3185 ad
325 3121 541 3186 afferendam
577 3121 729 3204 aliquam
762 3122 841 3184 huic
876 3132 975 3184 tanto
1010 3125 1103 3184 malo
1140 3123 1359 3186 medicinam.
1418 3123 1523 3204 Quod

246 3228 386 3310 quidem
411 3229 516 3291 etiam
541 3238 578 3290 ut
603 3229 696 3292 omni
721 3249 806 3293 cura
827 3229 1015 3310 studioque
1031 3230 1151 3309 faciat,
1165 3231 1279 3312 ipsam
1295 3232 1526 3293 vehementer

244 3338 426 3399 hortamur
450 3347 555 3416 atque
580 3356 762 3418 rogamus,
794 3348 829 3399 et
860 3349 898 3399 ut
929 3337 1073 3399 uberius
1103 3359 1124 3399 a
1148 3337 1377 3418 vicegerente
1402 3348 1525 3400 nostro

245 3443 316 3507 illu.
342 3444 442 3506 Duce
474 3443 626 3505 Suessae
651 3443 852 3523 intelligere
885 3443 1032 3524 poterit;
1067 3443 1124 3506 cui
1153 3453 1220 3506 etc.
1275 3445 1356 3507 Dat.
1390 3445 1426 3506 in
1457 3444 1526 3508 civ.

246 3560 367 3612 nostra
391 3549 507 3612 Toleti
532 3549 589 3612 die
614 3549 800 3614 undecimo
830 3550 1003 3632 Augusti,
1032 3571 1126 3612 anno
1157 3550 1299 3612 Domini
1334 3550 1526 3613 MDXXV

246 3657 398 3738 Regnor
422 3677 494 3721 ecc.
1479 3671 1485 3686 ‘

683 4331 894 4434 Campegius
922 4331 1094 4413 Sadoleto.

619 4479 796 4548 (Nuntiat.
817 4478 970 4538 German.
989 4479 1064 4537 Lm
1082 4480 1147 4552 119.)

740 4605 793 4660 (19.
813 4600 928 4662 Augusti
953 4599 1039 4665 1525.)

339 4777 345 4792 .
366 4783 370 4792 .
391 4781 396 4793 .
422 4733 574 4810 Quando
598 4730 632 4794 io
660 4730 766 4813 partii
786 4732 820 4793 di
837 4733 1041 4814 Ratispona
1066 4735 1207 4796 mandai
1224 4735 1329 4799 Mess.
1346 4733 1530 4799 Giovanni

249 4837 378 4900 Cocleo
403 4858 424 4898 a
448 4840 565 4917 quelle
589 4839 682 4920 parti
708 4840 743 4901 di
767 4861 875 4921 sopra
897 4843 956 4903 del
984 4841 1115 4904 Rheno
1146 4862 1250 4906 verso
1281 4842 1468 4923 Moguntia
1496 4843 1528 4907 si
