3425 5700
631 556 880 622 oollae*

124 707 202 772 sima
224 706 332 773 Natio
355 709 511 774 invictae
535 709 749 774 Germaniae
773 713 882 776 tantis
905 712 1136 778 incommodis
1160 723 1197 776 et
1220 705 1395 778 calamita-

124 818 210 880 tibus
232 824 311 880 erat
332 826 475 880 vexata
521 817 647 899 Itaque
671 824 755 882 tunc
779 828 931 900 paterno
955 819 1084 884 affectu
1108 819 1297 902 studioque
1312 819 1396 884 moti

124 923 359 986 mandavimus
392 923 523 988 dilecto
555 922 629 986 filio
665 935 786 988 nosuo
811 926 1003 990 Laurentio
1037 926 1089 990 tit.
1124 925 1278 990 Sanctae
1302 927 1396 990 Ana-

125 1031 246 1095 stasiae
269 1029 307 1093 S.
331 1030 379 1094 R
403 1030 444 1094 E.
469 1031 592 1094 Presb.
616 1030 799 1095 Cardinali
829 1042 953 1096 nostro
977 1042 1013 1096 et
1037 1031 1141 1096 Sedis
1166 1033 1397 1116 Apostolicae

126 1139 164 1200 de
184 1137 316 1200 Latere
339 1137 498 1218 Legato,
522 1147 561 1201 ut
585 1136 672 1200 nihil
695 1159 801 1202 curae
825 1139 1030 1220 laborisque
1054 1140 1232 1202 omitteret
1255 1159 1321 1221 pro
1345 1160 1397 1202 re·

126 1244 289 1308 ducendis
312 1245 359 1307 ad
382 1265 505 1308 verum
529 1245 597 1308 Dei
622 1247 753 1310 cultum
782 1255 1012 1327 sanctamque
1036 1255 1073 1309 et
1095 1245 1268 1309 sinceram
1292 1245 1398 1309 fidem

127 1351 248 1414 Christi
270 1350 314 1413 iis
337 1350 397 1432 qui
419 1353 659 1431 aberrassent,
682 1372 725 1414 ac
742 1353 1049 1435 circumspectioni
1073 1373 1215 1435 quoque
1231 1363 1313 1416 tuae
1329 1373 1398 1416 om·

126 1479 197 1522 nem
222 1469 258 1521 et
280 1467 426 1522 nostrae
447 1458 671 1522 auctoritatis
695 1468 730 1522 et
753 1459 878 1522 auxilii
911 1459 1117 1541 consiliique
1142 1459 1194 1524 sui
1219 1479 1323 1542 opem
1349 1459 1398 1522 of·

126 1565 228 1628 ferret
256 1577 363 1645 atque
386 1575 605 1646 praestaret,
641 1567 738 1658 quod
762 1575 797 1628 et
820 1565 919 1628 illum
949 1565 1078 1630 iecisse
1101 1565 1196 1629 omni
1220 1586 1298 1628 cum
1324 1566 1398 1629 dili·

126 1671 240 1752 gentia
269 1671 408 1735 scimus.
456 1670 543 1736 Cum
566 1682 685 1735 autem
717 1691 810 1735 nunc
833 1675 881 1735 ab
906 1673 1031 1736 eodem
1055 1671 1236 1736 Cardinali
1260 1673 1398 1754 Legata

126 1789 241 1842 nostro
272 1776 553 1844 intellexerimus
576 1777 689 1843 Cir¹²tm
712 1788 808 1842 tuam
840 1789 879 1844 ut
902 1781 1035 1844 bouum
1060 1789 1095 1844 et
1116 1781 1322 1861 religiosum
1347 1801 1398 1842 sa·

126 1887 317 1964 cerdotem,
342 1886 384 1948 a'c
408 1885 673 1967 magnanimum
698 1896 734 1949 et
755 1907 919 1950 severum
944 1887 1145 1969 Principem
1170 1889 1292 1967 decet,
1317 1907 1400 1968 quo·

124 1994 268 2056 rundam
291 1991 483 2066 amicorum
507 2002 543 2054 et
567 1993 847 2057 necessariorum
874 1993 1077 2075 Principum
1102 1994 1233 2058 auxilio
1266 2014 1400 2075 speque

125 2100 307 2177 suffultam,
331 2097 526 2162 instituisse
550 2099 706 2182 experiri
730 2110 768 2162 ut
793 2101 871 2175 illa,
896 2121 1009 2182 pravo
1034 2121 1228 2183 paucorum
1252 2100 1399 2164 consilio

124 2227 143 2267 a
171 2206 242 2268 fide
272 2214 309 2268 et
332 2206 412 2268 Deo
443 2214 478 2267 et
502 2204 682 2288 Episcopo
711 2226 775 2268 suo
807 2207 930 2269 debita
964 2227 1108 2287 aversa,
1144 2207 1189 2270 ad
1223 2206 1400 2271 saniorem

125 2322 270 2376 mentem
295 2311 486 2376 reducatur
511 2311 654 2375 civitas:
688 2333 730 2375 ac
755 2313 784 2376 ai
807 2324 980 2394 paternae
1005 2313 1224 2377 hortationes
1248 2333 1319 2375 non
1342 2333 1400 2376 va-

124 2420 264 2499 luerint,
295 2420 481 2481 honestam
505 2417 556 2481 illi
579 2419 651 2481 vim
676 2417 782 2482 etiam
807 2431 842 2483 et
865 2422 992 2483 iustam
1017 2420 1206 2495 adhibere3
1239 2419 1400 2502 profecto

124 2527 240 2590 laetati
265 2546 336 2589 non
362 2546 485 2607 parum
510 2527 578 2587 hoc
603 2526 731 2588 nuncio
757 2547 885 2608 sumus,
910 2536 1076 2608 tuamque
1098 2524 1132 2589 in
1154 2547 1197 2590 eo
1214 2525 1402 2608 plurimum

123 2643 154 2696 et
175 2635 342 2696 virtutem
358 2629 601 2694 collaudamus
623 2641 657 2693 et
678 2632 918 2713 prudentiam
944 2633 1056 2696 Cirnem
1079 2643 1175 2696 tuam
1193 2633 1227 2694 in
1246 2633 1399 2695 Domino

124 2741 226 2802 enixe
247 2740 444 2818 hortantes,
468 2749 507 2799 ut
531 2758 661 2819 capere
686 2750 721 2802 et
746 2739 876 2821 exequi
900 2740 1101 2803 huiusmodi
1122 2739 1269 2802 consilia
1293 2739 1402 2820 digna

120 2857 178 2911 tuo
209 2868 345 2930 genere
377 2856 412 2909 et
434 2845 497 2909 illa
520 2865 591 2927 qua
621 2867 659 2911 es
684 2845 868 2927 praeditus
893 2846 1067 2929 dignitate
1099 2866 1169 2909 non
1194 2856 1401 2930 postponas,

121 2974 335 3037 operamque
365 2973 507 3016 omnem
538 2953 642 3032 dare,
678 2964 716 3015 ut
745 2973 838 3035 quae
869 2953 934 3016 tibi
958 2954 1165 3017 commissae
1197 2954 1334 3016 animae
1365 2954 1401 3017 in

119 3062 296 3125 interitum
331 3063 464 3124 abeunt
498 3080 619 3123 errore
652 3082 716 3123 suo
749 3062 1020 3143 sempiternum,
1056 3072 1117 3125 tua
1148 3061 1334 3144 vigilantia
1367 3072 1402 3123 et

119 3168 310 3233 severitate
343 3169 389 3229 ad
414 3169 528 3230 lucem
559 3167 736 3249 vitamque
760 3178 981 3231 revocentur.
1036 3168 1218 3231 Nollemus
1251 3168 1337 3249 vim,
1373 3167 1403 3231 si

119 3278 219 3339 aliter
245 3276 321 3340 fieri
346 3286 482 3357 posset:
515 3274 632 3337 sedai
657 3295 728 3337 non
753 3286 891 3356 potest,
924 3276 1036 3339 omnis
1059 3275 1113 3337 vis
1136 3294 1228 3357 quae
1252 3277 1402 3338 salutem

117 3384 221 3447 affert
244 3384 286 3446 iis
317 3382 446 3464 quibus
477 3380 638 3444 adhibita
663 3391 734 3459 est,
771 3382 866 3445 omni
891 3392 944 3445 est
967 3382 1190 3464 indulgentia
1218 3392 1254 3445 et
1283 3382 1401 3445 remis·

118 3492 216 3555 sione
241 3489 407 3569 sanctior,
432 3491 661 3570 quamobrem
685 3507 752 3551 nos
775 3488 917 3571 quidem
942 3499 982 3552 ut
1004 3508 1134 3569 magno
1157 3489 1273 3551 animo
1298 3488 1401 3551 adid

116 3619 205 3680 opus
230 3596 436 3680 ingrediare
469 3595 534 3657 tibi
559 3604 723 3657 auctores
746 3615 883 3675 sumus,
920 3616 962 3657 ac
986 3603 1025 3658 ut
1048 3616 1171 3658 omnes
1194 3595 1270 3658 vias
1295 3614 1400 3676 expe·

116 3705 207 3767 riare
241 3724 334 3785 quae
367 3703 538 3784 prodesse
564 3701 717 3782 possint,
752 3702 981 3765 humanitatis
1014 3702 1156 3783 quidem
1181 3700 1331 3783 primum
1358 3710 1401 3765 et

114 3809 416 3890 mansuetudinis,
449 3828 493 3871 ac
524 3808 554 3869 si
578 3808 659 3870 illae
683 3827 754 3871 non
779 3808 1015 3889 profecerint,
1052 3808 1158 3871 etiam
1189 3809 1401 3889 severitatis,

114 3919 262 3999 quando
295 3929 484 3997 utrumque
519 3915 662 3979 omnino
699 3924 753 3977 est
781 3914 946 3979 charitas.
993 3916 1048 3979 Ac
1082 3936 1146 3977 nos
1180 3915 1322 3996 quidem
1355 3918 1400 3978 ad

114 4025 279 4088 diversos
303 4024 491 4105 Principes
515 4020 729 4085 Germaniae
754 4022 887 4084 amicos
912 4032 990 4084 tuos
1015 4030 1051 4085 et
1074 4022 1296 4086 necessarios
1320 4022 1401 4085 scri-

112 4132 247 4214 bimus,
283 4134 471 4194 hortantes
502 4149 566 4193 eos
600 4139 636 4191 et
664 4136 946 4209 commonentes,
982 4138 1020 4192 ut
1053 4128 1118 4191 tibi
1142 4130 1269 4191 adesse
1300 4127 1401 4193 firmo

113 4240 249 4302 auxilio
275 4256 569 4317 communemque
585 4256 728 4298 causam
752 4235 844 4298 tueri
865 4244 980 4299 tecum
998 4236 1123 4298 velint:
1150 4256 1318 4317 suamque
1334 4236 1401 4300 vir-

112 4356 222 4411 tutem
256 4354 296 4408 et
325 4366 429 4427 opem
454 4342 689 4424 omnipotenti
714 4342 783 4404 Dei
814 4351 850 4403 et
874 4340 978 4405 saluti
1002 4342 1141 4422 patriae
1166 4362 1251 4405 suae
1281 4342 1316 4406 in
1341 4344 1403 4405 illa

112 4454 363 4519 exscindenda
386 4452 572 4513 lutherana
596 4460 698 4532 peste
722 4448 817 4511 ferre
846 4469 889 4511 ac
913 4456 1093 4529 prestare:
1125 4450 1221 4529 quod
1245 4448 1402 4512 facturos

111 4572 209 4626 certo
235 4560 433 4632 credimus;
468 4558 588 4640 agitur
610 4558 703 4618 enim
728 4554 924 4617 nobilitatis
949 4563 985 4617 et
1008 4555 1197 4636 potestatis
1222 4564 1257 4618 et
1280 4555 1403 4618 salutis

111 4669 272 4733 omnium
298 4665 503 4747 Principum
527 4684 635 4727 causa
659 4661 870 4741 communis,
907 4682 998 4743 quae
1023 4660 1129 4723 etiam
1164 4682 1243 4724 cum
1266 4664 1402 4739 honore

110 4786 144 4839 et
174 4795 295 4840 causa
316 4773 442 4836 summi
465 4772 535 4835 Dei
559 4770 748 4833 coniuncta
771 4778 843 4832 est:
876 4788 964 4850 quos
989 4768 1093 4831 etiam
1123 4788 1332 4851 cuperemus
1356 4770 1401 4830 ad

113 4883 226 4951 simile
251 4881 385 4945 foedus
409 4898 549 4961 omues,
582 4900 623 4941 ac
657 4878 692 4941 in
718 4874 978 4957 Ratisponensi
1001 4882 1179 4939 conventu
1202 4875 1294 4939 inter
1323 4874 1403 4939 illos

1186 4979 1236 5033 27*
