3425 5700
909 961 984 1026 216.

477 1078 636 1158 clemens
664 1077 742 1158 VII.
771 1077 996 1158 Ferdinando
1025 1075 1219 1156 Archiduoi
1247 1075 1423 1154 lustriae.

437 1227 530 1296 (viem
548 1226 595 1283 Vl.
614 1226 701 1300 Epist.
722 1225 759 1284 ad
776 1226 914 1298 principer
932 1240 983 1298 per
1004 1224 1168 1283 bedolitum
1186 1225 1309 1296 scriptae
1328 1222 1373 1281 loL
1392 1223 1458 1292 154.)

828 1344 880 1412 (29.
902 1347 966 1394 Maii
991 1356 1019 1408 15
1043 1353 1076 1407 5.)

398 1488 537 1550 Dilecte
560 1487 611 1549 fili
642 1499 707 1549 etc.
755 1487 873 1549 Lectis
904 1487 1029 1550 litteris
1061 1488 1146 1566 tuis,
1183 1508 1273 1568 quae
1307 1489 1351 1548 de
1384 1485 1590 1548 tumultibus

312 1594 517 1677 agrestium,
543 1606 578 1656 et
602 1605 734 1674 quanto
760 1595 793 1655 in
820 1595 979 1676 periculo
995 1595 1170 1656 Nobilitas
1195 1604 1254 1656 tua
1272 1605 1473 1656 versaretur
1490 1592 1590 1653 nobis

308 1702 536 1782 nunciabant,
562 1723 646 1763 sane
664 1722 730 1782 pro
748 1723 801 1782 eo,
827 1702 917 1764 sicut
939 1702 1132 1780 debuimus,
1157 1703 1322 1765 commoti
1339 1702 1485 1769 fuimus;
1512 1722 1589 1762 nam

309 1819 346 1871 et
370 1808 553 1889 dignitatis
578 1817 684 1889 atque
709 1809 930 1871 auctoritatis
956 1821 1037 1870 tuae
1063 1811 1288 1871 conservatio
1313 1819 1348 1871 et
1370 1811 1464 1871 salus
1485 1807 1589 1870 totius

310 1914 544 1979 Germanicae
565 1915 738 1994 NationiS,
764 1937 867 1996 quam
893 1918 1138 1996 prolabentem
1165 1926 1200 1978 et
1224 1920 1269 1978 ad
1295 1915 1472 1977 interitum
1498 1914 1588 1976 incli-

310 2033 430 2085 natam
446 2032 645 2085 sustentare
670 2025 785 2103 quoad
803 2043 989 2103 possumus
1014 2044 1131 2085 sumus
1153 2023 1281 2104 cupidi,
1308 2043 1471 2104 magnam
1490 2021 1589 2083 nobis

310 2150 431 2192 curam
462 2130 675 2208 iniecerunt,
712 2142 749 2190 ut
781 2130 861 2191 'libi
893 2151 962 2192 non
995 2133 1199 2194 deessemus
1232 2141 1353 2193 nostra
1385 2151 1453 2211 ope
1486 2141 1588 2211 atque

311 2236 455 2317 auxili0,
479 2245 587 2317 atque
612 2236 647 2298 in
670 2238 834 2299 maximis
860 2239 988 2299 nostris
1014 2249 1049 2299 et
1069 2237 1170 2300 Sedis
1188 2238 1419 2318 Apostolicae
1445 2236 1587 2298 difficul-

313 2343 455 2425 tatibus,
480 2364 568 2424 quas
593 2343 657 2405 tibi
682 2364 760 2406 esse
784 2343 984 2406 notissimas
1009 2343 1151 2424 scimuS,
1178 2343 1310 2425 aliquid
1335 2355 1451 2405 tamen
1478 2364 1588 2406 corra-

312 2453 485 2531 deremuS,
509 2471 579 2532 quo
603 2460 640 2511 tu
665 2451 795 2513 amoris
819 2450 930 2512 nostri
955 2461 990 2513 et
1015 2451 1120 2513 studii
1146 2452 1190 2512 de
1215 2460 1276 2513 tua
1301 2452 1413 2513 salute
1437 2449 1587 2512 testimo·

312 2559 407 2621 nium
437 2558 572 2621 habere
604 2560 772 2640 locuplex
801 2578 937 2639 posses,
985 2559 1023 2619 ln
1064 2577 1133 2638 quo
1165 2557 1229 2619 tibi
1260 2557 1418 2620 subsidio
1451 2557 1588 2638 conqui⁴

312 2668 424 2728 rendo
447 2666 632 2746 praeclara
656 2667 821 2727 voluntas
836 2665 927 2726 Ven.
953 2665 1101 2726 fratrum
1117 2674 1315 2726 nostrorum
1336 2665 1371 2725 S.
1390 2665 1436 2726 R.
1456 2665 1494 2726 E.
1512 2665 1579 2726 Car

313 2772 482 2835 dinalium
507 2771 634 2853 extitit,
658 2792 807 2853 quorum
828 2792 1009 2834 assensum
1028 2771 1160 2853 aliquot
1183 2791 1227 2832 ex
1249 2771 1393 2853 reliquis
1411 2770 1592 2832 ordinibus

313 2880 511 2960 consecuti,
548 2900 717 2942 summam
750 2882 927 2960 quandam
952 2879 1125 2961 pecuniae
1155 2880 1220 2941 sub
1244 2880 1314 2941 tide
1339 2890 1462 2940 nostra
1486 2879 1590 2940 liben-

314 2987 409 3050 tibus
434 2987 559 3050 animis
583 2986 809 3049 contribuere
832 2985 982 3067 polliciti
1007 2996 1097 3065 sunt,
1123 3007 1237 3067 neque
1255 2987 1347 3049 enim
1363 2985 1466 3047 aliter
1490 3006 1591 3066 quam

314 3116 360 3157 ex
384 3095 518 3157 tributo
543 3103 579 3157 et
602 3104 722 3156 mutuo
738 3092 865 3155 confici
886 3114 943 3155 res
961 3094 1090 3174 potuit;
1110 3114 1152 3155 eo
1171 3096 1361 3157 deventum
1379 3104 1433 3155 est
1447 3106 1594 3175 propter

315 3201 535 3264 calamitates
563 3200 783 3281 superiorum
816 3212 1031 3281 temporum,
1058 3213 1095 3262 ut
1124 3200 1240 3262 Sedes
1272 3201 1478 3281 Apostolica
1504 3222 1593 3281 quae

313 3317 395 3369 ante
419 3307 599 3388 oppressis
623 3308 751 3369 iniuste
773 3308 999 3387 Principibus
1024 3308 1219 3369 liberaliter
1243 3308 1488 3385 subveniebat,
1512 3307 1590 3369 alie-

317 3436 396 3476 nam
421 3435 512 3476 nunc
537 3414 615 3495 ipsa
639 3434 743 3496 opem
768 3423 803 3477 et
828 3414 1077 3476 liberalitatem
1104 3424 1296 3495 expectare
1322 3427 1480 3496 cogatur.
1529 3414 1593 3474 lta-

318 3543 386 3603 que
418 3522 597 3603 descripta
628 3532 707 3584 sunt
735 3522 903 3584 continuo
939 3522 1017 3583 XX
1056 3522 1151 3583 milia
1191 3542 1378 3583 aureorum
1410 3543 1500 3602 quae
1530 3520 1594 3581 tibi

319 3629 397 3691 istic
421 3631 593 3692 solvenda
607 3629 851 3691 mandavimus
869 3629 924 3690 hic
941 3640 1067 3710 postea
1084 3628 1222 3691 Romae
1239 3649 1305 3710 per
1320 3650 1385 3691 nos
1402 3628 1595 3703 reddenda,

317 3735 594 3816 conabimurque
619 3737 752 3818 aliquid
785 3738 935 3819 amplius
966 3737 1071 3798 etiam
1101 3736 1229 3798 deinde
1260 3756 1387 3816 parare
1419 3735 1447 3797 si
1477 3746 1595 3797 tamon

317 3847 471 3926 probare
497 3852 532 3906 et
560 3846 750 3906 ostendere
781 3844 1000 3925 potuerimus
1032 3844 1084 3905 his
1116 3842 1175 3924 qui
1204 3843 1429 3905 contribuunt
1461 3864 1527 3905 non
1561 3842 1596 3903 in

317 3972 382 4013 nos
406 3952 501 4013 solos
526 3959 637 4012 totum
662 3971 750 4012 onus
781 3950 951 4013 reiectum
989 3971 1086 4030 esse,
1123 3953 1185 4011 sed
1218 3962 1251 4011 et
1278 3950 1405 4011 Νοὶ)10111
1433 3962 1525 4013 tuam
1563 3960 1599 4009 et

317 4067 480 4121 coeteros
504 4056 717 4120 Germaniae
741 4057 927 4140 Principes
951 4078 1017 4138 pro
1042 4078 1104 4119 sua
1137 4059 1248 4119 salute
1281 4068 1316 4119 et
1340 4058 1511 4139 dignitate
1544 4076 1598 4118 re-

317 4167 462 4228 tinenda
490 4185 603 4245 aeque
627 4185 669 4227 ac
694 4186 758 4227 nos
783 4173 818 4226 et
841 4166 1006 4227 laborare
1031 4174 1066 4227 et
1090 4164 1261 4227 conferre.
1311 4165 1400 4226 Nam
1425 4164 1516 4245 quod
1542 4183 1598 4225 or-

318 4263 391 4333 dini
415 4272 657 4334 ecclesiastico
682 4272 718 4334 in
742 4271 818 4333 istis
850 4271 1057 4351 regionibus
1089 4272 1303 4352 periclitanti
1336 4254 1600 4347 subveniamus,

317 4379 502 4441 videamur
537 4378 686 4440 forsitan
721 4398 795 4441 rem
833 4378 1058 4461 profligatam
1100 4378 1268 4449 curaturi;
1306 4379 1466 4441 audimus
1502 4378 1602 4438 enim

317 4486 448 4567 passim
465 4485 582 4547 omnia
597 4488 820 4548 sacerdotum
837 4486 924 4565 iura,
949 4487 1144 4564 commoda,
1170 4496 1387 4565 ornamenta,
1412 4485 1603 4567 impiorum

317 4592 435 4673 potius
459 4591 608 4653 avaritia
632 4612 737 4673 quam
761 4593 852 4655 iusto
874 4593 967 4673 odio,
986 4594 1142 4673 praedae
1167 4602 1202 4655 et
1227 4592 1417 4675 direptioni
1435 4591 1604 4675 exposita

317 4698 438 4779 fuisse,
463 4699 498 4761 in
524 4719 593 4780 quo
617 4698 785 4761 mittimus
810 4698 972 4762 iniuriam
997 4698 1126 4761 factam
1157 4699 1390 4780 omnipotenti
1415 4698 1508 4777 De0‚
1541 4697 1604 4758 cui

318 4827 397 4870 cum
421 4808 466 4869 ab
491 4805 626 4888 ignaris
651 4806 756 4868 etiam
786 4807 869 4869 dum
899 4827 1007 4869 verae
1038 4804 1120 4866 fidei
1154 4805 1321 4887 gentibus
1351 4805 1381 4867 is
1413 4806 1605 4879 coleretur,

319 4923 395 4976 erat
419 4923 535 4977 tamen
561 4911 666 4975 tertia
688 4912 764 4975 fere
788 4933 872 4994 pars
897 4912 1114 4974 terrestrium
1139 4932 1244 4993 opum
1270 4914 1304 4975 in
1332 4913 1426 4994 agris
1455 4923 1487 4975 et
1514 4930 1606 4991 pos-
