3425 5700
635 535 864 595 eculeo*

120 708 178 749 non
207 690 326 749 buone
357 707 450 750 nove
482 686 518 749 di
550 683 708 769 Spagna.
765 688 973 751 Tuttavolta
1006 689 1038 751 el
1063 686 1200 751 Nuncio
1235 698 1271 753 et
1302 688 1336 752 io
1367 690 1391 752 li

120 796 277 877 parlamo.
324 794 430 859 Disse
447 796 513 856 che
530 794 577 876 po
602 813 734 877 pranso
760 797 913 857 sarebbe
938 815 1045 876 sopra
1070 804 1207 875 questu,
1233 806 1268 859 et
1291 817 1391 878 repe-

120 901 242 964 tendoli
266 902 300 965 io
324 901 349 964 li
373 900 552 964 desordini
577 903 643 964 che
669 901 714 963 da
738 901 798 964 doi
822 901 910 964 mesi
933 901 969 963 in
994 901 1062 983 qu‘a
1087 923 1195 965 erano
1226 902 1392 966 cresciuti

121 1029 173 1089 per
192 1016 318 1090 queste
334 1018 432 1071 tante
457 1010 628 1089 consulte,
654 1008 748 1071 disse
773 1009 838 1071 che
864 1009 1022 1071 darebbe
1048 1008 1172 1072 ordine
1197 1017 1233 1072 et
1257 1011 1322 1072 che
1342 1009 1391 1072 fa·
1436 1058 1440 1065 .

121 1118 219 1178 rebbe
251 1118 284 1177 el
315 1134 379 1177 suo
406 1114 586 1197 possibile.
634 1115 690 1178 Ne
716 1115 763 1179 mi
787 1135 893 1197 parse
917 1115 1005 1197 perd
1030 1115 1065 1178 in
1091 1126 1217 1198 questo
1242 1118 1317 1179 cosi
1340 1138 1390 1179 ar·

120 1222 182 1286 dito
205 1242 306 1285 come
330 1242 395 1303 per
419 1221 557 1295 avanti;
590 1223 781 1285 tuttavolta
806 1223 902 1303 apud
926 1242 1049 1285 omnes
1073 1222 1109 1284 in
1134 1222 1300 1286 confesso
1328 1234 1391 1305 est,

121 1330 175 1391 che
205 1328 254 1392 lui
285 1330 304 1392 ὲ
337 1328 643 1392 desiderosissimo
678 1329 713 1391 di
753 1329 965 1412 extinguere
1003 1340 1128 1411 questa
1161 1350 1264 1411 cosa,
1297 1331 1392 1413 quod

119 1438 232 1518 credo,
265 1458 323 1500 ma
356 1437 380 1498 li
413 1435 490 1499 suoi
514 1458 535 1498 a
559 1436 616 1499 chi
647 1436 696 1499 lui
726 1436 755 1499 si
787 1434 860 1498 fida
887 1456 958 1499 non
983 1456 1022 1499 so
1048 1456 1113 1519 per
1137 1438 1202 1500 che
1226 1458 1334 1501 causa
1358 1438 1392 1500 la

120 1545 314 1624 producano
338 1554 449 1624 tant0‚
474 1566 511 1607 se
537 1565 608 1607 non
633 1544 764 1628 perche
789 1544 835 1606 mi
860 1564 947 1625 pare
967 1544 1138 1607 habbiino
1155 1544 1215 1626 pin
1232 1554 1391 1627 respetto

119 1652 170 1713 alli
191 1652 358 1715 huomeni
382 1653 448 1713 che
472 1672 494 1714 a
517 1650 603 1732 Dio,
635 1663 670 1713 et
694 1672 760 1714 con
786 1660 912 1732 questa
937 1651 1093 1713 desditta
1117 1651 1202 1714 delli
1226 1651 1390 1715 ecclesia-

120 1758 186 1820 stici
209 1758 265 1821 far
289 1758 421 1841 meglio
444 1758 469 1820 il
494 1758 583 1821 fatto
608 1779 672 1821 suo
696 1759 881 1840 temporal.
937 1776 938 1779 ’

198 1865 270 1928 Alli
288 1864 334 1927 Di
358 1864 492 1949 passati
518 1885 677 1928 venneto
702 1885 819 1927 nuove
843 1886 865 1927 a
882 1864 1013 1928 Cesare
1038 1866 1103 1928 che
1129 1867 1186 1928 nel
1202 1886 1265 1927 suo
1282 1886 1391 1947 paese

120 1974 168 2035 del
190 1975 343 2036 contado
367 1974 412 2035 de
429 1975 566 2055 Artoys
591 1982 627 2034 et
650 1973 671 2034 l'
688 1974 777 2035 isola
802 1972 836 2033 in
855 1973 883 2034 F
887 1971 1025 2035 landria
1049 1993 1137 2035 sono
1162 1974 1245 2035 stati
1269 1974 1391 2035 desco-

119 2080 199 2158 perti
224 2092 261 2142 et
284 2081 380 2162 presi
405 2080 503 2142 molti
526 2079 675 2142 heretici
700 2081 766 2142 che
782 2088 912 2142 teneno
927 2079 952 2141 il
967 2100 1053 2141 uero
1070 2100 1180 2161 corpo
1198 2080 1233 2141 di
1252 2079 1391 2143 Christo

119 2206 179 2248 non
209 2208 308 2250 esser
331 2188 367 2249 in
393 2184 625 2249 Sacramento
650 2187 789 2267 altaris,
821 2189 884 2250 sed
916 2196 1051 2250 tantum
1076 2186 1111 2249 in
1136 2188 1277 2270 signum
1303 2187 1392 2269 fieri,

119 2295 264 2357 secundo
290 2295 309 2356 l’
329 2294 497 2375 opinione
522 2295 558 2357 di
574 2293 733 2357 Vichleff
754 2305 790 2356 et
814 2294 849 2356 di
874 2293 1095 2376 Berengario
1121 2296 1202 2376 qual
1226 2296 1392 2377 quodam·

116 2404 211 2464 modo
237 2402 392 2464 Martino
416 2422 483 2485 par
506 2404 572 2464 che
596 2402 761 2484 approbi‚
793 2401 953 2463 involute
982 2412 1110 2480 tamen,
1134 2400 1168 2463 in
1194 2412 1320 2483 questa
1344 2403 1391 2463 ul-

117 2508 192 2570 tima
215 2530 327 2592 opera
351 2510 435 2590 qual
458 2510 588 2572 mando
613 2530 679 2591 per
702 2518 828 2590 questo
853 2508 1009 2571 corrieri.
1042 2509 1187 2571 Ancora
1211 2511 1244 2571 el
1269 2509 1391 2572 castel-

116 2617 189 2678 lano
219 2617 256 2678 di
287 2637 359 2679 una
389 2615 544 2679 fortezza
577 2616 613 2678 di
636 2616 849 2697 Monsignor
878 2614 913 2677 di
939 2615 1108 2679 Chievres
1133 2617 1183 2698 (ut
1207 2615 1284 2697 ipse
1309 2616 1394 2679 mihi

117 2720 242 2807 retulit)
266 2724 284 2784 ὲ
309 2720 385 2785 cosi
407 2723 598 2806 impaccito
622 2724 716 2786 nelle
733 2742 816 2785 cose
833 2722 869 2784 di
886 2722 1022 2785 Luther
1037 2724 1115 2784 chel
1131 2722 1234 2785 facea
1249 2722 1393 2804 publica

117 2827 334 2906 professione
359 2839 395 2892 et
418 2831 507 2913 perd
531 2832 550 2894 ὲ
574 2838 667 2894 stato
693 2830 874 2894 detenuto.

196 2938 236 3000 In
255 2939 480 3021 Antuverpia
503 2959 542 3001 se
566 2939 751 3020 imprimea
766 2939 901 3002 Luther
924 2939 959 3001 in
984 2939 1180 3020 hispanic0,
1206 2941 1314 3003 credo
1329 2961 1394 3022 per

116 3043 333 3107 solicitudine
358 3045 394 3107 di
417 3045 558 3108 Marani
581 3047 646 3108 che
671 3066 758 3109 sono
783 3046 817 3107 in
844 3045 1009 3125 Fiandra‚
1037 3055 1072 3107 et
1097 3067 1134 3108 se
1160 3046 1275 3109 devea
1300 3067 1391 3109 man·

117 3149 175 3211 dar
195 3152 230 3214 in
257 3151 432 3235 hispania,
457 3152 588 3215 Cesare
613 3153 646 3215 ci
669 3154 716 3215 ha
740 3154 838 3215 detto
863 3154 1009 3216 haverci
1033 3152 1240 3216 remediat0.

197 3261 230 3320 A
262 3257 370 3322 Gand
404 3279 442 3321 se
473 3262 619 3342 predica
650 3280 715 3341 per
746 3260 770 3322 li
794 3261 988 3323 Eremitani
1012 3261 1155 3342 publice
1179 3261 1214 3322 la
1238 3261 1394 3324 dottrina

117 3363 147 3423 di
170 3364 303 3429 Luther
327 3385 428 3430 come
453 3366 488 3428 di
512 3388 577 3430 san
601 3368 713 3430 Paulo
737 3367 808 3430 imo
833 3367 869 3429 di
894 3367 1044 3432 Christo.

195 3473 436 3536 Traiectensis
457 3473 750 3537 Monasteriensis
775 3483 809 3536 et
838 3475 996 3556 reliquae
1021 3475 1185 3537 dioceses
1216 3474 1393 3538 inferioris

118 3575 326 3644 Germaniae
343 3589 434 3643 tutte
451 3601 540 3644 sono
564 3581 707 3664 putride
732 3582 768 3643 di
792 3591 918 3664 questo
943 3585 1078 3663 morb0‚
1104 3592 1139 3644 et
1155 3581 1265 3645 Cesar
1286 3603 1332 3645 ne
1347 3585 1395 3645 ha

116 3685 243 3749 adviso.

195 3793 235 3856 In
268 3794 454 3857 hollandia
484 3795 513 3857 si
536 3793 683 3877 predica
706 3794 850 3876 publice
875 3798 909 3858 la
934 3796 1089 3859 dottrina
1112 3797 1148 3858 di
1173 3797 1316 3861 Luther.
1363 3797 1392 3859 Il

29 3924 30 3983 3
117 3907 198 3962 tutto
229 3901 314 3965 vien
340 3901 387 3964 da
410 3901 558 3966 Erasmo
582 3902 800 3982 hollandin0,
825 3913 861 3965 et
884 3903 1000 3985 questi
1024 3903 1059 3965 di
1084 3903 1193 3966 Cesar
1217 3905 1297 3966 tutti
1322 3906 1392 3966 ben

116 4005 147 4066 lo
172 4027 375 4072 conoscono
388 4059 397 4090 ‚
430 4018 467 4072 et
497 4009 599 4091 quasi
630 4019 754 4092 aperte
778 4011 812 4073 lo
837 4010 1062 4074 confessario.
1110 4011 1150 4073 Li
1175 4007 1310 4075 Saxoni
1333 4011 1392 4092 qui

29 4132 30 4209 ]
117 4109 146 4174 in
161 4113 267 4180 Dieta
288 4116 423 4199 passim
438 4115 630 4198 publicano
648 4136 746 4180 esser
761 4116 911 4180 viridico
927 4117 1081 4182 Martino
1099 4119 1230 4199 perche
1245 4118 1393 4180 Erasmo

29 4280 30 4319 ἢ
117 4229 190 4284 tene
222 4225 270 4287 da
298 4225 360 4288 lui.
406 4224 449 4286 El
472 4232 606 4306 nepote
637 4225 695 4286 del
719 4225 831 4304 Duce,
856 4226 889 4287 el
913 4226 996 4307 qual
1020 4226 1138 4288 debbe
1163 4227 1336 4306 desposar
1359 4229 1394 4288 la

29 4360 30 4409 3
117 4333 238 4394 sorella
263 4331 299 4394 di
323 4332 445 4410 Cesar,
470 4333 488 4394 ὲ
512 4332 573 4413 pin
596 4331 724 4394 infetto
749 4331 783 4393 in
809 4341 934 4413 questo
959 4334 1025 4395 che
1048 4333 1072 4394 il
1098 4331 1198 4396 Thio.

197 4437 239 4500 El
263 4439 368 4501 Duca
391 4437 551 4520 Georgio
580 4439 664 4501 olim
695 4447 787 4501 tutto
820 4449 943 4502 nostro
967 4441 1013 4502 ha
1037 4440 1126 4503 fatto
1151 4441 1195 4502 de
1220 4441 1311 4502 male
1336 4441 1392 4502 de·

29 4574 30 4577 ¹
117 4545 329 4609 mostrationi
355 4555 391 4607 et
416 4545 572 4627 exempli
595 4545 655 4626 qui
679 4545 715 4608 in
739 4545 847 4608 Dieta
871 4554 995 4608 contra
1017 4547 1087 4626 noi,
1112 4557 1148 4610 et
1171 4567 1303 4611 ancora
1327 4549 1393 4609 che

117 4649 187 4727 pari
209 4655 255 4715 ad
289 4653 407 4716 alcuni
430 4655 497 4715 che
521 4655 555 4715 lo
579 4652 650 4715 faci
673 4656 718 4716 ad
743 4663 830 4734 arte,
856 4654 1009 4716 dandoci
1033 4665 1158 4718 contra
1182 4654 1217 4717 in
1242 4656 1393 4736 qualche

119 4769 210 4833 parte
240 4781 307 4842 per
338 4773 444 4842 poter
477 4763 608 4842 meglio
633 4760 782 4823 favorici
807 4760 843 4822 in
868 4762 902 4823 lo
928 4763 994 4824 che
1017 4761 1079 4842 piu
1102 4761 1272 4844 importat:
1300 4761 1392 4825 Non-

119 4861 250 4931 dimeno
275 4871 369 4933 male
393 4870 412 4932 ὲ
435 4869 492 4932 far
516 4869 634 4932 danno
660 4869 705 4931 da
729 4867 910 4950 Principio
935 4889 1002 4954 per
1025 4870 1204 4933 remediar
1231 4869 1303 4954 poi.
1351 4869 1394 4933 El
