3425 5700
651 589 898 646 &astu-0

145 739 172 800 in
195 739 269 800 suoi
293 738 445 800 sermoni
470 739 539 802 mai
564 739 706 800 nomina
723 738 857 800 Luther
881 739 924 800 ne
948 739 1051 819 parla
1077 737 1113 799 di
1129 737 1189 817 lui,
1213 746 1304 798 tutta
1318 737 1417 797 volta

146 845 279 908 intendo
305 848 371 908 che
397 856 490 908 sotto
514 867 593 908 man
621 847 761 907 concita
786 847 895 907 molta
918 844 1069 908 sedition
1097 865 1162 926 per
1186 865 1284 907 esser
1308 843 1356 905 lui
1381 842 1416 905 in

145 963 261 1033 questa
293 955 425 1033 lengua
458 953 670 1036 fiammenga
705 953 959 1015 facundissimo
993 955 1115 1024 hom0;
1151 952 1188 1013 di
1208 956 1315 1013 'sorte
1352 951 1416 1012 che

146 1060 315 1122 Antversa
339 1061 357 1122 ὁ
382 1062 552 1141 alquanto
587 1072 787 1136 recascata,
820 1060 975 1121 maxime
998 1079 1063 1141 per
1088 1061 1119 1121 el
1143 1059 1247 1121 favor
1271 1057 1307 1118 di
1330 1078 1416 1119 mer-

147 1163 269 1227 catanti
294 1165 370 1228 Alti
394 1167 560 1229 Alemani
590 1176 625 1228 et
654 1166 770 1228 alcuni
794 1166 946 1235 marani;
983 1167 1102 1227 donde
1126 1185 1213 1227 sono
1244 1171 1337 1226 stato
1362 1183 1417 1224 co-

146 1281 262 1334 stretto
286 1293 342 1334 me
366 1272 493 1336 retirar
524 1273 583 1353 qui
608 1274 653 1335 ad
679 1273 887 1351 Caesarem,
921 1293 987 1353 per
1011 1272 1068 1335 far
1090 1273 1156 1334 che
1180 1271 1209 1333 si
1233 1279 1342 1332 metta
1365 1289 1416 1330 or-

147 1378 229 1458 dine,
253 1399 353 1442 come
377 1379 436 1460 gia
461 1381 489 1440 si
515 1381 533 1444 ὲ
559 1380 785 1454 cominciat0;
815 1379 876 1461 poi
900 1381 1035 1441 andarh
1060 1401 1080 1441 a
1105 1381 1203 1441 detta
1228 1379 1418 1440 Antwersa

147 1495 178 1548 et
199 1507 301 1567 spero
326 1488 392 1549 che
418 1489 502 1568 ogni
528 1507 613 1550 cosa
637 1486 772 1550 andara
796 1490 900 1549 bene.
947 1485 1001 1548 Ne
1030 1508 1067 1549 se
1090 1484 1286 1566 meravegli
1310 1484 1354 1548 V.
1380 1482 1418 1546 S.

147 1593 231 1654 ana
261 1594 305 1656 de
330 1595 480 1674 qualche
512 1615 625 1676 pocca
656 1596 700 1656 de
725 1594 884 1656 recidiva
916 1594 951 1655 di
976 1596 1118 1656 Anvers
1147 1594 1213 1655 che
1242 1612 1312 1653 non
1338 1589 1417 1652 sarh

148 1699 272 1773 niente;
297 1701 377 1762 anci
400 1711 493 1762 tutto
518 1703 552 1764 el
568 1702 699 1763 mundo
725 1701 754 1763 si
771 1701 990 1782 meraveglia
1015 1702 1081 1762 che
1096 1721 1118 1762 a
1134 1708 1234 1761 tanto
1251 1697 1417 1761 incendio

148 1807 186 1868 de
208 1815 295 1869 tutto
321 1807 342 1868 'l
370 1807 499 1870 mundo
525 1806 598 1870 cosi
622 1817 744 1889 presto
769 1807 811 1869 sii
836 1817 928 1869 stata
951 1805 1043 1869 fatta
1066 1815 1165 1868 tanta
1189 1805 1418 1884 extinctione,

147 1913 177 1973 la
205 1916 284 1994 qual
318 1914 398 1976 sera
432 1917 639 1977 totalmente
673 1913 853 1995 perfecta,
891 1916 1033 1995 quando
1057 1913 1166 1976 Cesar
1200 1912 1290 1975 hara
1319 1911 1417 1973 facto

149 2019 307 2102 bruggiar
331 2041 402 2082 una
426 2041 544 2084 mezza
569 2023 721 2083 dozzena
746 2021 781 2082 di
797 2021 991 2083 Lutherani
1016 2030 1051 2082 et
1076 2021 1099 2082 li
1120 2020 1205 2081 beni
1225 2017 1416 2081 confiscati.

150 2127 189 2188 At
210 2131 271 2189 che
295 2149 335 2190 se
359 2148 430 2190 non
455 2149 493 2190 se
519 2147 728 2209 corregon0,
754 2137 852 2191 certo
877 2127 1084 2190 siorzeromi
1105 2127 1274 2209 impetrar
1297 2127 1363 2187 che
1380 2145 1418 2187 se

149 2235 293 2311 proceda
327 2254 392 2296 con
428 2237 463 2296 lo
487 2235 609 2297 adiuto
642 2235 676 2296 dl
702 2234 771 2296 Dio
804 2247 840 2299 et
864 2238 959 2298 buon
984 2237 1086 2297 voler
1116 2235 1151 2296 di
1184 2244 1310 2316 questo
1333 2253 1418 2296 vere

150 2339 426 2404 christianissimo
452 2341 632 2422 principe,
664 2343 698 2403 al
722 2345 826 2422 quale
849 2343 896 2404 ho
920 2342 1010 2404 fatto
1034 2344 1068 2404 le
1092 2338 1419 2403 raccomandationi

150 2447 181 2507 di
196 2447 233 2512 V.
252 2447 286 2513 S.
302 2449 400 2512 Rma
424 2451 489 2512 che
513 2470 578 2530 per
601 2469 664 2511 sue
689 2451 817 2512 lettere
841 2469 896 2511 me
920 2449 1139 2510 commanda.
1181 2447 1288 2510 Cuius
1303 2467 1416 2509 sacra-

150 2553 288 2619 tissimas
313 2576 438 2618 manus
462 2557 654 2620 humillime
676 2558 827 2620 osculor.
875 2555 1055 2617 Bruxellis
1071 2555 1105 2616 ΙΙ
1120 2552 1219 2635 Sept.
1235 2553 1417 2616 MDXXI.

677 2771 883 2782 mmmm-avum

743 3020 816 3083 121.

194 3134 396 3215 willalmus
422 3136 536 3237 Epist.
566 3136 787 3237 argentinus
814 3136 948 3216 Erardo
977 3136 1137 3237 episeopo
1164 3136 1357 3217 leodiensi

587 3285 670 3352 (Auta
688 3282 823 3342 wormac.
841 3283 887 3341 fol
905 3285 972 3351 184.)

628 3403 664 3469 (5.
685 3404 818 3467 Septemb.
842 3402 928 3471 1521.)

231 3526 319 3590 Rev.
346 3528 381 3589 in
407 3528 548 3591 Christo
572 3528 665 3609 patri
692 3527 833 3590 domino
858 3528 995 3590 Erardo
1022 3526 1201 3611 Episcopo
1230 3527 1420 3591 Leodiensi

150 3630 223 3693 duci
247 3634 279 3696 in
302 3634 432 3698 Bulion
457 3644 492 3697 et
516 3634 634 3698 comiti
659 3637 704 3697 de
728 3636 919 3717 Arnburg,
952 3637 1094 3698 domino
1128 3649 1163 3698 et
1193 3636 1307 3698 amico
1339 3656 1418 3696 meo

149 3738 354 3803 charissimo
404 3744 462 3804 Ad
488 3762 611 3805 manus
635 3742 809 3824 proprias.

230 3848 443 3911 Reverende
468 3849 504 3911 in
529 3849 670 3911 Christo
695 3860 798 3931 pater
824 3849 964 3912 domine
989 3860 1024 3912 et
1049 3850 1160 3913 amice
1184 3849 1355 3932 precipue
1380 3857 1416 3909 et

39 3946 41 3977 ²
150 3949 338 4032 singularis.

230 4060 401 4151 Hortatur
430 4082 484 4125 me
516 4062 686 4126 mirabilis
716 4063 939 4126 familiaritas
970 4085 1040 4145 qua
1074 4065 1270 4146 paternitas
1301 4072 1419 4125 vestra

151 4166 226 4228 mihi
250 4169 419 4248 preterito
444 4169 617 4251 imperiali
642 4181 819 4233 conventu
844 4170 1050 4233 Wormacie
1083 4171 1329 4233 humanissime
1360 4171 1418 4231 ad·

41 4292 42 4363 J
150 4273 282 4335 modum
305 4286 520 4338 conversata
545 4287 614 4355 est,
647 4285 764 4339 vestre
789 4278 999 4340 humanitati
1022 4278 1120 4339 hisce
1149 4278 1289 4358 scriptis
1315 4278 1417 4338 docu-

42 4442 43 4459 ξ
151 4390 294 4443 mentum
318 4392 481 4463 prestare
507 4404 629 4445 eorum
653 4404 771 4446 rerum
797 4404 852 4445 me
877 4383 1017 4446 minime
1042 4384 1189 4446 oblitum
1214 4385 1278 4445 sed
1301 4383 1420 4465 potius

150 4502 189 4547 ex
212 4506 254 4549 eo
281 4490 323 4551 ad
348 4489 527 4552 interioris
552 4489 704 4553 cuiusvis
722 4489 874 4552 amicitie
891 4489 1008 4552 officia
1025 4493 1154 4552 nedum
1176 4492 1419 4571 provocadum

151 4600 257 4655 utrum
283 4593 394 4658 indies
419 4596 669 4678 procliviorem
692 4597 866 4678 vobisque
891 4598 936 4658 ad
960 4606 1079 4659 vestra
1094 4606 1178 4659 vota
1202 4596 1278 4658 fieri
1302 4596 1419 4659 addic-

45 4729 50 4798 ς
150 4696 280 4781 tiorem,
309 4723 442 4765 summe
467 4702 703 4765 desiderando
728 4724 844 4765 rerum
866 4714 1064 4766 vestrarum
1089 4724 1289 4765 successum
1314 4724 1419 4784 quem

46 4819 52 4888 f
151 4805 242 4868 vobis
273 4826 484 4889 prosperum
509 4818 659 4891 exopto,
689 4808 844 4873 vicissim
875 4811 1044 4873 ediscere.
1093 4810 1281 4873 Emanavit
1309 4812 1418 4891 paulo

151 4920 222 4975 ante
245 4913 384 4977 libellus
410 4916 546 4979 incerto
571 4926 694 4979 autore
718 4915 754 4978 in
778 4917 891 4981 lucem
925 4918 1041 4981 editus
1065 4938 1169 5003 quem
1192 4917 1420 5001 presentibus
