3425 5700
850 515 909 578 0-43
947 522 1001 578 238
1038 519 1096 574 [ro

333 667 559 747 expellendo
579 675 695 731 tamen
731 667 900 740 consulit;
935 668 1069 730 Luther
1096 685 1183 728 vero
1207 663 1314 727 etiam
1337 666 1382 726 ad
1408 685 1471 726 eos
1493 663 1596 728 interi·
1679 692 1680 699 ¹

332 774 480 836 mendos
503 773 701 858 principum
726 775 862 837 animos
878 774 1079 837 inflammat.
1126 771 1194 835 Noi
1222 773 1266 834 de
1282 792 1352 853 qua
1367 770 1504 835 faremo
1520 782 1597 835 tutto

332 881 365 943 el
389 880 504 942 sforzo
530 883 595 946 che
621 881 731 944 Cesar
755 903 799 943 ne
824 881 1026 946 advertisca
1050 890 1086 942 et
1100 879 1229 961 preghi
1253 881 1352 942 detto
1377 899 1416 942 re
1440 900 1505 943 suo
1529 901 1597 962 cog·

332 996 415 1050 nato
445 989 489 1050 ad
521 1010 591 1051 non
623 992 723 1052 voler
746 989 860 1052 intrar
882 991 954 1051 tale
979 987 1047 1068 via,
1072 997 1108 1049 et
1130 987 1325 1049 finilmente
1348 988 1383 1049 al
1406 1007 1445 1049 re
1469 988 1514 1050 de
1537 987 1595 1050 Un-

331 1095 432 1176 garia
464 1097 529 1158 che
560 1097 608 1160 dii
638 1097 683 1159 de
706 1117 811 1160 mano
837 1092 914 1180 (sic)
946 1117 968 1158 a
992 1096 1090 1156 detto
1115 1094 1249 1156 Luther
1272 1093 1308 1156 in
1332 1095 1398 1157 che
1422 1115 1468 1157 ne
1491 1096 1597 1157 hanno

330 1223 513 1284 promesso
543 1203 599 1266 far
622 1207 718 1267 bono
742 1202 861 1267 officio
886 1204 1004 1285 quello
1029 1199 1214 1283 Stephano
1234 1192 1312 1265 ‘che
1336 1200 1373 1263 lu
1397 1203 1488 1264 altre
1512 1203 1597 1265 volte

330 1310 567 1373 ambasciator
597 1332 619 1373 a
642 1311 761 1374 Roma
786 1321 821 1374 et
845 1312 977 1391 Balbo,
1012 1309 1036 1371 li
1067 1308 1163 1390 quali
1193 1329 1302 1372 erano
1331 1308 1391 1370 alli
1416 1309 1451 1370 di
1476 1308 1597 1390 passati

330 1416 389 1497 qui
413 1437 478 1498 per
503 1420 536 1480 el
559 1439 622 1480 suo
645 1420 703 1482 Re
729 1430 763 1484 et
787 1420 908 1488 fecero
932 1422 1052 1482 buona
1077 1438 1189 1500 opera
1211 1426 1337 1480 contra
1360 1418 1443 1498 quel
1459 1417 1597 1495 ribaldo,

329 1524 459 1603 perche
484 1526 517 1586 10
541 1524 720 1588 invitorno
745 1547 766 1588 a
790 1546 923 1608 pranso
948 1536 983 1588 et
1007 1525 1207 1589 l'haveano
1231 1535 1373 1587 trovato
1396 1524 1546 1604 indott0‚
1568 1534 1598 1586 et

330 1631 363 1692 lo
389 1634 606 1694 exhortorno
631 1653 652 1694 a
677 1633 814 1695 redursi
838 1654 859 1695 a
884 1635 918 1696 la
941 1635 1038 1696 bona
1060 1632 1129 1712 via,
1154 1651 1224 1695 non
1246 1633 1440 1693 solamente
1457 1651 1598 1713 pregan-

329 1737 412 1800 dolo
436 1759 493 1800 ma
516 1759 647 1802 ancora
683 1739 986 1804 demonstrandoli
1010 1739 1296 1802 evidentemente
1332 1737 1431 1800 molti
1462 1739 1508 1800 de
1531 1737 1599 1800 suoi

329 1845 450 1925 errori,
475 1847 507 1908 al
533 1848 598 1909 che
621 1849 776 1911 volendo
803 1849 938 1910 Luther
963 1848 1161 1930 responder
1176 1845 1206 1909 si
1219 1848 1323 1928 porto
1340 1844 1369 1907 si
1385 1845 1477 1907 male
1494 1845 1598 1928 (como

329 1950 457 2014 dicono
482 1953 506 2016 11
530 1956 671 2035 astanti)
695 1955 761 2018 che
785 1957 809 2018 11
834 1954 1084 2019 ambasciatori
1106 1953 1241 2017 dissero
1264 1951 1325 2033 poi
1349 1973 1371 2014 a
1395 1952 1505 2016 Cesar
1528 1962 1599 2014 eta

328 2067 420 2121 tutta
443 2065 568 2141 questa
592 2071 700 2136 corte,
726 2064 791 2124 che
806 2064 826 2124 l’
841 2065 1006 2125 haveano
1022 2071 1163 2124 trovato
1188 2070 1224 2123 et
1248 2059 1386 2122 indotto
1412 2069 1448 2122 et
1470 2057 1598 2141 paccio.

328 2166 498 2229 Predetto
526 2189 658 2231 messer
683 2165 870 2250 Stephano
903 2169 1141 2232 ambasciator
1166 2166 1340 2247 Hungaro
1371 2188 1437 2249 per
1461 2170 1537 2229 zelo
1558 2165 1598 2227 de

327 2283 430 2336 santa
464 2273 547 2337 fede
582 2277 629 2338 ha
653 2276 785 2338 donato
810 2275 1003 2357 cinquanta
1028 2274 1148 2338 ducati
1171 2275 1260 2337 doro
1284 2275 1417 2336 aduno
1433 2274 1599 2355 impresor

327 2402 349 2442 a
372 2380 514 2444 Vienna
538 2381 725 2445 acciocche
750 2381 971 2463 imprimesse
996 2385 1029 2445 el
1053 2382 1144 2445 libro
1169 2382 1214 2444 de
1238 2380 1330 2443 frate
1354 2379 1546 2444 Ambrosio
1568 2391 1600 2442 et

327 2490 362 2549 10
387 2487 635 2552 disseminasse
658 2509 724 2570 per
748 2498 849 2570 tutto,
874 2491 1065 2553 tuttavolta
1089 2510 1159 2551 non
1186 2491 1347 2570 besogna
1362 2497 1529 2570 expettar
1551 2507 1598 2550 so·

326 2596 397 2657 lum
421 2595 576 2658 l'adiuto
602 2597 647 2659 de
671 2595 790 2669 amici;
823 2616 880 2659 ma
909 2617 1019 2660 ancor
1050 2598 1094 2660 de
1123 2617 1162 2659 se
1186 2596 1379 2659 medesinri.
1427 2596 1467 2657 Io
1490 2597 1600 2657 havea

326 2704 395 2764 ben
421 2701 597 2764 advertito
622 2705 688 2766 che
714 2724 784 2766 non
810 2725 848 2766 se
873 2706 1025 2767 lassasse
1050 2723 1176 2785 passar
1199 2706 1327 2766 alcuna
1350 2723 1436 2765 cosa
1449 2703 1485 2764 in
1503 2702 1601 2764 favor

325 2810 371 2872 de
395 2810 514 2892 quello
538 2809 593 2873 fra
616 2811 771 2873 Martino
796 2811 944 2890 Putzer,
978 2812 1011 2874 el
1042 2813 1124 2893 qual
1158 2811 1176 2873 0
1209 2830 1279 2873 uno
1311 2812 1417 2874 horno
1441 2812 1512 2873 ehe
1535 2809 1600 2872 Dio

325 2918 410 2981 volii
445 2920 510 2981 che
548 2940 619 2982 non
643 2919 735 2981 10001
770 2918 881 3000 pegio
906 2921 971 2981 che
996 2919 1147 2982 Luther:
1172 2918 1246 2981 scio
1270 2922 1340 2982 ben
1365 2920 1431 2980 che
1456 2918 1476 2980 l'
1503 2917 1521 2978 ὲ
1544 2916 1599 2998 pil

326 3027 425 3088 dotto
450 3036 486 3089 et
509 3026 544 3087 in
569 3026 663 3089 mani
690 3028 733 3088 de
760 3027 794 3087 la
818 3027 938 3088 banda
961 3024 1158 3099 haeretica;
1188 3047 1245 3088 ma
1269 3046 1339 3088 non
1364 3025 1410 3088 mi
1434 3028 1482 3087 ha
1505 3025 1599 3085 valso

326 3133 358 3195 el
383 3132 517 3195 scriver
550 3134 682 3214 perche
713 3134 759 3195 ha
789 3132 990 3213 impetrado
1020 3153 1090 3195 una
1121 3132 1343 3196 commission
1375 3133 1409 3194 al
1433 3131 1599 3213 episcopo

326 3236 494 3321 Spirense
519 3260 584 3320 per
603 3239 695 3302 farlo
719 3239 773 3302 far
797 3247 973 3321 apostata,
998 3248 1034 3301 et
1050 3240 1157 3301 credo
1182 3240 1247 3301 che
1271 3248 1393 3321 presto
1410 3237 1491 3301 sara
1513 3238 1599 3300 fatto

325 3345 456 3427 perche
481 3344 633 3410 Giovedl
658 3366 745 3409 sono
771 3346 830 3409 alli
855 3345 1012 3419 termini;
1044 3344 1104 3428 poi
1135 3347 1181 3408 ha
1215 3345 1332 3408 animo
1362 3354 1398 3408 et
1421 3365 1600 3427 promesse

325 3454 382 3515 del
417 3474 513 3517 esser
545 3456 756 3536 cappellano
788 3454 847 3515 del
872 3452 984 3516 Conte
1008 3452 1188 3533 Palatino,
1220 3454 1253 3515 el
1284 3453 1366 3533 qual
1397 3472 1467 3514 non
1501 3450 1600 3533 egil

324 3562 419 3623 bono
449 3581 552 3623 verso
585 3558 654 3623 noi.
703 3557 764 3622 Sel
796 3580 833 3622 se
867 3569 1010 3641 potesse
1044 3558 1166 3621 allicer
1197 3569 1322 3640 questo
1347 3556 1488 3623 ribaldo
1511 3560 1601 3624 frate

325 3678 454 3732 avante
479 3669 557 3731 chel
582 3670 743 3729 buttasse
775 3668 928 3747 qualche
953 3684 1092 3728 veneno
1117 3685 1187 3728 non
1212 3667 1365 3728 sarebbe
1389 3665 1477 3729 forsi
1500 3669 1600 3730 male.

324 3777 368 3841 V.
394 3774 430 3839 S.
455 3776 531 3837 ΚΜ
569 3795 606 3836 se
639 3774 749 3855 degni
779 3774 891 3835 darmi
915 3773 1040 3836 adviso
1065 3773 1109 3835 de
1134 3773 1284 3853 qualche
1307 3772 1450 3854 partido
1475 3794 1541 3855 per
1563 3773 1600 3835 ti-

324 3884 417 3946 rarlo
449 3902 471 3943 a
494 3880 623 3945 Roma.
671 3881 754 3943 Una
788 3899 895 3942 causa
925 3880 1173 3961 ratisponense
1195 3889 1252 3943 tra
1274 3878 1299 3942 li
1322 3879 1485 3944 cittadini
1508 3890 1545 3944 et
1567 3882 1602 3942 lo

324 3988 494 4071 episcopo
518 3988 660 4052 fratello
686 3989 745 4051 del
769 3986 882 4050 Conte
906 3987 1086 4066 Palatin0,
1110 4006 1177 4068 per
1199 3988 1235 4049 la
1257 3988 1340 4068 qual
1364 3986 1513 4051 intendo
1537 3990 1602 4050 che

323 4097 345 4159 ’l
371 4097 469 4158 detto
495 4095 606 4158 Conte
632 4096 649 4158 ὲ
675 4097 784 4157 molto
810 4093 990 4156 inimicato
1014 4095 1085 4156 alla
1109 4093 1215 4156 Corte
1247 4093 1283 4155 di
1306 4094 1427 4156 Roma
1451 4094 1545 4158 etin
1569 4096 1603 4156 le

324 4222 407 4265 cose
432 4212 552 4265 nostre
585 4202 779 4275 contrario;
812 4203 925 4283 perhd
960 4205 1122 4283 besogna
1146 4200 1291 4289 andarci
1321 4221 1368 4263 un
1391 4222 1486 4284 poco
1509 4202 1602 4285 pede

322 4312 490 4392 plumbeo
515 4310 634 4373 avanti
658 4311 724 4371 che
748 4330 786 4372 se
811 4308 860 4371 dii
884 4308 1061 4371 sententia
1083 4307 1200 4371 finche
1217 4307 1382 4371 habiamo
1398 4310 1483 4372 dato
1508 4310 1600 4391 qual·

323 4419 388 4480 che
413 4415 535 4479 ordine
560 4418 628 4480 alle
654 4437 737 4480 cose
761 4418 806 4479 de
831 4416 975 4496 Luther‚
999 4414 1060 4497 poi
1076 4414 1203 4477 farassi
1219 4416 1339 4496 quello
1363 4417 1430 4479 che
1454 4418 1511 4480 vol
1533 4416 1599 4478 ius·

323 4525 424 4597 ticia;
454 4524 523 4586 mal
557 4524 575 4587 ὲ
609 4524 786 4605 displacer
817 4524 888 4585 allo
921 4522 1091 4605 episcopo
1116 4542 1181 4604 per
1203 4522 1228 4583 li
1251 4521 1384 4586 fratelli
1408 4534 1445 4587 et
1468 4522 1599 4605 peggio

323 4633 357 4694 al
384 4641 552 4713 presente
574 4632 706 4713 perder
730 4632 764 4693 la
787 4629 958 4693 devotion
983 4630 1028 4693 de
1052 4632 1171 4711 quella
1195 4628 1290 4710 cittii,
1314 4630 1350 4691 la
1373 4631 1479 4711 quale
1502 4637 1598 4690 certo

323 4759 361 4800 se
394 4736 555 4802 offerisce
586 4741 696 4801 molto
727 4748 763 4801 et
790 4739 837 4800 ha
866 4736 958 4801 fatto
982 4739 1078 4800 bono
1103 4735 1221 4800 officio
1247 4746 1283 4799 et
1306 4736 1342 4799 al
1363 4746 1529 4818 presente
1552 4752 1600 4795 ne

323 4846 473 4907 havemo
499 4846 544 4909 de
568 4847 730 4938 besogno
756 4846 802 4912 de
826 4854 952 4927 queste
967 4842 1069 4920 citta3
1094 4853 1211 4911 tamen
1227 4841 1290 4909 fiat
1312 4842 1367 4909 ius
1390 4844 1455 4912 sed
1478 4858 1600 4909 verum
