3425 5700
904 843 957 908 33.

609 950 1005 1031 vicecancellarius
1033 950 1250 1031 lieenclrc.

693 1080 835 1151 (liudihi-
854 1080 980 1139 German.
999 1079 1031 1139 Β.
1049 1079 1169 1141 99-32.)

501 1184 551 1243 (Ex
569 1182 707 1231 Florentia
728 1193 753 1242 3.
774 1182 871 1232 Martii.
891 1208 926 1218 ·-
946 1184 1076 1233 Wormnt.
1101 1194 1139 1230 Η.
1160 1183 1250 1231 llnrtii
1273 1178 1359 1249 1521.)

450 1308 669 1371 Reverende
693 1306 801 1369 Pater
825 1303 951 1368 Amice
975 1316 1097 1368 noster
1120 1305 1323 1388 praecipue.

376 1432 540 1495 Hevemo
570 1439 739 1495 recevuto
769 1439 912 1512 quattro
937 1432 1064 1493 lettere
1088 1439 1225 1511 vostre,
1251 1433 1320 1493 due
1346 1430 1390 1492 de
1415 1429 1513 1491 VIII.
1538 1431 1570 1490 la

288 1549 385 1601 terra
409 1538 444 1601 di
469 1539 552 1601 XII.
578 1548 614 1601 et
637 1539 658 1600 l’
673 1540 764 1601 altra
788 1538 823 1599 di
849 1536 941 1599 XIII
966 1538 1023 1599 del
1049 1558 1160 1618 mese,
1193 1558 1258 1620 per
1282 1538 1315 1599 le
1339 1537 1435 1618 quali
1460 1536 1491 1597 ci
1515 1556 1571 1598 av·

288 1644 402 1708 visate
426 1667 448 1708 a
477 1645 584 1727 pieno
616 1647 650 1709 le
683 1645 850 1727 publiche
883 1654 919 1708 et
951 1644 1157 1728 particulari
1188 1654 1308 1707 vostre
1343 1642 1571 1712 tribulationi.

288 1752 384 1833 quali
408 1762 576 1815 mostrate
600 1762 783 1816 sustenere
808 1762 844 1815 et
867 1752 1039 1815 ributtere
1064 1773 1129 1815 con
1155 1772 1290 1814 summa
1313 1749 1506 1833 pacientia,
1538 1762 1574 1811 et

288 1858 442 1922 fortezza
472 1870 508 1921 et
541 1858 658 1922 ammo
691 1861 755 1923 che
788 1869 881 1921 tutto
912 1879 981 1922 non
1014 1880 1140 1922 manco
1165 1881 1186 1922 a
1210 1860 1298 1940 Dio,
1323 1861 1358 1921 la
1382 1877 1490 1920 causa
1515 1858 1573 1918 del

289 1968 393 2048 quale
426 1966 625 2045 difendete,
660 1968 725 2029 che
756 1988 778 2029 a
800 1966 933 2029 Nostro
959 1964 1112 2047 Signore
1144 1978 1178 2028 et
1209 1967 1280 2029 alla
1312 1964 1512 2026 universale
1538 1974 1574 2027 et

289 2085 411 2136 sancta
440 2073 560 2136 chiesa
584 2073 602 2135 ὲ
627 2072 848 2154 gratissimo,
882 2083 918 2136 et
949 2094 970 2135 a
1001 2072 1060 2135 voi
1093 2074 1137 2134 de
1170 2072 1368 2135 immortale
1402 2074 1506 2134 laude
1539 2084 1575 2131 et

289 2180 418 2262 gloria;
443 2189 534 2242 tutte
558 2181 592 2242 le
617 2200 726 2261 opere
749 2179 883 2243 fatiche
909 2190 945 2243 et
968 2179 1118 2261 periculi
1141 2180 1251 2243 vostri
1277 2200 1347 2242 non
1372 2179 1400 2241 si
1417 2199 1574 2261 possono

288 2289 464 2370 spendore
497 2288 540 2350 ne
563 2289 731 2350 tollerare
763 2288 824 2369 piiu
847 2288 1173 2367 honorevolmente,
1199 2288 1242 2350 ne
1267 2286 1443 2368 maggiori
1467 2286 1575 2347 fructi

289 2404 324 2456 et
348 2394 474 2477 premii
490 2414 610 2476 ponno
636 2405 829 2475 expectare
854 2404 891 2456 et
913 2404 1005 2456 tutto
1030 2394 1059 2457 si
1083 2404 1169 2457 nota
1193 2404 1228 2455 et
1252 2394 1366 2456 scrive
1391 2393 1486 2455 nella
1505 2414 1572 2455 me

288 2502 400 2565 moria
431 2502 467 2564 di
490 2502 621 2564 Nostro
646 2500 800 2581 Signore
834 2510 869 2565 et
896 2502 945 2564 dil
971 2522 1072 2564 sacro
1098 2501 1287 2583 colleggio
1336 2501 1387 2562 La
1411 2499 1575 2562 oratione

288 2620 410 2672 vostra
432 2608 528 2671 facta
552 2628 671 2670 coram
688 2607 842 2671 Caesare
868 2618 904 2671 et
927 2608 1153 2689 Principibus
1177 2610 1212 2670 In
1237 2607 1343 2687 dieta,
1373 2607 1519 2669 sicondo
1547 2609 1575 2670 si

289 2719 359 2797 pud
385 2715 641 2797 comprendere
665 2735 730 2797 per
754 2717 789 2777 le
814 2717 1013 2778 excellente
1039 2715 1199 2778 doctrina
1224 2724 1344 2777 vostra
1368 2724 1404 2777 et
1419 2716 1534 2776 anche
1552 2714 1576 2776 il

289 2822 564 2886 Prothonotario
598 2821 782 2904 referisce,
808 2822 825 2885 ἐ
860 2833 938 2886 suta
963 2844 1047 2886 cose
1080 2824 1224 2886 laudata
1257 2832 1292 2885 et
1323 2824 1356 2886 al
1390 2821 1578 2904 proposito

288 2934 380 2993 bene
395 2931 677 3003 accommodata;
703 2941 738 2991 et
754 2932 885 3012 perche
911 2932 953 2993 nc
979 2929 1014 2993 di
1040 2931 1122 2994 fede
1147 2932 1190 2993 ne
1216 2930 1250 2992 di
1277 2928 1504 2993 suffittientia
1532 2931 1576 2992 ne

289 3037 324 3100 di
356 3037 542 3120 diligentia
571 3050 605 3100 et
637 3036 747 3099 faties
774 3037 808 3099 in
834 3047 960 3118 questa
984 3059 1092 3100 causa
1117 3039 1268 3101 essendo
1294 3041 1380 3100 costi
1407 3037 1464 3098 voi
1490 3047 1526 3098 et
1553 3038 1575 3099 il

289 3143 575 3222 Prothonotari0‚
600 3143 630 3204 ci
655 3163 743 3226 pare
767 3143 796 3206 si
820 3163 930 3224 possa
954 3145 1159 3208 desiderare
1184 3144 1255 3227 piu,
1281 3141 1355 3207 Sua
1375 3143 1513 3207 Sancite
1542 3145 1577 3205 vi

289 3253 441 3313 exhorta
474 3259 509 3312 et
541 3250 677 3332 stringe
711 3261 843 3333 quanto
875 3251 947 3332 pud
972 3273 992 3314 a
1018 3252 1197 3333 seguitere
1221 3252 1421 3314 virilmente
1447 3253 1489 3314 nd
1515 3254 1577 3314 ‹lu-

290 3357 403 3420 bitare
435 3367 529 3419 sotto
560 3357 585 3420 il
618 3368 717 3420 scuto
750 3357 785 3418 di
810 3357 879 3420 Dio
905 3368 940 3420 et
964 3359 999 3421 di
1024 3359 1194 3438 Caesare,
1229 3359 1307 3422 anci
1331 3380 1450 3422 essere
1475 3371 1577 3422 certo

289 3465 385 3526 della
407 3463 557 3528 victoria
580 3473 616 3526 et
638 3463 829 3527 ricordarsi
854 3467 919 3527 che
944 3465 1038 3529 mille
1064 3468 1160 3528 volte
1186 3468 1220 3528 la
1243 3467 1363 3528 chiesa
1388 3467 1424 3527 di
1441 3466 1508 3527 llio
1529 3467 1578 3528 ha

289 3571 403 3652 patito
436 3571 539 3633 simili
570 3571 837 3652 persequutioni
870 3583 906 3635 et
937 3591 1077 3653 sempre
1110 3593 1175 3654 per
1200 3573 1320 3636 divina
1344 3573 1578 3636 clementiae

289 3680 476 3760 prevaluta
500 3698 570 3741 non
594 3679 774 3760 possendo
800 3698 921 3742 errare
945 3681 980 3742 la
996 3679 1111 3742 verita
1128 3681 1348 3762 evangelica,
1374 3681 1478 3762 quale
1496 3679 1579 3742 dice

290 3805 354 3847 nec
380 3785 511 3848 Portae
533 3785 638 3848 inferi
662 3788 922 3867 praevalebunt
946 3787 1118 3850 adversus
1142 3807 1231 3850 eam.
1268 3787 1383 3850 Resta
1407 3788 1483 3850 solo
1509 3790 1579 3850 che

290 3892 348 3954 voi
381 3893 624 3974 perseveriate
658 3893 1060 3960 constantissimamente
1094 3895 1328 3976 supplicando
1363 3899 1398 3956 et
1432 3915 1577 3975 persua-

290 4001 409 4062 dendo
434 4022 455 4062 a
478 4002 596 4082 quella
620 3999 760 4064 Maesta
784 4012 819 4063 et
843 4022 865 4063 a
888 4002 969 4064 tutti
994 4002 1102 4083 quelli
1130 4000 1293 4065 catholici
1318 4000 1463 4080 Signori
1490 4003 1576 4064 elet-

290 4107 358 4170 tori
383 4116 419 4169 et
442 4106 522 4170 altri
546 4107 684 4189 grandi,
710 4109 862 4171 maxIme
887 4109 1030 4188 CeverS‚
1057 4109 1220 4172 Palentia
1244 4121 1280 4172 et
1299 4110 1464 4171 Tudense
1490 4119 1525 4170 et
1553 4111 1579 4172 il

291 4215 509 4279 Reverendo
543 4215 749 4280 confessore
781 4217 816 4278 di
847 4217 922 4279 Sua
952 4215 1091 4280 Maest'a
1124 4219 1190 4279 che
1223 4217 1369 4298 voglino
1403 4215 1577 4279 animosa-

291 4334 408 4385 mente
440 4343 539 4384 come
570 4325 690 4385 hanno
713 4323 997 4386 incomminciato
1023 4323 1217 4386 defendere
1242 4327 1276 4387 la
1299 4343 1407 4386 causa
1432 4324 1580 4404 publica

291 4428 326 4490 di
352 4429 491 4491 Christo
523 4439 559 4491 et
587 4431 682 4492 della
706 4428 788 4493 fede
813 4441 848 4492 et
872 4431 992 4494 chiesa
1016 4431 1190 4494 catholica
1215 4440 1251 4493 et
1275 4431 1496 4512 persuaderli
1520 4451 1577 4492 so-

290 4556 356 4617 pra
385 4545 477 4597 tutto
506 4537 570 4597 che
595 4536 710 4616 questi
734 4537 861 4618 perfidi
885 4537 1031 4601 heretici
1057 4558 1127 4600 non
1153 4539 1229 4600 solo
1255 4557 1405 4600 cercano
1430 4537 1577 4599 ruinare

290 4644 326 4705 la
349 4641 540 4705 Germania
565 4645 623 4706 nel
647 4643 831 4725 spirituale
855 4665 912 4706 ma
936 4647 1049 4707 anche
1074 4646 1169 4706 nello
1195 4643 1348 4724 Imperio
1374 4653 1409 4706 et
1439 4653 1576 4725 tempo·

291 4749 394 4811 ralita
417 4759 511 4813 sotto
536 4759 696 4831 pretesto
721 4751 766 4812 de
790 4751 906 4814 uscire
931 4752 965 4813 di
991 4751 1121 4814 servitu
1148 4760 1183 4812 et
1208 4770 1273 4812 con
1300 4760 1425 4831 questo
1454 4751 1577 4813 colore

290 4856 367 4919 fare
392 4856 513 4919 levare
537 4857 547 4917 i
572 4857 696 4939 populi
720 4858 815 4919 dalla
839 4857 1044 4921 obedientia
1068 4857 1256 4941 Imperiale
1281 4870 1316 4919 et
1341 4859 1384 4919 de
1409 4859 1485 4920 loro
1515 4879 1575 4921 na·
