3425 5700
647 595 894 668 tollito-³

223 749 336 839 Quum
367 752 610 821 sanctissimus
632 757 669 821 in
694 756 834 821 Christo
868 760 976 821 Pater
1007 740 1042 821 et
1075 746 1248 822 Dominus
1280 742 1411 821 Nostei

148 864 183 928 D.
196 864 263 928 leo
283 864 405 928 divina
428 864 654 947 providentia
669 866 771 948 Papa
785 866 943 944 decimus
958 884 1023 947 per
1039 866 1231 948 specialem
1244 864 1411 929 nuncium

150 983 178 1035 et
197 981 370 1036 oratorem
395 992 460 1049 nos
483 972 659 1035 monuerit
684 983 719 1035 et
743 972 944 1054 requisierit
960 982 1135 1053 quatenus
1156 972 1259 1035 vobis
1283 983 1319 1035 et
1343 973 1411 1035 cui·

149 1079 221 1142 libet
231 1089 387 1143 vestrum
400 1079 678 1161 publicationem
692 1081 913 1163 quarundam
926 1079 1121 1143 litterarum
1138 1080 1412 1161 apostolicarum

149 1186 340 1268 apraefato
366 1184 460 1249 SS¹¹¹⁰
491 1187 574 1250 Dno
606 1197 729 1250 nostro
762 1188 864 1269 Papa
897 1186 1037 1249 Romae
1068 1186 1163 1269 apud
1197 1184 1233 1250 S.
1267 1188 1413 1250 Petrum

148 1314 226 1356 anno
249 1293 508 1358 Incarnationis
532 1294 742 1357 Dominicae
770 1293 960 1387 Millesimo
998 1293 1282 1376 quingentesimo
1315 1292 1411 1375 vige·

148 1398 231 1475 simo,
248 1400 540 1482 decimoseptimo
558 1400 737 1464 Calendas
752 1400 836 1481 Julii
852 1399 1084 1463 Pontificatus
1105 1400 1158 1463 sui
1174 1421 1267 1464 anno
1284 1412 1412 1464 octavo

149 1517 385 1587 emanatarum,
411 1527 597 1571 erroneam
622 1507 760 1590 piarum
786 1507 955 1571 mentium
979 1518 1015 1570 et
1036 1507 1245 1589 simplicium
1263 1508 1410 1572 seducti-

148 1631 216 1676 vam
245 1624 280 1676 et
311 1614 558 1678 damnatarum
595 1616 783 1678 haeresum
822 1618 965 1697 plenam
996 1614 1193 1678 doctrinam
1233 1614 1414 1678 cuiusdam

147 1718 251 1783 fratris
274 1711 419 1812 Martini
445 1722 580 1785 Luther
605 1720 740 1784 ordinis
770 1720 920 1784 fratrum
955 1720 1206 1784 heremitarum
1231 1720 1268 1785 S.
1292 1722 1411 1802 Augu-

149 1826 217 1889 stini
233 1814 523 1917 concernentium
540 1827 855 1901 committeremus:
873 1827 947 1890 Nos
963 1826 1148 1910 cupientes
1164 1849 1210 1891 ex
1226 1829 1415 1911 pastoralis

149 1933 244 1997 officii
268 1936 380 1999 nostri
405 1936 528 1999 debito
552 1936 774 1999 adsalutem
807 1936 1028 1998 subditorum
1057 1944 1276 2016 nostrorum,
1309 1934 1414 1999 fidem

149 2060 290 2124 quoque,
327 2042 513 2125 unionem,
544 2064 671 2127 pacem
711 2053 746 2106 et
778 2043 1070 2125 tranquillitatem
1103 2042 1257 2107 Sanctae
1289 2042 1415 2107 Matris

148 2146 316 2213 Ecclesiae
340 2161 495 2214 mentem
519 2141 675 2213 nostram
701 2150 857 2228 dirigere
882 2159 918 2213 et
939 2150 1156 2233 apostolicis,
1180 2159 1219 2213 ut
1243 2160 1415 2231 tenemur,

148 2275 263 2335 parere
286 2258 479 2331 mandatis;
503 2257 637 2321 idcirco
655 2258 758 2321 vobis
782 2257 945 2321 omnibus
970 2268 1005 2321 et
1029 2258 1177 2340 singulis
1202 2259 1416 2340 supradictis

149 2371 180 2424 et
199 2373 350 2427 vestrum
375 2364 521 2428 cuilibet
544 2364 580 2428 in
613 2365 763 2427 solidum
798 2362 1046 2428 committimus
1078 2373 1183 2448 atque
1216 2365 1251 2427 in
1285 2366 1416 2427 virtute

148 2480 281 2533 sanctae
305 2461 533 2534 obedientiae
558 2474 624 2535 sub
649 2471 807 2535 censuris
837 2472 962 2554 paenis
995 2472 1030 2534 in
1056 2472 1159 2535 dictis
1183 2472 1309 2535 litteris
1333 2491 1415 2553 apo·

146 2577 269 2639 stolicis
302 2577 479 2640 contentis
503 2578 662 2641 districte
687 2578 952 2661 praecipientes
985 2578 1211 2660 mandamus,
1241 2588 1416 2660 quatenus

147 2681 273 2746 litteras
295 2684 513 2766 apostolicas
535 2684 754 2764 huiusmodi,
788 2695 977 2768 postquam
1010 2686 1092 2749 illae
1124 2686 1200 2749 sive
1225 2686 1416 2750 earundem

147 2796 264 2872 copiae
302 2776 530 2855 authenticae
569 2792 688 2875 sigillo
726 2792 883 2856 Praelati
922 2802 957 2856 et
994 2792 1120 2857 notarii
1155 2793 1416 2876 subscriptione

146 2899 289 2961 munitae
313 2919 379 2980 per
401 2910 631 2980 nostrumque
655 2901 691 2962 in
716 2897 959 2981 spiritualibus
983 2900 1153 2965 vicarium
1185 2901 1416 2984 subsignatae

144 3006 241 3068 vobis
268 3016 536 3088 praesentatae,
562 3011 611 3069 'ac
647 3007 765 3069 omnia
797 3018 833 3068 et
864 3007 1005 3088 singula
1034 3007 1069 3069 in
1102 3008 1154 3070 eis
1185 3019 1352 3072 contenta
1381 3009 1416 3072 in

145 3108 305 3176 Ecclesiis
328 3112 458 3176 vestris
482 3135 602 3178 coram
626 3113 750 3195 populi
767 3113 992 3177 multitudine
1008 3113 1105 3186 fideli
1121 3115 1415 3198 interpretatione

144 3220 283 3298 praevia
305 3217 496 3303 publicetis
516 3232 552 3283 et
567 3221 745 3301 intimetis
771 3240 964 3304 omnesque
989 3207 1171 3304 utriusque
1195 3241 1302 3285 sexus
1320 3220 1416 3285 Chri·

143 3325 307 3390 stifideles
331 3337 370 3390 ut
393 3326 521 3391 litteris
544 3327 631 3410 ipsis
654 3327 862 3410 apostolicis
886 3329 1088 3392 memoratis
1118 3329 1193 3392 sive
1222 3327 1349 3393 Bullae
1380 3331 1416 3394 in

144 3434 301 3497 omnibus
325 3443 362 3498 et
385 3435 534 3515 singulis
558 3435 716 3498 articulis
740 3434 837 3517 ipsos
863 3445 899 3497 et
922 3455 1043 3498 eorum
1061 3435 1254 3517 quemlibet
1277 3451 1416 3519 respec-

141 3537 212 3602 tive
236 3541 533 3605 concernentibus
547 3543 613 3605 sub
630 3541 788 3605 censuris
813 3552 848 3605 et
869 3543 995 3625 paenis
1017 3543 1053 3606 in
1079 3543 1212 3607 eisdem
1237 3546 1417 3626 expressis

143 3659 290 3726 pareant
314 3659 351 3711 et
374 3648 545 3711 obediant
568 3648 714 3713 realiter
728 3670 806 3712 cum
824 3648 953 3712 effectu
969 3651 1143 3714 moneatis
1167 3661 1203 3714 et
1219 3651 1416 3734 requiratis,

140 3773 229 3834 quos
252 3775 317 3818 nos
338 3755 447 3818 'etiam
473 3764 508 3818 et
533 3775 654 3818 eorum
678 3756 873 3837 quemlibet
897 3765 1022 3819 tenore
1047 3757 1287 3838 praesentium
1303 3759 1416 3842 requi-

141 3861 249 3925 rimus
271 3875 307 3926 et
330 3883 514 3926 monemus
537 3863 573 3926 in
598 3874 766 3946 quantum
791 3863 869 3946 ipsi,
893 3863 943 3926 sic
967 3863 1090 3926 moniti
1114 3874 1150 3927 et
1172 3865 1343 3948 requisiti,
1367 3869 1415 3929 ul-

141 3969 273 4033 tionem
296 3971 452 4033 divinam
485 3968 521 4033 et
552 3967 706 4033 Sanctae
732 3970 964 4053 Apostolicae
989 3969 1094 4034 Sedis
1123 3971 1415 4054 indignationem,

139 4096 276 4158 paenas
299 4098 441 4160 quoque
473 4089 509 4140 et
541 4098 709 4140 censuras
740 4078 775 4141 in
807 4078 903 4140 dicta
931 4079 1029 4141 bulla
1061 4089 1247 4142 contentas
1280 4079 1415 4144 evitare

136 4185 330 4256 voluerint:
357 4183 601 4247 Certificantes
625 4186 768 4247 eosdem
794 4184 843 4246 sic
868 4184 1020 4248 monitos
1050 4195 1085 4246 et
1108 4186 1297 4268 requisitos
1320 4188 1416 4270 quod

135 4289 211 4354 Nos
236 4291 460 4356 nihilominus
493 4302 618 4356 contra
642 4293 795 4356 rebelles
819 4302 855 4354 et
877 4293 1142 4374 inobedientes,
1177 4293 1205 4357 si
1230 4295 1334 4358 nobis
1358 4297 1415 4358 de·

136 4399 293 4462 nunciati
317 4399 460 4478 fuerint,
485 4400 584 4462 iuxta
609 4408 644 4462 et
660 4401 853 4462 secundum
874 4399 990 4464 dictae
1005 4398 1131 4465 Bullae
1151 4401 1232 4483 vim,
1256 4401 1416 4485 formam,

134 4506 390 4571 continentiam
415 4517 450 4569 et
474 4516 634 4570 tenorem
659 4528 701 4569 ac
726 4509 813 4569 alias
837 4516 944 4588 prout
968 4507 1012 4569 de
1030 4507 1105 4570 iure
1128 4508 1322 4590 poterimus
1339 4530 1415 4592 pro·

134 4615 266 4676 cedere
289 4613 509 4694 curabimus,
539 4615 696 4696 ipsorum
720 4613 962 4677 inobedientia
992 4635 1054 4676 seu
1079 4615 1274 4679 rebellione
1297 4617 1333 4679 in
1358 4616 1416 4681 ali-

133 4741 205 4802 quo
240 4741 310 4784 non
344 4712 520 4784 obstante.
577 4722 708 4784 Datum
741 4730 808 4784 etc.
846 4724 912 4783 sub
945 4721 1055 4784 nostri
1088 4722 1278 4786 vicariatus
1310 4723 1416 4806 sigilli

133 4826 377 4912 impressione.

675 4989 809 5002 νινννννν-Ακν
811 4989 877 5001 wwvs
