3425 5700
836 561 1083 623 editoe-³

925 859 998 923 181.

651 971 810 1052 clemens
838 973 916 1053 VII.
947 971 1043 1052 dard.
1073 973 1269 1076 compegit.

457 1120 551 1189 (olem
569 1120 631 1178 m
649 1120 737 1194 Epist.
757 1120 794 1178 ad
811 1120 953 1194 Principes
970 1135 1021 1194 per
1040 1121 1203 1180 sauritim
1221 1124 1319 1196 script.
1338 1121 1383 1180 iol
1402 1121 1458 1192 ³5.)

798 1238 833 1292 (ι.
855 1232 1010 1282 Decembris
1033 1232 1119 1298 1524.)

410 1356 520 1418 Venit
544 1357 590 1417 ad
612 1375 738 1417 manus
761 1367 902 1418 nostras
926 1359 1129 1440 exemplum
1149 1356 1353 1439 diplomatis
1376 1377 1441 1439 per
1457 1357 1596 1440 Episco-

321 1484 405 1546 pum
430 1461 732 1542 Sambianensem,
757 1472 796 1524 ut
818 1462 941 1526 titulus
966 1465 1195 1545 demonstrat,
1219 1463 1317 1544 facti,
1341 1465 1376 1526 in
1400 1485 1471 1546 quo
1494 1468 1597 1527 multa

321 1571 469 1652 indigna
493 1569 553 1631 illo
577 1570 713 1632 honore
737 1589 842 1650 quem
866 1571 962 1651 gerit
986 1581 1021 1634 et
1045 1570 1105 1634 illa
1128 1571 1283 1652 pastoris
1313 1590 1468 1652 persona
1499 1591 1597 1653 quam

322 1677 482 1754 sustinet,
507 1676 641 1738 inserta
664 1685 755 1757 sunt,
787 1677 886 1739 cuius
918 1679 963 1739 ad
988 1679 1166 1740 sedandos
1190 1680 1358 1741 tumultus
1383 1679 1595 1742 lutherana-

321 1805 398 1846 rum
421 1782 616 1846 factionum
634 1803 706 1845 non
721 1784 766 1845 ad
784 1785 969 1865 augendos
994 1795 1030 1848 et
1054 1785 1286 1848 concitandos
1310 1805 1492 1868 propensa
1526 1807 1597 1848 esse

322 1893 478 1954 debebat
503 1889 718 1968 authoritaS,
752 1899 790 1952 ut
818 1889 903 1954 fidei
933 1890 984 1955 illi
1017 1892 1168 1955 serviret
1196 1901 1294 1955 recte
1328 1901 1364 1955 et
1393 1892 1533 1956 sincere
1556 1893 1597 1953 ad

323 2018 427 2080 quam
463 2007 610 2058 vocatus
642 2007 714 2075 est,
749 2017 820 2059 non
860 2007 899 2059 ut
930 1999 1004 2060 dux
1033 2008 1128 2062 esset
1160 1999 1419 2062 haereticorum
1452 2019 1598 2080 quorum

323 2125 516 2187 oppressor
542 2125 620 2166 esse
645 2105 811 2167 debebat.
857 2104 955 2188 Ergo
980 2105 1014 2168 in
1039 2107 1101 2170 illo
1126 2106 1320 2188 diplomate
1353 2107 1461 2170 multa
1486 2106 1600 2170 insunt

323 2212 454 2274 iudicia
493 2213 737 2292 arrogantiae,
783 2211 986 2275 testimonia
1018 2210 1224 2294 impietatis;
1259 2233 1340 2276 nam
1377 2223 1412 2276 et
1447 2211 1599 2274 Sanctae

322 2316 409 2380 Sedi
436 2318 666 2399 Apostolicae
695 2317 803 2400 impie
834 2319 990 2381 detrahit
1020 2329 1056 2380 et
1086 2321 1257 2400 pleraque
1289 2339 1422 2382 summo
1452 2319 1599 2382 consilio

322 2446 344 2487 a
368 2424 509 2488 Sanctis
533 2424 699 2486 Patribus
723 2424 883 2488 instituta
917 2427 962 2488 ad
990 2425 1224 2488 temeritatem
1255 2426 1309 2489 sui
1341 2425 1478 2489 arbitrii
1509 2446 1599 2488 arro-

322 2539 451 2612 ganter
476 2541 678 2611 commutat,
704 2551 795 2613 quae
820 2533 917 2594 nullo
942 2533 1048 2595 modo
1069 2532 1172 2595 nobis
1195 2553 1302 2614 posse
1323 2532 1408 2596 ferri
1426 2532 1599 2596 videntur.

324 2638 494 2700 Dolemus
517 2658 584 2700 nos
608 2639 750 2720 quidem
775 2641 865 2702 tales
890 2638 992 2702 nobis
1017 2638 1173 2702 incidere
1198 2640 1444 2714 necessitates
1479 2649 1518 2702 ut
1552 2661 1598 2702 se·

323 2744 474 2806 veritate
499 2745 666 2806 utendum
691 2744 736 2806 sit
759 2747 902 2825 quando
927 2745 1046 2826 potius
1069 2746 1302 2810 humilitatem
1327 2757 1362 2810 et
1379 2747 1601 2810 clementiam

324 2872 496 2914 exercere
519 2853 708 2927 vellemus;
746 2854 810 2914 sed
835 2850 979 2916 nimium
1010 2852 1111 2935 gravi
1146 2874 1229 2915 cura
1258 2855 1449 2935 premimur
1476 2854 1602 2937 gregis

321 2958 433 3021 nostri
459 2957 590 3037 dilecti,
615 2977 718 3041 quem
743 2980 765 3019 a
788 2959 871 3021 labe
897 2967 932 3020 et
956 2959 1171 3041 contagione
1196 2972 1267 3023 tam
1292 2960 1465 3024 exitiosae
1490 2962 1602 3045 pestis

322 3066 510 3128 immunem
535 3075 642 3147 atque
666 3066 842 3146 integrum
875 3066 1035 3148 cupimus
1066 3086 1290 3129 conservare.
1343 3068 1465 3149 Auget
1496 3069 1600 3131 etiam

322 3173 481 3234 dolorem
506 3181 542 3233 et
566 3171 839 3235 sollicitudinem
864 3182 1020 3235 nostram
1051 3174 1178 3255 ingens
1212 3162 1386 3255 quaedam
1415 3174 1601 3237 admiratio

322 3281 366 3341 de
403 3278 533 3341 dilecto
569 3277 641 3340 filio
679 3278 832 3341 Alberto
867 3280 1071 3343 marchione
1110 3280 1427 3363 Brandeburgensi
1459 3280 1601 3345 Ordinis

321 3385 457 3448 Beatae
480 3384 615 3446 Mariae
640 3385 941 3448 Theutonicorum
975 3406 1105 3468 magno
1130 3386 1300 3468 magistro
1326 3387 1474 3451 Prusiae
1496 3408 1602 3469 quem

321 3512 386 3554 nos
410 3490 566 3574 amplexi
592 3512 733 3572 semper
756 3492 930 3574 singulari
955 3496 1108 3575 quodam
1133 3514 1252 3557 amore
1277 3502 1313 3556 et
1326 3504 1476 3577 paterna
1491 3494 1600 3558 chari-

321 3609 394 3661 tate
403 3617 533 3678 sumus‚
543 3598 642 3660 cuius
655 3597 877 3680 dignitatem,
891 3609 1032 3681 statum,
1045 3600 1336 3682 tranquillitatem
1349 3620 1453 3683 quem
1462 3621 1604 3683 semper

322 3706 420 3769 cordi
445 3704 672 3768 habuerimus
701 3704 808 3768 etiam
836 3716 919 3769 ante
951 3726 1029 3769 cum
1061 3727 1126 3770 nos
1154 3708 1188 3770 in
1221 3707 1416 3771 minoribus
1447 3728 1603 3771 essemus

321 3813 502 3876 constituti
535 3822 571 3875 et
603 3812 817 3894 protectioni
851 3813 904 3876 sui
939 3796 1072 3877 ordinis
1108 3824 1247 3897 gratam
1281 3816 1444 3877 omnibus
1476 3814 1603 3878 officiis

319 3921 414 3984 illam
439 3920 659 3983 servavimus
683 3930 719 3983 et
743 3939 831 4002 quos
855 3923 1014 4001 laboreS,
1047 3942 1134 4003 quas
1166 3940 1232 4002 pro
1265 3942 1308 3983 eo
1342 3922 1603 4004 susceperimus

322 4050 425 4091 curas
448 4028 525 4089 Tua
551 4026 828 4109 Circumspectio
860 4028 1013 4109 optimus
1044 4037 1099 4090 est
1125 4027 1238 4091 testis.
1290 4028 1384 4108 Quid
1410 4029 1501 4091 enim
1525 4043 1603 4091 erat

322 4137 416 4217 quod
450 4135 495 4197 de
531 4154 574 4196 eo
610 4134 714 4197 nobis
749 4136 919 4197 audacter
959 4136 1266 4216 promitteremuS,
1297 4137 1393 4216 quod
1427 4136 1603 4199 vinculum

321 4242 465 4322 amone,
502 4261 593 4323 quae
625 4242 750 4304 deerat
782 4242 1009 4305 coniunctio?
1040 4244 1098 4304 vel
1131 4241 1223 4304 enim
1257 4252 1406 4324 propter
1428 4253 1603 4306 vetustam

322 4348 553 4411 Nobilitatem
587 4348 742 4410 familiae
757 4369 854 4428 suae,
879 4350 936 4410 vel
953 4359 1101 4430 propter
1124 4348 1234 4431 ipsius
1256 4347 1420 4431 proprias
1446 4350 1605 4414 eximias·

320 4476 390 4537 que
413 4454 573 4535 virtutes
596 4456 655 4516 vel
680 4474 771 4535 quae
795 4463 994 4519 nostrarum
1019 4438 1185 4519 domuum
1209 4456 1302 4519 inter
1326 4476 1364 4519 se
1380 4467 1499 4520 mutua
1514 4477 1603 4521 sem-

320 4582 385 4643 per
416 4560 616 4624 intercessit
647 4562 917 4643 benevolentia,
949 4562 1041 4625 illius
1072 4581 1130 4625 res
1162 4572 1201 4625 ut
1232 4564 1305 4625 cari
1339 4574 1373 4627 et
1398 4562 1516 4627 dilecti
1537 4562 1604 4626 filii

321 4678 488 4749 tanquam
512 4676 653 4730 nostras
677 4666 860 4747 duximus,
894 4670 1137 4751 habemusque
1168 4668 1203 4732 in
1234 4670 1371 4733 honore
1402 4691 1513 4753 penes
1535 4692 1604 4733 nos

322 4776 411 4836 duos
435 4774 545 4856 ipsius
569 4774 697 4837 fratres
722 4784 758 4837 et
781 4775 923 4856 quidem
947 4775 1051 4839 nobis
1084 4787 1209 4859 gratos
1240 4786 1313 4840 tum
1347 4799 1411 4842 sua
1446 4778 1603 4861 ipsorum

320 4881 451 4947 virtute
480 4891 554 4943 tum
584 4881 692 4943 totius
720 4881 875 4945 familiae
908 4883 1092 4965 dignitate.
1155 4883 1256 4966 Quae
1288 4896 1385 4948 certe
1417 4886 1532 4949 officia
1568 4898 1607 4949 et
