3425 5700
844 530 1091 592 Wssodffl

897 772 958 835 161

622 890 734 969 Duces
761 888 942 969 Bavuriaa
963 822 1143 967 'Clamanti
1169 885 1247 963 llIL

711 1036 808 1109 (Epist.
827 1034 988 1109 Principum
1005 1034 1027 1094 t
1049 1034 1095 1092 tol
1114 1034 1165 1099 tt)

815 1154 850 1219 (6-
870 1156 945 1220 Junii
968 1152 1055 1222 1524l

388 1297 474 1361 Cum
491 1298 729 1361 Reverendus
754 1307 789 1360 et
808 1297 959 1360 Illustris
975 1297 1157 1377 PrincepS,
1172 1294 1348 1358 Henricus
1372 1314 1419 1357 ex
1436 1292 1574 1356 Comiti-

298 1409 365 1469 bus
389 1405 562 1468 Palatinis
586 1404 682 1467 Reni
708 1414 742 1467 et
766 1404 926 1467 Ducibus
950 1404 1115 1483 Bavarie,
1140 1401 1348 1484 Prepesitus
1373 1399 1576 1463 Cloacensis

296 1532 337 1575 ac
362 1513 467 1576 modo
493 1512 557 1597 (uti
580 1510 705 1592 fertur)
730 1511 764 1573 in
790 1510 1042 1574 Coadiutorem
1066 1508 1356 1573 Vormaciensem
1385 1508 1576 1589 deputatus

295 1618 406 1682 frater
430 1618 716 1699 consanguineus
741 1628 862 1679 noster
888 1616 1122 1695 charissimus,
1147 1636 1213 1697 per
1234 1615 1426 1696 capitulum
1451 1613 1576 1677 traiec-

295 1735 395 1787 tense
420 1724 454 1787 in
472 1724 687 1806 Episcopum
711 1724 894 1787 Ecclesiae
921 1724 1078 1786 eiusdem
1103 1724 1236 1786 electus
1260 1722 1377 1801 fuerit,
1402 1720 1576 1801 intelliga-

295 1852 440 1913 musque
465 1830 719 1912 Episcopatum
745 1833 897 1893 eundem
921 1831 990 1894 iam
1015 1830 1151 1911 aliquot
1175 1829 1276 1893 annis
1306 1830 1417 1891 multa
1444 1826 1576 1889 hostili-

294 1948 350 2001 ter
383 1958 525 2019 passum
562 1938 652 2000 adeo
688 1948 726 2000 ut
760 1938 893 2019 oppida
928 1940 1081 2018 quedam
1120 1936 1273 1999 hostium
1308 1934 1578 2017 expugnatione

296 2045 528 2125 desciverint,
573 2045 711 2125 reliqua
752 2066 837 2108 vero
878 2044 922 2107 ad
963 2044 1119 2126 ingentis
1159 2042 1355 2106 exactionis
1388 2054 1425 2105 et
1454 2039 1578 2104 tributi

296 2173 448 2215 annuam
490 2152 745 2237 prestationem
784 2154 967 2233 compulsa
1009 2151 1100 2229 sint,
1140 2151 1195 2214 cui
1228 2148 1435 2213 adversitati
1466 2148 1579 2212 frater

297 2268 332 2321 et
357 2259 643 2341 consanguineus
668 2267 788 2321 noster
819 2279 890 2320 non
922 2258 987 2321 nisi
999 2248 1266 2339 ‘profusissimis
1296 2256 1495 2339 sumptibus
1528 2276 1579 2319 re-

296 2365 421 2429 sistere
445 2366 595 2446 poterit;
620 2364 1250 2447 perspiciamusqueVormaciensem
1264 2363 1460 2427 Ecclesiam
1486 2364 1580 2426 adeo

296 2482 509 2534 venenatam
533 2492 574 2533 ac
600 2472 807 2535 Lutherana
830 2472 947 2535 heresi
971 2472 1140 2535 infectam
1172 2481 1210 2534 ut
1242 2492 1313 2534 non
1342 2471 1409 2534 nisi
1439 2472 1581 2551 potenti

297 2599 401 2643 manu
432 2580 588 2641 curanda
612 2579 675 2655 sit,
707 2580 979 2660 verendumque
1004 2578 1033 2641 si
1058 2578 1313 2641 coadiutoriam
1336 2579 1444 2641 talem
1467 2577 1583 2641 frater

298 2693 333 2748 et
368 2684 653 2766 consanguineus
685 2686 830 2749 desierit
862 2706 1036 2767 nemoque
1064 2696 1269 2767 magnatum
1294 2706 1372 2748 eam
1395 2687 1584 2747 tutandam

297 2792 494 2874 susceperit
518 2792 664 2854 exitium
690 2792 721 2855 ei
745 2792 928 2856 Ecclesiae
952 2793 1150 2866 imminere;
1195 2792 1243 2856 Ut
1267 2792 1375 2876 igitur
1393 2801 1583 2875 utramque

297 2899 492 2963 Ecclesiam
527 2898 598 2962 suis
633 2899 768 2962 viribus
805 2900 1014 2962 restituendi
1048 2901 1231 2983 sepedicto
1264 2900 1367 2963 fratri
1398 2909 1433 2962 et
1463 2901 1583 2962 amico

296 3017 418 3070 nostro
452 3007 592 3069 occasio
626 3007 764 3070 facilior
797 3020 996 3088 prestetur,
1040 3006 1074 3071 S,
1101 3006 1145 3069 V.
1178 3027 1350 3088 perquam
1381 3006 1515 3069 devote
1549 3017 1585 3070 et

297 3113 476 3176 humiliter
498 3133 685 3194 precamur
708 3124 745 3176 ut
769 3124 891 3195 preter
916 3114 1166 3197 erogacionem
1191 3113 1360 3196 aliquam,
1393 3114 1585 3177 electionis

299 3220 601 3284 confirmationem
625 3241 667 3282 ac
692 3221 935 3284 coadiutoriae
959 3241 1038 3283 cum
1062 3220 1191 3283 ceteris
1222 3220 1298 3283 eius
1321 3219 1507 3284 beneficiis
1531 3243 1584 3284 re-

299 3327 492 3390 tentionem
524 3329 717 3389 clementer
742 3326 885 3409 largiri,
907 3327 1055 3408 eiusque
1080 3349 1118 3390 se
1143 3327 1311 3409 precibus
1335 3328 1584 3392 exhorabilem

299 3445 460 3517 prestare
486 3434 663 3515 dignetur.
711 3433 816 3498 Unde
845 3433 1002 3497 futurum
1034 3453 1218 3516 speramus
1248 3446 1287 3496 ut
1319 3435 1502 3516 singulare
1537 3437 1586 3498 in·

299 3543 434 3603 dustria
458 3541 533 3602 eius
542 3589 549 3618 ,
583 3550 776 3622 nostroque
800 3545 895 3603 omni
919 3561 1005 3621 ope,
1032 3551 1180 3623 utraque
1205 3541 1357 3604 ecclesia
1380 3551 1501 3604 atam
1525 3542 1586 3605 rni-

299 3646 441 3711 serabili
458 3637 846 3728 lapsu'fortunatiorem
867 3646 1082 3710 erectionem
1106 3667 1275 3710 sensurae
1299 3647 1378 3727 sint,
1402 3645 1589 3731 facietque

299 3755 333 3819 S.
364 3755 407 3819 V.
440 3754 475 3815 in
513 3755 581 3815 hoc
613 3774 687 3815 rem
718 3754 768 3816 uti
803 3753 963 3816 eiusdem
1001 3753 1161 3817 ecclesiis
1191 3753 1429 3836 utilissimam,
1465 3754 1520 3818 ita
1553 3766 1591 3819 et

298 3861 400 3924 nobis
433 3860 687 3942 gratissimam,
724 3881 828 3942 quam
864 3861 959 3922 omni
994 3871 1124 3923 conatu
1161 3862 1354 3944 debitaque
1394 3861 1590 3943 diligentia

298 3967 492 4048 promereri
527 3967 766 4048 studebimus,
802 3969 964 4049 talesque
1000 3988 1086 4049 erga
1122 3967 1158 4030 S.
1195 3968 1238 4031 V.
1275 3987 1340 4031 nos
1375 3978 1590 4034 ostensuros

299 4093 501 4156 speramus,
534 4082 571 4134 ut
603 4073 708 4136 lacile
738 4073 772 4134 in
798 4074 901 4136 nobis
926 4075 1234 4138 obedientissimos
1256 4073 1349 4138 filios
1372 4095 1414 4138 ac
1436 4076 1590 4157 penitus

300 4183 449 4242 devotos
475 4189 689 4260 cognoscat,
722 4179 820 4242 cuius
851 4181 1097 4243 sacratissimis
1128 4183 1279 4262 pedibus
1314 4202 1379 4244 nos
1401 4182 1592 4249 humiliter

302 4289 597 4350 commendamus.
645 4285 700 4348 Ex
729 4287 990 4370 Breidelberga
1014 4288 1074 4352 VI.
1104 4288 1199 4367 Junii
1221 4309 1316 4351 anno
1343 4309 1366 4352 a
1395 4289 1591 4357 nativitate

300 4393 430 4457 Christi
454 4391 671 4470 MDXXIV.

566 4520 593 4568 S.
615 4521 646 4569 V.
666 4543 701 4554 -·
721 4519 886 4568 Deditissimi
905 4520 953 4570 filii

409 4613 571 4676 ffllidl'lffl
591 4625 651 4672 Dux
670 4624 805 4683 Bavariae,
1126 4617 1286 4680 mmm
1305 4627 1366 4676 Dux
1384 4628 1529 4690 fleverim,

444 4715 539 4762 Comes
559 4712 696 4760 Palatinus
715 4719 765 4761 etc.
1204 4731 1231 4779 p.
1250 4729 1356 4765 manum
1375 4732 1450 4782 prop.

897 4799 1028 4872 ΡΙΠΙΙΙΙ
1046 4810 1143 4859 Comes
1162 4811 1307 4874 Palatinus,
1327 4814 1388 4862 Dux
1406 4815 1554 4871 Bavarine,

838 4924 1044 4939 wwvwxwmmw
