3425 5700
833 549 1079 611 c*5‘3134th-<2

317 713 436 767 nostre
461 704 677 766 instruttioni
701 712 800 763 tanto
826 701 993 781 evidenti,
1025 702 1068 763 ne
1094 720 1235 763 carezze
1260 700 1292 761 di
1319 702 1438 762 buone
1462 702 1580 781 parole,

315 812 359 875 ne
390 833 515 873 manco
546 812 696 873 l'haver
720 812 860 891 parlato
886 809 1120 871 arditamente
1145 808 1237 869 dove
1262 807 1280 867 d
1306 814 1398 869 stato
1422 810 1580 889 besogno‚

315 922 349 981 le
374 920 468 1000 quali
492 928 582 981 tutte
606 918 663 980 vie
687 918 805 979 hanno
829 919 899 978 ben
924 919 1046 977 valuto
1071 936 1092 976 a
1116 914 1220 975 indur
1238 915 1315 975 loro
1331 934 1351 975 a
1369 914 1461 975 mille
1478 916 1580 975 buone

315 1024 533 1089 conclusioni
557 1034 592 1085 et
615 1044 809 1105 promesse,
834 1044 934 1085 come
958 1022 1016 1083 noi
1041 1022 1334 1096 dernandavarnO,
1360 1042 1416 1083 rna
1440 1022 1463 1083 li
1483 1020 1580 1083 effctti

315 1154 402 1194 sono
427 1132 508 1193 stati
532 1130 579 1193 lin
606 1131 663 1213 qui
688 1151 788 1193 come
813 1152 834 1191 a
857 1130 899 1191 V.
926 1128 962 1191 S.
982 1130 1075 1191 Rnra
1100 1128 1160 1209 gia
1185 1138 1282 1191 tante
1307 1127 1390 1189 fiete
1417 1130 1460 1189 ho
1487 1128 1580 1189 veris-

314 1239 520 1301 simamente
546 1238 677 1301 scritto.
725 1238 808 1299 Alla
833 1238 915 1317 qual
941 1239 1028 1298 baso
1053 1238 1087 1297 le
1110 1234 1204 1297 mani
1230 1233 1467 1297 humihnente.

858 1414 1043 1425 fflwvuvvmvuvoe

927 1592 981 1657 55.

648 1719 861 1799 Alcander
890 1718 1264 1799 vicecancellarii).

744 1858 887 1927 (Nuntiat.
906 1857 1030 1916 (teman.
1049 1857 1079 1915 L.
1098 1858 1164 1921 167.)
1208 1911 1210 1915 .

798 1968 887 2035 (23·(?)
907 1970 995 2017 Martii
1019 1966 1105 2032 1521.)

402 2096 502 2157 Hieri
538 2094 685 2157 mattino
721 2095 781 2175 poi
818 2096 850 2155 la
887 2093 1154 2156 consecratione
1188 2096 1244 2155 del
1283 2094 1522 2157 Arcivescovo
1553 2094 1582 2154 di

314 2202 496 2280 Palerm0,
527 2202 583 2262 cui
606 2200 766 2262 interfuit
790 2200 924 2262 Caesar
948 2200 1148 2261 cardinales
1173 2210 1208 2261 et
1231 2210 1307 2263 tota
1331 2204 1429 2281 aula,
1464 2201 1586 2264 Caesar

313 2328 379 2389 per
408 2328 447 2369 se
478 2308 654 2370 demando
686 2309 768 2388 quel
793 2310 896 2369 luoco
922 2307 980 2369 del
1004 2306 1221 2387 Evangelio:
1258 2310 1503 2390 quodcumque
1527 2310 1585 2369 sol-

312 2415 407 2476 veris
431 2435 538 2496 super
561 2425 692 2476 terram
717 2424 782 2477 etc.
808 2416 839 2476 el
866 2417 948 2494 qual
973 2414 1150 2477 assendoli
1175 2415 1392 2495 dechiarato,
1417 2416 1525 2478 disse:
1555 2424 1586 2475 et

313 2523 378 2583 che
402 2524 483 2583 vole
507 2524 647 2585 adunca
672 2521 726 2583 dir
750 2530 875 2602 questo
901 2521 1041 2583 ribaldo
1067 2523 1112 2582 de
1137 2522 1294 2584 Luther?

402 2629 468 2690 Poi
493 2628 612 2691 disseli
637 2631 729 2691 bene
754 2631 819 2690 che
845 2648 915 2690 non
942 2636 1117 2690 terneamo
1142 2629 1314 2711 congredi
1339 2650 1415 2692 cum
1441 2629 1587 2692 Martino

312 2736 463 2815 Luther,
496 2737 626 2817 perche
659 2736 718 2797 noi
745 2755 814 2797 non
840 2734 1007 2796 habiamo
1031 2735 1180 2816 ragione
1206 2746 1241 2798 et
1265 2737 1312 2799 lui
1338 2739 1368 2800 el
1396 2746 1504 2815 tort0‚
1538 2755 1589 2797 ma

312 2844 444 2926 perche
480 2865 550 2906 non
586 2845 796 2925 besognava
831 2853 960 2905 metter
991 2842 1025 2904 in
1059 2843 1301 2906 controversia
1333 2846 1451 2926 quello
1481 2846 1545 2906 che
1569 2842 1587 2902 ’l

313 2950 544 3014 Sanctissimo
561 2972 647 3013 vero
670 2951 812 3033 giudice
829 2952 945 3013 havea
962 2950 1118 3014 iudicato
1136 2959 1171 3012 et
1186 2953 1438 3022 condemnato;
1463 2951 1589 3014 deinde

313 3059 378 3119 che
403 3058 427 3119 li
452 3058 602 3148 principi
627 3067 663 3120 et
685 3058 809 3138 populi
834 3061 878 3120 de
905 3061 939 3119 la
964 3059 1060 3120 dieta
1084 3059 1127 3121 ne
1152 3079 1310 3139 sapeano
1334 3059 1469 3121 iudicat
1493 3058 1527 3119 di
1545 3058 1589 3118 tal

313 3186 407 3244 cosa,
439 3166 482 3227 ne
506 3184 633 3226 manco
658 3185 766 3226 erano
792 3165 1010 3245 competenti
1034 3165 1158 3244 iudici,
1191 3171 1218 3227 sl
1244 3185 1344 3228 corne
1369 3166 1465 3228 nullo
1488 3167 1589 3226 homo

313 3273 371 3334 del
396 3273 525 3334 mundo
559 3272 649 3333 altro
674 3273 739 3333 che
765 3272 786 3332 'l
804 3272 904 3352 Papa
938 3292 1038 3334 come
1063 3274 1245 3352 sempree
1278 3281 1369 3334 stato
1393 3273 1499 3345 fatto;
1535 3292 1589 3353 po·
1672 3311 1673 3314 =

312 3387 443 3440 stremo
467 3379 598 3460 perche
622 3378 677 3440 fra
691 3378 846 3440 Martino
863 3379 997 3440 Luther
1021 3378 1056 3441 in
1074 3379 1108 3440 la
1125 3379 1393 3460 protestatione,
1420 3383 1524 3461 quale
1547 3379 1589 3440 lui

311 3485 391 3547 fece
415 3486 449 3546 in
475 3485 615 3566 scriptis
639 3484 822 3547 aColonia
846 3487 891 3547 de
916 3489 1016 3548 voler
1041 3506 1138 3548 esser
1162 3486 1260 3548 udito
1284 3485 1319 3548 in
1343 3486 1591 3568 disputatione,

311 3594 456 3655 seclude
479 3600 571 3654 tutto
595 3593 617 3652 l'
631 3593 756 3654 ordine
772 3592 1025 3671 ecclesiastic0‚
1050 3593 1130 3654 tutti
1147 3593 1318 3674 theologi,
1343 3591 1581 3656 iurisconsulti

312 3698 484 3761 canonisti
519 3709 554 3761 et
578 3699 781 3780 philosophi
813 3708 849 3760 et
878 3700 963 3780 ogni
996 3701 1075 3761 loco
1101 3708 1277 3781 suspett0‚
1310 3703 1374 3762 che
1406 3701 1424 3762 ὲ
1454 3711 1546 3762 tutto
1570 3698 1592 3758 il

312 3807 441 3868 mundo
483 3814 625 3867 excetta
656 3802 865 3885 Germania,
906 3806 1018 3886 perho
1060 3826 1129 3868 non
1168 3827 1278 3888 sapea
1315 3807 1370 3868 chi
1410 3806 1457 3868 lui
1489 3807 1593 3869 volea

310 3915 422 3974 haver
454 3931 519 3993 per
550 3911 665 3974 iudice
696 3932 734 3974 se
768 3932 838 3974 non
870 3911 956 3974 lorsi
982 3913 1141 3975 Hutteno
1173 3934 1251 3976 curn
1276 3921 1366 3976 tutta
1390 3915 1424 3975 la
1448 3922 1592 3976 caterva

311 4019 365 4081 de’
384 4019 550 4102 poeticuli
566 4021 611 4081 de
628 4019 879 4082 Todescharia.
916 4019 1049 4081 Addidi
1067 4021 1173 4082 etiarn
1190 4023 1255 4082 che
1272 4041 1310 4082 se
1328 4020 1461 4083 Luther
1477 4023 1593 4083 havea

310 4126 426 4189 animo
459 4128 503 4188 de
528 4147 697 4206 revocar‚
729 4147 749 4188 o
775 4129 839 4188 che
864 4129 918 4189 lor
942 4147 1153 4208 sperasseno
1180 4130 1223 4188 de
1248 4137 1351 4208 poter
1375 4128 1430 4190 far
1454 4131 1522 4192 che
1547 4127 1592 4190 lui

310 4233 447 4296 facesse
470 4236 519 4296 tal
544 4233 668 4296 affettn
694 4235 774 4296 chel
798 4255 988 4296 revocasse
1012 4235 1132 4296 avanti
1158 4235 1256 4296 iuxta
1280 4235 1430 4297 formam
1456 4237 1592 4308 Bonae,

310 4351 346 4402 et
376 4341 435 4422 poi
464 4362 613 4403 venesse
639 4344 707 4405 alla
731 4342 827 4404 dieta
852 4363 873 4402 o
898 4341 990 4404 dove
1016 4363 1037 4402 a
1061 4341 1109 4402 lui
1135 4341 1314 4423 piacesse‚
1348 4343 1413 4404 che
1438 4342 1480 4404 N.
1508 4339 1545 4404 S.
1571 4341 1592 4402 li

309 4449 582 4528 perdonarebbe
615 4459 650 4510 et
677 4451 956 4511 recevarebbelo
990 4469 1090 4510 corno
1115 4451 1187 4510 bon
1211 4447 1313 4528 fiolo,
1345 4453 1371 4511 sl
1398 4469 1501 4512 como
1529 4451 1546 4513 ὲ
1572 4448 1593 4510 il

309 4555 413 4616 solito
439 4556 483 4616 (le
507 4556 593 4617 farsi
617 4556 652 4618 in
676 4557 725 4618 tal
750 4577 843 4634 caso,
868 4555 1001 4636 perche
1025 4556 1067 4618 N.
1089 4553 1124 4618 S
1150 4577 1221 4618 non
1245 4559 1326 4619 vole
1351 4557 1394 4619 ne
1419 4559 1453 4619 la
1479 4565 1594 4618 morte

309 4661 352 4722 nd
378 4662 399 4722 'l
424 4681 559 4742 sangue
585 4665 629 4724 de
654 4663 796 4741 lether,
822 4665 936 4724 mala
961 4664 1074 4724 salute
1100 4683 1163 4725 sua
1187 4675 1223 4724 et
1247 4663 1292 4724 de
1317 4666 1350 4724 la
1375 4663 1530 4726 Chiesia.

398 4769 549 4831 Dissemi
577 4772 642 4831 che
667 4772 742 4832 loro
767 4771 836 4832 mai
860 4772 1024 4833 haveano
1048 4773 1257 4833 altramente
1278 4773 1431 4851 sperado
1456 4792 1497 4832 se
1524 4791 1592 4833 non

309 4877 374 4937 che
400 4873 421 4936 ’1
445 4897 483 4938 se
507 4897 715 4950 revocasse;
750 4899 806 4939 rna
829 4878 961 4959 porchl¹
986 4899 1051 4959 per
1076 4877 1142 4939 mie
1167 4879 1305 4959 parolle
1330 4898 1538 4959 cognoscea
1563 4880 1594 4940 el
