3425 5700
927 861 970 926 84

716 976 799 1056 Leo
832 977 875 1058 X.
913 913 1078 1058 Gaiolo
1114 976 1190 1076 ll.¹)

785 1115 1112 1190 cinnamum

731 1224 806 1292 (Cum
827 1227 922 1275 litteris
946 1240 983 1290 14.
1005 1229 1069 1277 Maii
1092 1231 1179 1292 1521.)

401 1369 599 1431 Carissime.
648 1367 733 1431 Cum
759 1368 791 1430 in
818 1370 884 1430 hac
903 1369 1099 1432 catholicae
1115 1370 1199 1433 fidei
1223 1392 1330 1435 causa
1354 1382 1390 1435 te
1413 1374 1585 1435 advocato

313 1477 415 1538 huius
440 1473 594 1538 Sanctae
620 1473 725 1538 Sedis
749 1475 921 1537 adversus
944 1474 1071 1557 impias
1095 1477 1282 1558 opiniones
1307 1499 1478 1542 novorum
1510 1483 1583 1544 hae·

311 1585 499 1648 reticorum
523 1603 565 1644 ac
592 1582 698 1644 filium
723 1582 916 1666 praecipue
931 1583 1126 1665 iniquitatis
1142 1585 1332 1648 Martinum
1353 1587 1584 1666 defendenda,

311 1714 354 1755 ea
379 1701 650 1772 expectaremus
675 1691 719 1752 de
743 1699 825 1751 tuae
850 1689 1047 1753 Maiestatis
1072 1691 1188 1754 animo
1213 1703 1319 1774 atque
1343 1693 1467 1756 iuditio
1498 1714 1585 1775 quae

312 1801 356 1862 de
380 1798 533 1862 maximo
557 1795 719 1878 principe
744 1807 779 1858 et
812 1797 1116 1876 praestantissimo
1149 1797 1302 1861 Caesare
1334 1811 1500 1880 poterant
1531 1823 1584 1863 ex-

311 1905 458 1989 pectam,
482 1904 672 1966 fatebimur
696 1893 769 1965 tum
794 1923 926 1982 verum,
952 1906 1059 1986 longe
1090 1904 1174 1966 vicit
1198 1906 1311 1968 virtus
1341 1917 1402 1969 tua
1433 1916 1584 1969 nostram

311 2012 606 2095 expectationem.
654 2012 708 2072 Ita
732 2011 823 2072 enim
848 2013 893 2072 ad
918 2031 984 2073 nos
1008 2013 1160 2074 omnium
1185 2013 1362 2075 constanti
1391 2035 1479 2076 voce
1513 2035 1584 2095 per·

311 2124 418 2184 latum
444 2129 497 2182 est
521 2128 654 2180 tantam
678 2117 713 2179 in
740 2130 774 2180 te
798 2118 1022 2200 gravitatem,
1047 2130 1118 2180 tam
1142 2119 1387 2181 admirabilem
1402 2120 1585 2202 insignem-

310 2249 378 2309 que
394 2225 614 2307 sapientiam,
639 2235 774 2287 tantum
790 2225 824 2286 in
841 2234 877 2286 te
895 2225 1055 2287 extitisse
1073 2227 1271 2288 servandae
1287 2237 1322 2288 et
1335 2227 1585 2289 custodiendae

312 2336 386 2398 eius
420 2354 524 2414 quam
565 2353 586 2394 a
622 2333 701 2394 Deo
740 2343 775 2394 et
813 2332 974 2413 patribus
1007 2333 1137 2395 nostris
1172 2334 1374 2416 accepimus
1407 2333 1586 2415 religionis

310 2440 473 2520 studium,
498 2450 535 2502 ut
559 2439 720 2501 omnibus
745 2438 932 2501 manifesto
957 2440 1173 2521 apparuerit,
1198 2441 1313 2503 Deum
1337 2441 1400 2503 tibi
1425 2441 1585 2503 comitem

310 2560 345 2612 et
369 2548 436 2610 Dei
461 2546 620 2628 spiritum
645 2548 714 2608 tuis
738 2545 880 2626 optimis
904 2546 1059 2608 consiliis
1075 2545 1228 2609 affuisse.
1276 2547 1352 2609 Res
1376 2547 1486 2629 igitur
1509 2557 1586 2609 acta

309 2677 374 2738 per
399 2675 436 2716 se
461 2653 624 2716 omnibus
649 2652 798 2714 saeculis
822 2653 1060 2715 memorabilis
1085 2655 1285 2735 exemplum
1310 2657 1481 2726 salutare;
1512 2676 1585 2716 cae·

310 2773 405 2825 teros
430 2761 521 2823 onim
547 2759 722 2822 cernimus
755 2759 1001 2823 auctoritatem
1034 2773 1128 2823 tuam
1162 2760 1196 2823 in
1232 2764 1433 2824 damnanda
1462 2761 1586 2844 perfidi

309 2870 458 2933 hominis
482 2868 703 2930 contumacia
727 2868 832 2930 facile
857 2870 1038 2949 secut0s2).
1086 2868 1180 2949 Quid
1204 2872 1330 2932 modus
1351 2881 1412 2932 aut
1435 2890 1587 2951 quonam

309 2979 397 3040 haec
422 2998 443 3037 a
476 2985 511 3037 te
536 2974 652 3036 studio
687 2984 788 3055 gesta
820 2977 917 3037 sunt!
965 2974 1065 3055 Quae
1099 2977 1307 3056 magnitudo
1341 2976 1462 3053 animi,
1496 2998 1587 3059 quae

308 3082 518 3161 constantia,
544 3082 738 3143 cuiusmodi
764 3101 851 3162 erga
868 3082 981 3143 Deum
1006 3083 1123 3163 pietas
1141 3083 1248 3164 digna
1273 3083 1415 3163 quidem
1432 3084 1587 3147 Caesare

309 3192 372 3253 sed
402 3210 535 3251 summo
567 3199 603 3250 et
636 3188 769 3269 optimo
804 3188 974 3251 Caesare!
1023 3188 1175 3251 Domine
1209 3191 1345 3252 salvum
1375 3190 1431 3253 fac
1465 3212 1587 3273 regem

307 3299 400 3362 hunc
425 3307 461 3358 et
485 3295 611 3358 exaudi
636 3316 701 3358 nos
725 3295 760 3356 in
784 3295 841 3357 die
866 3316 936 3376 qua
960 3294 1164 3358 invocamus
1188 3318 1237 3359 se.
1275 3296 1367 3377 Quid
1391 3299 1486 3378 quod
1511 3309 1588 3361 tute

308 3405 489 3465 decretum
513 3412 609 3463 tuum
627 3400 869 3482 conscripsisti
896 3402 977 3463 altis
994 3401 1063 3464 illis
1088 3412 1123 3465 et
1138 3402 1335 3485 magnificis
1350 3404 1469 3466 verbis
1484 3424 1588 3468 exor-

308 3530 385 3572 sus:
418 3510 576 3591 „Decere
600 3519 635 3570 te
660 3530 705 3569 ex
730 3509 890 3587 ducibus,
916 3509 1174 3588 archiducibus‚
1199 3512 1345 3593 regibus
1369 3510 1588 3591 imperatori·

307 3620 444 3697 busque
470 3615 654 3677 oriundum
679 3615 807 3678 similia
831 3616 899 3677 illis
923 3616 957 3678 io
983 3617 1050 3678 Dei
1076 3616 1328 3698 omnipotentis
1356 3619 1529 3681 honorem
1555 3630 1588 3680 et

307 3724 390 3786 fidei
415 3744 499 3785 suae
525 3732 671 3797 sanctae¹
694 3724 842 3785 salutem
879 3743 988 3805 agere
1020 3745 1086 3785 nec
1119 3723 1310 3785 maioribus
1340 3724 1410 3786 tuis
1439 3726 1587 3787 deesse*

308 3841 374 3894 etc.
399 3832 466 3891 hoc
492 3849 561 3891 non
587 3839 640 3891 est
665 3850 743 3891 esse
775 3830 923 3892 similem
957 3832 1019 3892 sed
1052 3833 1158 3911 longe
1191 3830 1319 3893 virtute
1352 3833 1588 3898 antecedere:

307 3959 377 4000 non
403 3936 495 3999 enim
520 3935 588 3997 iam
614 3947 649 3997 te
674 3958 719 3999 ex
745 3938 916 3999 maiorum
941 3947 1079 3999 tuorum
1106 3938 1280 4019 exemplis
1310 3937 1589 4006 cohortabimur,

307 4047 370 4107 sed
394 4045 482 4107 haec
518 4043 583 4105 erit
614 4043 720 4106 animi
757 4044 806 4105 tui
843 4056 879 4107 et
914 4044 1054 4106 virtutis
1090 4046 1280 4107 excelsitas
1314 4066 1349 4106 1n
1386 4045 1588 4107 universam

308 4152 553 4235 posteritatem
578 4151 741 4213 omnibus
773 4151 994 4233 principibus
1025 4153 1200 4234 exemplo.
1249 4152 1322 4214 Nos
1351 4152 1490 4233 quidem
1528 4152 1588 4232 qui

306 4277 399 4320 novo
432 4259 584 4338 quodam
621 4258 751 4319 amoris
782 4256 913 4320 affectu
949 4277 1036 4338 erga
1067 4258 1290 4321 Maiestatem
1322 4268 1418 4321 tuam
1450 4257 1587 4321 incitati

306 4384 434 4443 sumus,
460 4366 696 4446 deprecantes
721 4364 785 4426 tibi
809 4366 905 4447 apud
931 4367 1207 4447 omnipotentem
1226 4366 1341 4429 Deum
1365 4366 1482 4428 omnia
1504 4387 1586 4448 pro-

306 4492 411 4553 spera
436 4482 471 4533 et
494 4470 661 4553 gloricsa,
687 4471 820 4551 gratias
846 4472 909 4533 tibi
927 4471 1065 4551 agimus
1089 4492 1154 4554 pro
1172 4482 1233 4534 tuo
1251 4471 1369 4534 officia
1394 4482 1492 4535 tanto
1514 4492 1587 4535 non

306 4598 393 4660 quas
418 4581 597 4659 debemus,
623 4579 658 4639 id
684 4597 775 4641 enim
802 4589 855 4642 est
871 4578 1056 4657 infinitum,
1073 4580 1133 4640 sed
1152 4590 1304 4660 quantas
1320 4580 1437 4642 animo
1453 4598 1588 4660 capere

304 4722 427 4729 Μ-
437 4724 516 4729 --.-

338 4795 359 4842 'l
377 4792 469 4840 Edidit
488 4794 626 4841 Laemmer
645 4794 689 4841 sed
710 4794 864 4842 incorrecte.

336 4869 357 4941 ¹¹¹)
378 4872 466 4921 Verba
485 4874 621 4937 sequentia
640 4890 722 4937 usque
742 4875 774 4922 ad
794 4876 883 4923 decere
902 4882 927 4923 tc
943 4880 992 4922 etc.
1013 4874 1102 4922 omisit
1122 4876 1267 4938 laernmer,
1287 4876 1376 4925 nescio
1397 4892 1449 4939 quo
1468 4877 1535 4930 lato.
