3425 5700
672 536 918 596 soture*

149 685 293 748 roribus
315 685 465 767 ipsoque
489 704 555 766 pro
579 685 776 766 haeretico,
805 701 844 749 ut
868 685 1009 767 quidem
1035 696 1103 766 est,
1136 686 1352 766 reputando,
1388 684 1436 745 ita

149 793 321 874 religiose
352 801 388 855 et
411 792 570 875 graviter
594 812 632 855 se
656 793 830 874 gessisse,
863 802 903 856 ut
926 812 992 855 nos
1016 801 1052 854 et
1075 792 1155 854 Deo
1179 800 1216 854 et
1238 791 1304 854 tibi
1327 790 1434 854 maxi-

150 918 288 961 marum
324 897 520 980 gratiarum
556 899 738 962 debitores
773 899 899 976 simus,
935 900 1086 980 Deoque
1111 898 1206 980 quod
1229 898 1259 961 is
1283 897 1436 960 animum

149 1015 249 1068 tuum
274 1006 328 1068 sui
351 1003 475 1068 Sancti
499 1003 653 1088 Spiritus
677 1006 762 1088 igne
787 1008 832 1068 ad
857 1005 1103 1070 defensionem
1126 1004 1288 1070 veritatis
1312 1025 1434 1067 accen-

148 1111 256 1192 derit,
289 1112 424 1194 tibique
448 1112 649 1176 constantia
673 1123 708 1175 et
731 1113 867 1194 pietate
891 1122 953 1176 tua
976 1112 1124 1193 dignum
1148 1112 1261 1175 eidem
1286 1109 1435 1194 Spiritui

147 1216 285 1282 Sancto
316 1219 352 1282 in
383 1229 444 1283 tuo
475 1228 623 1301 pectore
653 1219 868 1283 domicilium
896 1219 1086 1302 prebuisti,
1119 1220 1258 1300 hocque
1281 1217 1435 1280 maxime

147 1327 355 1390 necessario
380 1336 541 1408 tempore
565 1337 691 1390 contra
709 1326 854 1408 impium
871 1326 1027 1390 furorem
1044 1345 1160 1388 novae
1180 1325 1435 1390 debacchantis

147 1437 343 1498 haereseos
376 1443 412 1498 et
444 1434 690 1498 auctoritatem
724 1443 820 1506 tuam
851 1454 992 1496 omnem
1015 1443 1052 1496 et
1075 1432 1300 1515 prudentiam
1324 1451 1434 1515 oppo·
1494 1493 1497 1500 .

147 1541 271 1613 suisti;
306 1542 402 1623 quod
435 1562 513 1604 cum
546 1541 678 1604 virtute
708 1551 769 1604 tua
800 1551 835 1604 et
867 1540 1053 1604 nobilitate
1077 1539 1240 1622 dignum,
1269 1549 1342 1602 tum
1366 1539 1433 1602 isto

148 1649 232 1730 ipso
256 1647 463 1712 charissimo
488 1647 523 1710 in
544 1647 684 1712 Christo
708 1647 780 1710 filio
804 1657 927 1710 nostro
942 1645 1073 1710 Cesare
1098 1646 1164 1709 luit
1181 1645 1433 1728 dignissimum,

147 1755 251 1820 cuius
274 1765 312 1818 ut
336 1757 452 1819 honor
474 1755 648 1818 maximus
672 1755 723 1817 sic
747 1754 891 1836 pietatis
914 1756 991 1817 laus
1012 1753 1049 1815 in
1073 1754 1142 1816 hoc
1166 1773 1275 1835 opere
1291 1753 1432 1816 sanctis·

147 1862 241 1926 simo
265 1861 437 1944 precipua
460 1860 537 1924 fuit.
585 1861 639 1924 Ac
664 1882 729 1924 nos
753 1861 896 1943 quidem
920 1861 1123 1925 memoriam
1147 1861 1236 1924 tanti
1259 1860 1309 1923 tui
1326 1859 1434 1923 officii

146 1977 361 2051 perpetuam
393 1968 427 2032 in
459 1968 576 2032 animo
609 1968 856 2048 retinebimus,
888 1969 965 2050 ipse
988 1977 1107 2032 autem
1131 1967 1229 2031 Deus
1252 1977 1434 2049 spectator

148 2076 245 2138 idem
279 2085 315 2139 et
344 2084 588 2139 remunerator
622 2078 795 2139 bonorum
826 2095 991 2158 operum,
1025 2073 1081 2136 cui
1104 2076 1193 2137 haec
1217 2096 1239 2138 a
1262 2085 1298 2137 te
1322 2095 1433 2156 opera

149 2191 283 2245 navata
314 2191 367 2244 est
398 2193 435 2245 et
465 2182 521 2244 cui
553 2184 741 2246 multorum
773 2181 931 2246 fidelium
954 2180 1093 2246 animae
1121 2191 1245 2264 perte
1269 2184 1430 2245 suntvel

146 2297 314 2351 servatae
337 2290 396 2352 vel
420 2288 593 2368 redditae,
620 2310 663 2352 ea
686 2289 751 2352 tibi
776 2289 913 2371 premia
929 2290 1029 2370 large
1047 2288 1219 2370 conteret,
1243 2300 1433 2371 quaesunt

146 2396 313 2460 omnibus
336 2395 498 2460 humanis
522 2395 800 2476 cogitationibus
824 2395 968 2460 maiora.
1011 2395 1114 2458 Nunc
1137 2398 1233 2477 quod
1257 2396 1430 2478 reliquum

145 2513 213 2568 est.
240 2512 306 2566 etc.

759 2960 812 3026 51.

380 3084 455 3163 Leo
483 3084 525 3165 lt
555 3084 789 3165 Maruhioni
816 3086 1193 3188 brandeburgensi.

593 3222 735 3293 (turbt.
748 3222 875 3282 demun.
887 3222 918 3282 iu
931 3222 985 3295 88.)

551 3330 627 3399 (Cum
647 3334 742 3384 litteris
765 3347 804 3396 19.
825 3336 915 3384 Martii
937 3332 1025 3399 1521.)

237 3457 307 3519 Dii.
331 3456 390 3521 fili.
438 3458 589 3540 Agimus
613 3460 799 3524 Nobilitati
828 3470 910 3525 tuae
935 3463 1052 3524 denuo
1077 3462 1210 3542 gratias
1234 3463 1329 3545 quod
1353 3461 1426 3523 offi-

145 3565 239 3629 cium
264 3584 349 3646 sepe
373 3562 441 3627 iam
467 3564 683 3646 prestitimus
700 3576 745 3647 et,
770 3576 808 3630 ut
823 3568 976 3649 videtur,
1000 3588 1118 3632 sumus
1133 3568 1324 3650 prestituri,
1349 3589 1427 3631 cum

144 3672 175 3735 si
211 3680 273 3733 tua
308 3669 438 3733 eximia
469 3670 504 3734 in
538 3673 629 3735 hanc
661 3670 829 3737 Sanctam
861 3672 992 3739 Sedem
1024 3685 1059 3739 et
1091 3676 1291 3738 universam
1321 3673 1427 3737 fidem

145 3776 358 3841 catholicam
390 3778 668 3861 quotidianaque
699 3781 825 3843 merita
850 3782 1115 3864 expendantur,
1145 3783 1241 3845 nulla
1265 3782 1428 3845 videatur

144 3884 263 3948 oratio
285 3884 590 3966 prestantissimae
615 3896 697 3949 tuae
720 3887 841 3951 virtuti
867 3909 908 3951 ac
924 3888 1048 3971 pietati
1065 3889 1214 3971 reperiri
1230 3909 1336 3971 posse
1352 3909 1427 3971 par,

144 4002 182 4056 et
206 3991 350 4073 quidem
373 3990 409 4055 in
434 3990 553 4055 officio
569 3995 665 4076 quod
680 3996 726 4056 ad
743 4015 963 4060 communem
980 3995 1194 4059 christianae
1210 3995 1428 4077 reipublicae

143 4098 304 4182 pertinet
326 4100 495 4181 salutem,
526 4099 575 4163 ita
599 4122 637 4164 se
661 4101 755 4184 gerit
777 4111 839 4165 tua
863 4103 1040 4168 Nobilitas
1063 4113 1101 4166 ut
1125 4102 1231 4167 facile
1254 4112 1428 4186 appareat

144 4209 293 4270 multum
323 4216 358 4269 te
390 4206 426 4269 in
460 4227 502 4270 eo
533 4207 644 4271 amori
676 4228 817 4292 quoque
848 4220 970 4275 nostro
1003 4210 1160 4273 tribuere
1192 4220 1228 4273 et
1256 4209 1288 4271 ei
1321 4229 1427 4291 quam

144 4333 235 4395 erga
259 4332 324 4376 nos
348 4313 444 4396 geris
468 4315 768 4387 benevolentiam
794 4317 857 4379 sed
883 4327 919 4380 et
941 4317 970 4381 si
986 4317 1140 4399 probriis
1155 4326 1191 4379 et
1207 4316 1427 4379 contumeliis

142 4420 325 4483 hominum
351 4421 468 4483 omnia
493 4442 562 4484 uno
587 4421 750 4486 incendio
776 4434 811 4486 et
834 4423 940 4487 fidem
966 4434 1001 4487 et
1015 4443 1141 4506 pacem
1156 4433 1192 4488 et
1207 4444 1426 4487 communem

142 4527 374 4589 concordiam
399 4527 572 4610 dissipare
595 4528 789 4592 volentium
813 4530 972 4612 quotidie
996 4551 1151 4613 persona
1174 4542 1296 4594 nostra
1318 4530 1424 4613 impe-

142 4634 241 4713 titur,
266 4630 379 4696 minus
404 4636 512 4698 multo
537 4635 572 4697 id
597 4655 682 4718 egre
702 4636 847 4700 ferimus
870 4659 974 4720 quam
989 4641 1085 4721 quod
1101 4636 1287 4702 venenatis
1304 4658 1425 4701 eorum

143 4750 182 4804 et
217 4740 440 4805 sermonibus
475 4751 511 4805 et
545 4742 686 4825 scriptis
721 4745 838 4806 bonae
875 4757 910 4807 et
942 4745 1023 4827 piae
1057 4756 1193 4808 mentes
1224 4744 1259 4806 in
1290 4745 1424 4808 unitate

142 4844 302 4911 Sanctae
337 4846 421 4912 fidei
453 4852 726 4931 perturbantur,
758 4860 795 4912 ut
827 4851 939 4915 omnis
971 4872 1092 4916 eorum
1124 4852 1224 4915 furor
1246 4853 1282 4915 in
1307 4851 1424 4916 odium
