3425 5700
808 596 1055 655 043572&

292 738 328 805 in
341 741 466 806 Valvis
484 752 519 805 et
531 744 622 806 Acie
636 744 806 826 predictis
829 766 1016 827 perunum
1041 766 1088 809 ex
1106 745 1210 808 dictis
1225 745 1435 809 Cursoribus
1449 744 1573 809 debite

291 848 437 913 affixum
463 860 498 913 et
521 850 678 931 legitime
698 853 900 915 executioni
915 853 1058 935 publice
1085 854 1335 916 demandatum
1358 851 1573 915 iudicialiter

291 956 514 1038 reproduxit,
540 978 581 1021 ac
606 960 792 1023 citatorum
817 960 904 1023 inibi
926 971 1172 1024 contentorum
1197 980 1268 1023 non
1293 958 1572 1041 comparentium

291 1083 357 1125 nec
381 1064 514 1145 aliquid
547 1075 669 1128 contra
699 1066 813 1149 ipsam
845 1067 1126 1131 commissionem
1158 1067 1277 1129 dicere
1310 1087 1373 1129 seu
1401 1066 1572 1147 excipere

291 1171 503 1253 curantium,
536 1174 788 1236 contumaciam
828 1175 1019 1255 accusavit,
1047 1173 1217 1257 ipsosque
1250 1185 1477 1237 contumaces
1506 1194 1573 1256 per

290 1276 388 1360 ipsos
411 1276 640 1343 Franciscum
665 1280 889 1345 Cardinalem
913 1302 955 1344 ac
988 1281 1187 1361 Johannem
1219 1290 1255 1345 et
1288 1280 1467 1345 Gentilem
1498 1284 1571 1343 Au·

291 1383 423 1447 ditores
457 1387 614 1467 reputari
637 1386 738 1471 fecit,
764 1408 805 1451 ac
830 1388 936 1451 etiam
972 1388 1140 1471 obtinuit,
1172 1409 1311 1452 necnon
1345 1389 1572 1469 postmodum

292 1510 411 1554 coram
434 1492 521 1574 ipsis
544 1496 734 1558 nonnullos
757 1494 940 1558 Articulos
963 1515 1071 1576 super
1094 1495 1271 1559 natalibus
1296 1505 1332 1559 et
1345 1494 1571 1577 legitimitate

289 1599 460 1681 predictis
484 1602 622 1684 obtulit,
640 1612 674 1667 et
690 1603 786 1665 aliud
803 1602 981 1665 citationis
998 1602 1161 1666 Edictum
1184 1612 1309 1666 contra
1332 1602 1430 1684 ipsos
1463 1601 1570 1665 inter-

288 1727 365 1771 esse
389 1718 556 1790 putantes
580 1710 740 1773 similiter
772 1708 992 1792 affigendum
1017 1721 1053 1773 et
1077 1711 1327 1792 exequendum
1358 1712 1404 1772 ab
1434 1709 1572 1772 eisdem

289 1812 536 1879 Cardinalibus
567 1817 613 1879 ad
644 1816 831 1879 dicendum
861 1825 897 1879 et
930 1816 1179 1899 excipiendum
1211 1816 1377 1899 quicquid
1410 1816 1571 1880 similiter

289 1931 412 1985 contra
441 1921 537 2005 ipsos
570 1924 739 1987 articulos
764 1924 883 1987 dicere
907 1925 983 1987 sive
1008 1924 1177 2006 excipere
1200 1926 1353 2004 vellent,
1385 1945 1426 1986 ac
1450 1925 1496 1987 ad
1520 1923 1569 1986 vi-

288 2029 442 2091 dendum
467 2039 502 2093 et
525 2030 740 2094 audiendum
772 2030 870 2113 ipsos
903 2032 1072 2095 articulos
1094 2032 1140 2095 ad
1169 2032 1394 2114 probandum
1418 2031 1568 2110 admitti,

288 2146 324 2199 et
348 2137 474 2201 Testes
505 2159 611 2220 super
641 2138 710 2202 illis
739 2160 779 2202 ac
810 2149 887 2202 tota
920 2160 1028 2203 causa
1059 2138 1277 2220 huiusmodi,
1303 2137 1421 2201 iurare
1450 2148 1486 2201 et
1521 2140 1567 2201 ad

288 2244 473 2307 iurandum
506 2246 644 2308 admitti
673 2248 718 2310 ad
749 2255 883 2310 certam
916 2248 1009 2309 diem
1033 2246 1216 2309 iuridicam
1240 2256 1324 2308 tunc
1348 2266 1568 2329 expressam,

287 2352 474 2414 terminum
504 2352 646 2434 quidem
681 2353 786 2417 etiam
815 2353 1095 2436 peremptorium
1135 2362 1412 2435 competentem,
1449 2373 1490 2415 ac
1520 2354 1568 2415 ad

290 2457 443 2521 dandum
465 2458 740 2541 interrogatoria
755 2461 785 2524 si
802 2482 873 2543 qua
896 2461 981 2523 dicti
1006 2460 1103 2524 citati
1127 2481 1192 2542 pro
1217 2459 1304 2542 ipsis
1326 2458 1493 2523 'festibus
1515 2458 1566 2521 in·

290 2566 517 2646 terrogandis
547 2569 632 2630 dare
663 2570 796 2631 vellent
826 2587 893 2650 per
919 2576 1028 2631 totam
1059 2568 1156 2630 illam
1188 2576 1224 2630 et
1247 2576 1454 2649 sequentem
1478 2565 1567 2646 dies,

288 2692 386 2735 more
410 2672 514 2737 solito
540 2674 684 2738 decerni
708 2674 809 2753 fecit,
839 2695 881 2738 ac
911 2676 1036 2737 eadem
1065 2675 1122 2737 die
1155 2673 1369 2737 adveniente
1402 2672 1566 2735 Edictum

288 2781 495 2862 posterioris
521 2782 697 2845 citationis
721 2782 920 2846 huiusmodi
943 2781 979 2844 in
1003 2782 1118 2846 valvis
1142 2792 1177 2845 et
1194 2781 1283 2844 Acie
1306 2778 1477 2862 predictis
1500 2798 1567 2860 per

288 2908 394 2952 unum
420 2909 465 2952 ex
491 2890 593 2952 dictis
618 2889 828 2954 Cursoribus
852 2889 1013 2952 similiter
1036 2887 1184 2952 affixum
1215 2898 1251 2951 et
1281 2885 1484 2950 executioni
1508 2888 1565 2949 de·

287 2997 491 3082 mandatum
520 2997 554 3060 in
595 2996 687 3060 illius
726 2997 876 3060 termino
910 2995 1072 3078 predicto
1105 3015 1224 3059 coram
1251 2993 1338 3075 ipsis
1372 2993 1566 3056 Francisco

290 3101 469 3168 Cardinali
493 3125 534 3167 ac
557 3105 721 3184 Johanne
745 3115 782 3167 et
804 3103 948 3168 Gentile
964 3102 1198 3166 Auditoribus
1221 3101 1327 3164 etiam
1342 3099 1565 3185 reproduxit‚

288 3218 324 3272 et
348 3210 535 3274 citatorum
558 3211 799 3294 predictorum
823 3231 895 3274 non
915 3208 1195 3292 comparentium
1211 3228 1277 3271 nec
1293 3206 1425 3289 aliquid
1440 3215 1566 3270 contra

287 3316 384 3398 ipsos
412 3316 620 3381 Cardinales
649 3319 767 3383 dicere
802 3319 862 3381 vel
903 3316 1071 3400 excipere
1114 3314 1311 3380 curantium
1345 3335 1410 3398 per
1448 3314 1566 3396 ipsum

288 3423 467 3504 Angelum
483 3425 705 3488 contumacia
721 3433 897 3506 accusata,
919 3423 1077 3506 ipsisque
1101 3421 1368 3487 contumacibus
1381 3419 1566 3504 reputatis,

287 3549 353 3612 per
376 3530 474 3613 ipsos
503 3531 733 3595 Franciscum
769 3531 995 3595 Cardinalem
1026 3552 1068 3594 ac
1096 3531 1295 3611 Johannem
1326 3538 1362 3591 et
1386 3527 1565 3592 Gentilem

287 3636 482 3701 Auditores
506 3639 620 3703 dictos
637 3639 818 3702 Articulos
842 3641 888 3702 ad
911 3640 1135 3721 probandum
1159 3635 1298 3700 admitti
1320 3635 1423 3719 petiit
1446 3646 1481 3700 et
1504 3637 1565 3699 ob·

287 3743 409 3826 tinuit,
445 3767 487 3809 ac
520 3767 640 3810 coram
671 3746 722 3810 eis
756 3748 945 3810 nonnullos
975 3747 1101 3810 Testes
1123 3745 1325 3828 fidedignos
1348 3764 1456 3826 super
1477 3742 1566 3827 ipsis

288 3851 446 3917 articulis
471 3864 507 3918 et
529 3865 607 3920 tota
630 3876 738 3919 causa
761 3855 1007 3937 inquisitiones
1029 3853 1231 3917 huiusmodi
1253 3851 1408 3932 induxit,
1441 3860 1477 3914 et
1500 3869 1567 3932 per

288 3959 515 4024 Franciscum
545 3961 768 4027 Cardinalem
792 3973 864 4026 tam
888 3982 952 4025 suo
976 3983 1082 4045 quam
1105 3961 1284 4025 Leonardi
1308 3957 1506 4023 Cardinalis
1530 3967 1567 4020 et

287 4065 433 4149 Collega
458 4069 658 4133 nominibus
666 4118 675 4151 ,
704 4091 745 4134 ac
777 4071 976 4150 Johannem
1008 4078 1043 4132 et
1067 4067 1247 4132 Gentilem
1270 4066 1464 4131 Auditores
1487 4084 1565 4148 pre·

285 4172 380 4239 fatos
404 4175 510 4239 etiam
534 4177 645 4258 recipi
669 4185 706 4240 et
729 4177 866 4240 admitti
891 4178 937 4240 ad
960 4176 1147 4239 iurandum
1163 4183 1269 4258 prout
1286 4175 1447 4237 iurarunt
1461 4170 1567 4235 tactis

285 4302 351 4364 per
374 4303 436 4345 eos
461 4292 497 4345 et
520 4303 641 4347 eorum
665 4283 858 4366 quemlibet
882 4286 929 4347 ob
951 4286 1020 4347 hoc
1045 4281 1237 4365 Scripturis
1260 4279 1496 4345 sacrosanctis
1518 4279 1566 4341 ad

285 4399 408 4454 sancta
431 4391 500 4453 Dei
524 4391 712 4474 evangelia
743 4393 787 4454 de
819 4392 971 4455 dicendo
1007 4411 1131 4474 puram
1163 4410 1296 4454 meram
1321 4397 1357 4453 et
1380 4387 1565 4466 sinceram,

285 4515 400 4577 quam·
414 4517 522 4579 super
551 4498 618 4561 hiis
653 4499 784 4562 scirent
819 4498 1025 4579 veritatem,
1050 4518 1171 4561 amore
1194 4497 1319 4560 favore
1341 4495 1395 4558 ira
1418 4504 1454 4557 et
1476 4491 1565 4555 invi-

285 4602 345 4664 dia
368 4603 510 4684 penitus
532 4605 750 4687 postpositis.
807 4604 852 4667 Et
876 4605 1094 4685 successive,
1125 4626 1170 4668 ne
1201 4606 1248 4666 ab
1279 4602 1455 4686 aliquibus
1479 4610 1565 4663 tem·

284 4728 374 4790 pore
398 4711 618 4791 procedente
642 4712 688 4775 de
710 4711 780 4774 fide
805 4722 842 4774 et
856 4711 1042 4794 legalitate
1057 4711 1231 4774 dictorum
1247 4711 1406 4773 Testium
1429 4705 1566 4788 aliquid

285 4815 400 4896 possit
422 4817 568 4880 hesitari
591 4817 752 4900 prefatus
775 4819 938 4901 Angelus
962 4827 1080 4881 certos
1108 4818 1197 4882 alios
1230 4817 1411 4882 Articulos
1441 4814 1565 4896 legali·

284 4922 366 4986 tatis
390 4923 548 5006 ipsorum
565 4925 722 4990 Testium
738 4925 1044 5008 comprobatorios
1060 4946 1179 4989 coram
1201 4923 1352 5008 prefatis
1372 4921 1566 4986 Francisco
