3425 5700
650 511 898 568 0-43227&

222 657 301 720 Non
336 657 356 722 ὲ
380 660 488 722 1110110
512 669 644 722 venuto
670 679 692 721 a
715 660 809 721 buon
833 670 946 741 punto
980 661 1065 741 che,
1099 662 1133 722 al
1157 669 1323 742 presente
1347 663 1412 723 che

142 781 245 826 stamo
275 763 311 826 in
345 774 470 846 questo
494 774 590 828 resto
615 766 659 828 de
685 765 934 847 expeditione,
965 765 1008 828 sii
1036 775 1128 828 stato
1153 769 1272 837 levato
1303 768 1337 831 el
1360 789 1411 830 se·

141 883 275 952 questro
301 873 336 934 in
362 874 395 934 la
420 891 527 935 causa
552 873 597 935 de
622 873 645 934 li
668 872 770 934 frutti
794 873 838 935 de
864 872 1021 936 Valenza
1045 875 1105 936 del
1128 873 1307 956 Episcopo
1324 875 1410 938 Leo-

140 979 254 1041 diense
285 988 322 1041 et
351 987 521 1041 revocato
553 981 587 1043 el
612 982 721 1042 breve
746 999 916 1043 concesso
947 1000 1012 1062 per
1043 981 1077 1042 el
1101 978 1165 1043 S¹¹²⁰
1190 983 1320 1063 perche
1352 983 1412 1045 nui

140 1085 322 1148 habbiamo
347 1107 368 1148 a
392 1084 448 1148 iar
471 1088 516 1148 de
541 1086 600 1167 lui,
625 1095 661 1149 et
685 1107 784 1149 come
808 1088 898 1150 altre
915 1089 1011 1150 volte
1035 1089 1081 1150 ho
1099 1087 1232 1168 scritto,
1257 1087 1306 1150 lui
1324 1088 1363 1151 fu
1387 1088 1411 1151 il

139 1193 244 1272 primo
276 1193 344 1255 che
375 1192 584 1256 commincio
615 1214 636 1255 a
667 1197 738 1256 ben
762 1195 944 1275 besognar
972 1192 1007 1256 in
1032 1203 1158 1275 questo
1184 1195 1334 1276 negocio
1366 1197 1410 1258 de

140 1299 280 1379 Luther,
317 1309 353 1362 et
384 1299 402 1362 ὲ
433 1309 531 1363 09110
564 1309 599 1363 91
631 1321 740 1364 ancor
770 1300 806 1362 in
834 1309 960 1382 questo
992 1312 1112 1382 tempo
1144 1302 1236 1365 dove
1268 1302 1288 1365 e
1318 1313 1410 1366 stata

140 1405 386 1487 l'importanza
410 1408 456 1469 da
479 1406 540 1489 poi
564 1409 597 1470 el
620 1408 723 1470 venir
747 1408 791 1470 de
814 1408 963 1489 Luther,
987 1428 1026 1471 se
1050 1407 1070 1470 9
1094 1419 1236 1492 portato
1262 1411 1409 1472 excelle·

142 1521 286 1575 temente
320 1523 458 1576 etcum
484 1513 616 1577 Cesare
651 1523 686 1577 et
710 1514 867 1577 Chevres
901 1516 997 1598 apud
1027 1536 1116 1597 quos
1149 1518 1262 1597 pollet
1294 1517 1411 1598 gratia

142 1629 173 1680 et
195 1619 235 1705 (si
257 1619 378 1701 vellet)
404 1619 509 1682 etiam
535 1620 758 1699 auctoritate,
784 1631 818 1684 et
842 1642 921 1684 curn
945 1622 1061 1703 questi
1085 1623 1237 1705 principi
1258 1623 1410 1687 alemani

142 1727 182 1788 de
210 1727 232 1789 li
255 1726 350 1808 quali
374 1727 423 1790 lui
447 1728 494 1790 ha
517 1727 709 1791 benissimo
733 1732 768 1790 la
792 1729 931 1811 lingua,
963 1731 1029 1792 che
1054 1740 1151 1792 certo
1178 1731 1263 1793 nihil
1295 1731 1410 1812 potuit

140 1833 172 1895 in
203 1854 242 1896 90
265 1834 481 1915 desiderari,
514 1833 569 1898 his
591 1836 801 1916 praesertim
835 1837 1024 1918 postremis
1057 1837 1184 1899 diebus
1213 1838 1248 1900 in
1281 1839 1408 1919 quibus

141 1939 313 2004 conflictus
336 1940 404 2003 fuit
427 1961 520 2004 acer.
558 1942 716 2004 Adcedrt
739 1944 804 2005 che
828 1944 994 2007 havendo
1019 1943 1067 2006 lui
1092 1956 1218 2025 quatro
1243 1966 1264 2007 o
1281 1945 1408 2026 cinque

140 2049 266 2128 grande
298 2050 458 2131 querelle
482 2069 547 2130 per
579 2048 603 2110 li
627 2049 806 2131 privilegii
839 2049 1001 2112 concessi
1032 2071 1055 2112 a
1078 2051 1198 2114 Roma
1230 2075 1250 2115 a
1282 2051 1363 2114 laici
1388 2074 1408 2114 a

143 2155 367 2233 grandissima
392 2155 624 2219 enervatione
648 2158 707 2219 del
732 2177 794 2219 suo
820 2156 1039 2238 episcopato,
1064 2158 1133 2220 mai
1158 2180 1202 2220 ne
1225 2160 1272 2222 ha
1287 2161 1407 2222 voluto

140 2259 191 2323 dir
215 2264 338 2344 parole
361 2282 383 2325 o
407 2261 509 2325 farne
540 2283 608 2345 pur
631 2283 744 2345 segno
774 2263 809 2325 in
834 2275 960 2346 questa
984 2265 1097 2344 dieta,
1134 2275 1170 2328 et
1193 2265 1266 2329 scio
1298 2267 1407 2329 01191

140 2378 223 2430 stato
252 2371 361 2433 molto
393 2370 601 2434 extimulato
634 2372 680 2433 da
711 2371 792 2433 altri
823 2391 844 2432 a
875 2371 976 2433 farne
1009 2373 1275 2454 lamentatione,
1311 2375 1406 2454 quod
1472 2373 1475 2377 “

139 2495 268 2557 semper
291 2477 408 2539 animo
433 2479 545 2540 verbo
570 2485 605 2538 et
629 2497 667 2539 re
693 2476 914 2559 apertissime
939 2478 1126 2543 recusavit.
1171 2480 1276 2542 Unde
1300 2481 1406 2543 facile

137 2580 274 2646 inducor
297 2593 336 2645 ut
359 2583 503 2647 credam
528 2584 634 2665 (quod
653 2593 689 2646 et
708 2583 785 2664 ipse
802 2583 886 2646 mihi
902 2585 1124 2647 sanctissime
1139 2585 1269 2649 iuravit
1285 2588 1405 2669 saepe)

137 2691 197 2751 che
219 2691 335 2772 quella
358 2692 518 2771 querella
543 2700 718 2773 concepta
742 2693 831 2753 altre
847 2693 946 2754 volte
969 2712 1034 2773 per
1059 2712 1192 2774 porger
1211 2691 1244 2756 in
1261 2694 1295 2756 la
1310 2694 1406 2756 dieta

136 2797 177 2858 de
200 2797 360 2881 Augusta
382 2797 421 2860 fu
444 2797 535 2861 fatta
559 2797 605 2860 da
630 2817 675 2861 un
699 2797 871 2862 canonico
897 2800 941 2861 de
966 2798 1229 2881 Aequisgrana,
1255 2801 1320 2864 che
1345 2821 1406 2865 era

135 2903 167 2965 in
198 2904 288 2967 dieta
312 2926 379 2988 per
401 2925 506 2967 nome
537 2906 596 2968 del
620 2908 716 2968 clero
741 2907 923 2969 leodiense
956 2915 1080 2968 contra
1111 2906 1168 2969 chi
1199 2906 1404 2989 l'episcopo

134 3012 175 3073 ha
198 3032 264 3075 una
287 3010 523 3093 grandissima
546 3012 608 3075 lite
634 3013 668 3075 in
693 3022 788 3085 rota;
814 3023 851 3075 et
875 3024 1000 3095 questo
1025 3014 1197 3076 canonico
1215 3035 1330 3077 messo
1346 3018 1404 3080 del

133 3119 224 3181 clero
253 3118 469 3183 nomiaando
506 3119 527 3181 l'
542 3118 711 3201 episcopo
745 3130 868 3183 auctor
899 3123 943 3183 de
975 3122 1025 3182 tal
1049 3123 1208 3201 querella
1237 3121 1404 3185 intendea

131 3223 182 3285 far
213 3228 279 3289 due
303 3246 406 3306 cose,
437 3226 554 3289 irritar
577 3226 599 3289 l'
613 3226 761 3308 imperio
787 3237 911 3290 contra
935 3228 970 3291 la
1001 3239 1099 3291 corte
1131 3229 1166 3290 di
1190 3230 1309 3292 Roma
1339 3251 1404 3311 per

130 3350 235 3395 causa
257 3333 302 3396 de
325 3335 360 3395 la
384 3353 529 3396 reserva
561 3344 596 3397 et
621 3334 864 3416 derogationi,
895 3344 930 3398 et
953 3334 1114 3398 inimicat
1137 3337 1171 3398 el
1191 3334 1255 3397 S¹¹¹⁰
1280 3346 1404 3399 contra

130 3436 148 3498 l’
162 3438 330 3523 episcopo
355 3442 400 3503 de
425 3439 481 3503 chi
506 3442 604 3503 detto
627 3441 798 3505 canonico
822 3441 970 3505 insieme
987 3462 1065 3505 cum
1081 3444 1113 3505 el
1130 3444 1226 3505 01910
1250 3454 1286 3505 91
1302 3464 1402 3525 prae-

129 3545 244 3609 sertim
268 3549 311 3610 de
327 3546 493 3609 LXXIII
517 3548 706 3631 collegiate
732 3548 849 3612 chiese
875 3550 934 3612 del
954 3570 1063 3631 paese
1088 3549 1124 3611 di
1139 3548 1250 3630 Liege
1270 3550 1402 3613 dacer·

127 3650 210 3715 rimo
242 3654 458 3717 adversario
506 3654 551 3716 Et
581 3676 731 3718 revera
760 3656 806 3717 ho
830 3655 947 3719 inteso
971 3676 1037 3737 per
1060 3655 1211 3720 relation
1245 3656 1280 3719 di
1304 3658 1402 3720 molti

127 3758 188 3822 che
212 3760 304 3825 cossi
329 3762 366 3843 e,
398 3760 443 3824 119
467 3782 592 3825 11191100
616 3764 648 3825 91
674 3762 846 3825 0911011100
871 3764 1079 3845 sopradetto
1110 3765 1144 3825 lo
1169 3764 1275 3846 niega
1300 3785 1401 3827 como

125 3862 279 3931 intendo.

209 3974 358 4038 Ancora
390 3997 455 4059 per
479 3977 599 4058 quella
630 3978 758 4039 lettera
791 3980 856 4041 che
881 3978 1028 4041 Erasmo
1062 3978 1188 4041 scrisse
1222 3999 1243 4041 a
1268 3978 1401 4041 Luther

125 4080 185 4142 che
216 4082 251 4144 el
278 4083 449 4165 episcopo
480 4085 515 4145 lo
543 4082 820 4166 favoreggiava,
858 4085 956 4148 detto
988 4086 1157 4168 episcopo
1188 4105 1233 4147 ne
1264 4085 1400 4149 estate

126 4186 210 4250 cossi
235 4191 308 4251 mal
333 4198 502 4252 contento
527 4190 593 4252 che
618 4211 688 4253 non
712 4190 741 4253 si
765 4194 825 4272 pol
850 4192 1033 4274 acquietar
1055 4212 1160 4255 verso
1185 4194 1230 4254 de
1253 4192 1400 4255 Erasmo

125 4302 156 4355 et
177 4305 296 4375 certo,
328 4305 461 4377 quanto
486 4298 520 4359 lo
546 4298 591 4359 ho
615 4296 824 4379 pratticat0,
856 4319 996 4380 sempre
1020 4300 1103 4361 holo
1128 4309 1268 4362 trovato
1292 4322 1401 4363 ancor

124 4400 183 4463 che
207 4402 324 4465 libero
350 4412 386 4464 et
409 4403 530 4465 iocoso
556 4404 600 4465 de
624 4406 765 4486 lengua,
789 4414 881 4468 tutta
895 4408 993 4469 volta
1017 4406 1139 4469 ottimo
1158 4407 1400 4470 ecclesiastico

125 4518 154 4570 et
177 4512 242 4573 che
276 4510 326 4572 ha
355 4508 548 4573 bonificato
578 4511 613 4574 la
644 4532 707 4573 sua
732 4512 851 4575 chiesa
884 4523 919 4575 et
943 4522 1034 4576 tutto
1065 4515 1097 4575 el
1122 4534 1185 4576 suo
1209 4516 1305 4577 clero
1335 4534 1400 4595 per

124 4616 209 4679 assai
239 4616 381 4680 miliara
406 4626 442 4679 et
466 4615 602 4679 miliara
633 4618 677 4680 de
702 4619 819 4681 ducati
844 4621 889 4681 de
914 4621 1059 4692 intrata;
1095 4621 1207 4701 perho
1237 4622 1398 4702 supplico

125 4725 153 4783 el
174 4724 215 4787 sii
239 4724 554 4788 reccommandato
578 4724 613 4787 in
639 4733 764 4806 questa
788 4746 851 4789 sua
875 4747 981 4789 causa
997 4726 1188 4806 valentina,
1212 4728 1399 4808 presertim

124 4831 242 4899 adesso
267 4832 338 4898 che
362 4832 514 4897 havemo
540 4832 584 4897 de
608 4834 769 4916 besogno
787 4833 881 4899 assai
905 4835 949 4899 de
973 4834 1022 4897 lui
1041 4834 1076 4896 in
1097 4833 1259 4897 eradicar
1273 4844 1398 4916 queste

1186 4939 1240 4997 tu*
