3425 5700
800 605 1029 661 *ltilisst’fl

275 752 341 813 che
364 771 537 832 appresso
550 751 620 814 Dio
644 751 757 833 prima
782 762 816 814 et
840 752 901 834 poi
919 753 1049 817 Nostro
1067 750 1221 834 Signore
1246 764 1281 816 et
1305 762 1396 816 tutto
1420 755 1554 815 l’sacrc

275 856 462 940 Colleggio
480 868 660 921 trovarete
685 859 862 941 condegni
886 860 1012 941 premii
1036 870 1072 921 et
1096 860 1222 941 gratie,
1248 871 1284 922 et
1306 860 1364 923 noi
1388 880 1454 941 per
1478 880 1554 941 pro·

274 966 353 1046 pria
377 974 498 1028 nostra
520 966 666 1029 volonta
689 986 795 1029 senza
818 966 1050 1047 requisitione
1075 969 1120 1030 de
1144 966 1240 1047 altri,
1265 988 1286 1028 3
1310 976 1430 1047 tempo
1455 987 1498 1029 ve
1522 969 1555 1029 le

274 1092 525 1153 procureremo
551 1081 587 1135 et
610 1074 860 1154 impetraremo
886 1094 955 1137 333
980 1083 1070 1137 tutto
1095 1074 1118 1135 il
1143 1084 1269 1156 potere
1287 1082 1419 1139 nostro,
1456 1073 1556 1136 State

275 1180 441 1260 adunque
475 1178 510 1241 di
542 1160 637 1242 bono
670 1180 788 1243 animo
821 1192 857 1241 et
888 1190 1118 1261 perseverate
1147 1200 1246 1243 come
1271 1179 1318 1243 fin
1343 1180 1401 1261 qui
1427 1182 1555 1243 havere

274 1285 371 1348 facto
401 1286 814 1350 constantissimamente.
863 1288 933 1349 Per
966 1288 1057 1350 altro
1090 1306 1262 1369 appresso
1286 1287 1321 1349 vi
1346 1287 1376 1349 si
1400 1287 1556 1349 scriverai

274 1391 333 1474 pilr
358 1394 502 1474 allongo
532 1402 568 1455 et
591 1394 866 1475 provvederassi
895 1394 930 1456 di
957 1394 1017 1475 qni
1045 1394 1202 1457 secundo
1230 1393 1310 1456 sera
1338 1406 1553 1475 opportuno

276 1500 375 1561 Bene
399 1502 527 1565 valete.

363 1606 566 1671 Florentiae
592 1607 725 1670 XXVI
748 1607 933 1671 Februarii
957 1608 1141 1671 MDXXL

1182 1732 1291 1802 nnn..
1314 1734 1520 1784 Vicecancenar.

814 1922 955 1933 ,nwwvvwv-
962 1923 998 1934 ,κν
1004 1924 1017 1933 Ν

890 2152 943 2217 29.

640 2259 967 2342 vicecancellarius
996 2260 1185 2341 Alcandrc.

710 2406 852 2477 (11130131.
873 2408 1000 2467 German.
1018 2405 1050 2464 11.
1069 2406 1121 2476 26.)

496 2525 547 2593 (Ex
567 2527 703 2575 Florentia
722 2539 764 2590 27.
784 2528 863 2580 Febr.
885 2554 919 2563 -
937 2529 1067 2575 Wormat
1090 2539 1114 2578 2.
1134 2526 1224 2574 Martii
1247 2522 1333 2593 1521.)

364 2652 412 2714 Se
446 2652 481 2714 io
505 2671 577 2715 non
601 2652 699 2714 fusse
723 2653 893 2714 talmente
918 2669 1091 2732 oppresso
1116 2650 1151 2711 di
1175 2648 1327 2711 facende
1351 2658 1386 2711 et
1409 2651 1561 2732 negotii,

275 2778 376 2822 corne
409 2780 449 2821 sa
474 2758 518 2823 V.
543 2760 579 2822 S.
609 2770 644 2821 et
675 2779 745 2820 non
769 2778 917 2839 sapesse
942 2760 1009 2820 che
1033 2759 1151 2839 quella
1175 2776 1244 2819 non
1269 2756 1341 2838 pub
1369 2756 1562 2839 respirare,

275 2867 436 2929 crederei
458 2867 494 2929 la
517 2867 587 2929 mia
602 2887 623 2927 3
641 2869 676 2928 13
690 2887 754 2929 sua
770 2875 867 2928 sorte
883 2886 1001 2928 essere
1019 2865 1205 2947 megliore;
1232 2884 1288 2926 ma
1305 2869 1562 2947 cognoscendo

274 2983 366 3036 tutto
391 2975 410 3037 l’
429 2975 610 3056 opposito,
635 2994 704 3037 333
729 2994 848 3057 veggo
873 2973 1006 3056 perche
1030 2973 1053 3035 li
1078 2974 1197 3036 debba
1222 2972 1377 3037 scrivere
1401 2976 1564 3036 secondo

275 3081 480 3166 mixticerca
503 3102 570 3162 per
593 3085 627 3144 la
651 3102 714 3144 sua
738 3081 774 3143 di
790 3080 878 3155 XIl;
902 3080 1040 3162 imperb
1057 3082 1136 3142 chel
1153 3081 1306 3162 bisogno
1323 3080 1406 3143 delli
1422 3081 1565 3162 negotii

275 3187 305 3248 si
321 3198 511 3252 commette
528 3191 573 3251 da
590 3189 710 3252 Roma
727 3198 763 3250 et
778 3188 803 3251 li
819 3187 922 3253 affari
946 3186 1007 3268 qui
1031 3207 1118 3250 sono
1143 3188 1252 3249 molto
1277 3187 1456 3250 differenti
1474 3187 1567 3250 delli

275 3295 355 3358 altri
379 3293 479 3376 costi,
503 3305 539 3358 et
563 3295 598 3358 di
622 3315 786 3358 recreare
811 3294 855 3357 V.
874 3292 909 3359 S.
936 3314 1002 3357 con
1025 3295 1060 3357 le
1085 3294 1153 3356 mie
1177 3295 1303 3356 lettere
1329 3294 1349 3356 e
1373 3301 1472 3356 tanto
1500 3294 1566 3357 im·

274 3404 474 3484 pertinente
509 3403 566 3465 all'
588 3402 817 3466 insufitientia
852 3411 888 3465 et
923 3401 1184 3483 occuppatione
1220 3401 1290 3463 mia
1325 3410 1458 3483 quanto
1498 3403 1568 3484 piu

274 3518 396 3591 presto
428 3510 463 3572 io
496 3520 607 3591 tengo
638 3509 792 3591 bisogno
825 3508 861 3570 di
895 3507 1008 3572 simile
1041 3507 1226 3574 medicina.
1282 3508 1453 3571 Existimo
1479 3511 1572 3574 chel

274 3616 431 3679 remedio
463 3616 548 3679 delli
580 3616 755 3680 communi
785 3614 918 3678 affanni
942 3613 1096 3678 consiste
1119 3615 1154 3678 in
1178 3616 1394 3699 supportarli
1418 3616 1572 3698 pacien—

276 3732 429 3786 temente
455 3737 491 3786 et
512 3724 549 3785 in
572 3723 689 3786 fructu
713 3743 831 3786 rerum
853 3725 947 3786 bene
971 3733 1167 3804 gestarum,
1199 3726 1233 3787 el
1257 3725 1361 3805 quale
1385 3733 1574 3804 quantun·

275 3851 344 3912 que
368 3850 438 3892 non
462 3829 491 3893 si
515 3849 635 3911 vegga
659 3828 733 3893 cosi
756 3831 827 3892 alla
850 3832 984 3911 palese,
1010 3829 1138 3911 eperb
1156 3840 1239 3893 noto
1254 3833 1326 3894 alla
1341 3829 1576 3924 gratitudine

275 3937 330 4000 de'
347 3937 505 4018 Patroni,
529 3937 553 4001 li
578 3938 673 4018 quali
700 3946 846 4000 sentano
868 3937 913 3999 de
930 3936 973 3998 V.
991 3934 1028 3998 S.
1046 3939 1164 4019 quello
1180 3940 1246 4001 che
1263 3946 1299 4000 et
1313 3937 1576 4004 meritamente

275 4048 442 4108 debbono
476 4056 511 4108 et
543 4048 576 4108 le
606 4045 699 4108 virtu
729 4055 765 4108 et
797 4046 891 4107 bone
922 4043 1056 4125 qualite
1085 4065 1147 4107 sue
1171 4045 1364 4108 ricercan0.
1413 4043 1480 4107 Cui
1512 4069 1577 4111 me

274 4154 461 4233 plurimum
486 4154 705 4217 commendo,
753 4152 955 4214 Florentiae
980 4152 1132 4215 XXVII
1149 4151 1334 4215 Februarii
1349 4151 1552 4220 MDXXI.

1325 4293 1386 4355 scr.
1406 4289 1451 4354 lr.

1249 4383 1538 4438 Vite-CancellariuS.
