3425 5700
647 551 895 610 &iustus

140 709 174 762 ut
194 699 381 763 novissime
398 699 635 762 renuntiatum
652 711 716 780 est,
740 702 786 762 ab
804 700 929 762 eodem
946 702 1042 763 clero
1060 699 1272 763 erfordiensi
1289 699 1411 761 decem

141 806 227 868 milia
258 827 445 868 aureorum
469 805 691 869 Renensium
722 827 800 869 cum
825 816 998 888 perpetua
1025 807 1256 870 ecclesiarum
1278 805 1411 867 ibidem

141 914 266 976 iactura
287 915 353 996 pe'r
377 912 581 976 violentiam
606 922 844 992 extorserunt,
870 933 912 976 ac
936 915 1127 995 plerosque
1151 934 1198 975 ex
1221 911 1412 976 sacerdoti-

142 1023 200 1083 bus
222 1019 346 1102 oppidi
370 1020 406 1082 in
431 1019 575 1082 exilium
600 1030 761 1102 egerunt.
809 1020 869 1082 Ad
884 1022 975 1083 haec
999 1019 1211 1083 sediciosum
1236 1020 1413 1101 quendam

144 1127 419 1190 concionatorem
436 1126 670 1208 professionis
685 1125 809 1190 Sancti
826 1127 1020 1209 Augustini
1045 1127 1104 1207 qui
1128 1137 1253 1189 contra
1275 1124 1412 1188 Sancti·

144 1234 214 1297 tatis
230 1235 275 1298 V.
302 1234 522 1298 maiestatem
546 1243 670 1298 contra
693 1235 822 1298 dictam
847 1243 1045 1297 creaturam
1068 1242 1224 1296 vestram
1247 1253 1290 1296 ac
1313 1233 1413 1295 cleri-

144 1339 243 1404 calem
258 1349 390 1404 statum
406 1351 443 1404 et
466 1339 678 1423 dignitatem
702 1341 866 1404 viliorem
890 1344 1032 1424 plebem
1056 1340 1191 1403 tristius
1215 1339 1348 1421 incitat,
1371 1359 1414 1402 ac

144 1451 180 1511 ad
200 1447 388 1530 perfidiam
411 1449 557 1530 pellicet
581 1451 677 1530 apud
701 1469 739 1512 se
763 1449 873 1513 fovet.

219 1591 463 1674 Magdeburgi
494 1600 682 1672 praetcrea
712 1590 861 1672 singulis
883 1591 961 1654 fere
986 1591 1149 1654 noctibus
1173 1591 1282 1654 aedes
1306 1599 1341 1652 et
1366 1593 1413 1652 le-

146 1707 270 1761 nestras
294 1700 518 1761 sacerdotum
536 1698 663 1761 aemuli
684 1699 825 1779 quidam
841 1697 1093 1780 perfregerunt
1110 1706 1145 1760 et
1162 1697 1313 1761 interdiu
1331 1718 1413 1779 quo-

146 1825 204 1886 que
234 1805 311 1868 ausi
344 1805 487 1868 fuerunt
518 1805 658 1868 ianuam
688 1805 885 1868 sacerdotis
909 1805 1090 1868 cuiusdam
1115 1805 1261 1868 violare.
1309 1805 1413 1867 Prae-

146 1921 231 1975 terea
266 1912 418 1996 exigunt
453 1911 583 1994 passim
618 1933 638 1974 a
674 1912 920 1975 sacerdotibus
956 1922 992 1974 ut
1026 1933 1064 1974 se
1089 1912 1269 1975 fateantur
1291 1910 1415 1974 favere

147 2001 286 2081 Martino
301 2017 458 2080 Luthero
483 2029 519 2081 et
536 2018 572 2080 id
596 2038 710 2100 genus
734 2019 974 2082 molestiarum
998 2018 1193 2082 intulerunt
1208 2022 1316 2098 clero,
1340 2021 1413 2100 plu-

146 2121 256 2189 rimum
281 2125 376 2188 dicta
401 2135 518 2188 tamen
543 2136 706 2189 creatura
730 2137 850 2190 vestra
875 2126 949 2209 egit
973 2138 1010 2189 ut
1034 2138 1321 2210 compesceretur
1345 2127 1413 2189 iam

146 2232 288 2312 gliscens
312 2233 481 2294 tumultus
505 2253 546 2295 ac
571 2230 800 2316 insigniorem
827 2234 902 2297 eius
932 2235 1139 2316 tragaediae
1163 2245 1345 2297 auctorem
1369 2233 1414 2296 ad

147 2341 257 2402 turrim
280 2340 380 2403 dedit
403 2339 452 2402 ita
475 2350 513 2403 ut
537 2361 629 2403 nunc
654 2342 772 2424 aliqua
796 2342 1033 2425 tranquillitas
1057 2341 1160 2405 adsit.

226 2467 344 2548 Lipsie
369 2465 503 2528 ordinis
525 2467 699 2530 minorum
717 2467 1007 2530 concionatorum
1025 2477 1061 2530 et
1077 2466 1166 2530 alius
1183 2466 1316 2529 ordinis
1342 2464 1414 2527 divi

147 2571 326 2655 Augustini
351 2573 592 2656 Magdeburgi
625 2575 766 2638 nomine
797 2575 985 2639 islebensis
1018 2577 1160 2656 publice
1195 2577 1239 2637 de
1263 2577 1415 2636 ambone

147 2681 255 2743 testati
287 2690 369 2743 sunt
400 2702 479 2744 cum
503 2682 671 2765 lacrymis
695 2703 734 2744 se
758 2684 931 2745 hactenus
955 2681 1119 2744 docuisse
1135 2701 1274 2744 errores
1296 2691 1332 2742 et
1355 2680 1414 2742 im-

146 2805 313 2870 pugnasse
338 2788 552 2853 catholicum
581 2789 696 2853 virum
720 2789 927 2870 Martinum,
953 2788 1217 2871 miserabilique
1242 2807 1332 2850 voce
1356 2786 1417 2849 im·

146 2896 320 2973 plorarunt
350 2898 520 2979 populum
553 2897 598 2958 ad
634 2897 926 2960 intercedendum
962 2898 1058 2979 apud
1082 2898 1197 2959 Deum
1221 2916 1287 2976 pro
1313 2894 1417 2957 venia

144 3010 234 3065 tante
258 3002 458 3085 impietatis,
485 3024 598 3087 eoque
622 3004 704 3066 fuco
729 3003 796 3066 sibi
813 3004 1003 3067 maximum
1019 3023 1228 3067 concursum
1245 3001 1416 3064 fecerunt.

146 3107 215 3171 Tali
237 3109 382 3191 ingenio
408 3131 465 3173 res
484 3111 602 3191 agitur
628 3120 663 3173 et
678 3111 728 3173 sic
745 3110 968 3174 insanissima
983 3111 1101 3173 studia
1116 3108 1214 3193 vulgi
1230 3112 1417 3174 vehemen-

145 3215 206 3279 tius
227 3216 461 3280 inflamantur.
725 3197 730 3208 Ι

225 3350 441 3415 Sacerdotes
465 3352 625 3416 nonnulli
655 3372 786 3415 uxores
817 3354 1017 3425 duxerunt;
1055 3371 1183 3433 nempe
1207 3352 1416 3433 Archipres·

145 3457 229 3521 biter
252 3456 287 3522 in
312 3461 504 3541 Komberg
526 3459 661 3541 oppido
687 3458 831 3522 ditionis
862 3458 1092 3521 Illustrissimi
1125 3458 1235 3520 Ducis
1259 3456 1417 3521 Saxonis

145 3562 310 3629 Electoris
345 3566 380 3629 in
415 3566 507 3628 facie
536 3565 718 3630 Ecclesiae
753 3566 1011 3629 matrimonium
1047 3566 1192 3646 publice
1229 3564 1418 3646 contraxit,

145 3670 234 3734 cuius
271 3683 390 3736 tamen
421 3673 592 3755 puniendi
631 3682 792 3753 potestas
829 3692 900 3734 non
925 3673 1028 3734 datur
1066 3680 1230 3735 creature
1265 3680 1418 3735 vestrae.

146 3778 238 3841 Alius
263 3790 407 3843 curatus
431 3779 573 3862 quidam
598 3782 664 3843 sub
689 3778 822 3842 ditione
847 3790 1024 3842 certorum
1041 3779 1215 3841 Comitum
1241 3780 1285 3841 de
1302 3777 1418 3841 Mans-

145 3882 202 3947 felt
230 3884 320 3949 citra
351 3896 470 3949 tamen
502 3886 761 3950 solemnitatem
793 3906 872 3949 cum
903 3885 1026 3949 infami
1058 3886 1204 3949 muliere
1229 3886 1418 3965 contraxit,

145 4008 239 4071 quem
262 3992 380 4056 dictus
405 3994 567 4057 dominus
591 3994 763 4057 Albertus
780 3993 980 4057 Cardinalis
995 3992 1029 4055 in
1057 3990 1206 4056 vinculis
1223 4002 1257 4055 et
1273 4012 1417 4055 carcere

145 4098 290 4173 detinet;
316 4101 439 4164 statuit
462 4110 580 4164 tamen
607 4102 758 4164 eundem
783 4100 812 4163 si
837 4121 994 4163 errorem
1018 4121 1118 4163 suum
1135 4099 1324 4182 agnoverit
1347 4100 1417 4162 adi-

145 4215 214 4267 ecta
237 4208 359 4289 aliqua
382 4203 708 4289 animadversione,
740 4229 819 4272 cum
851 4210 997 4290 aliquod
1029 4208 1121 4271 inter
1152 4229 1235 4271 suos
1266 4208 1350 4271 boni
1374 4209 1420 4271 sit

145 4312 297 4394 nominis,
321 4316 369 4375 ad
394 4314 597 4377 eorumdem
623 4314 797 4379 Comitum
825 4315 1123 4397 supplicationem
1155 4325 1191 4377 et
1214 4314 1418 4377 instantiam

146 4422 382 4504 emancipare:
416 4421 704 4504 quandoquidem
736 4423 841 4484 valde
875 4431 1114 4503 opportunum
1144 4421 1328 4486 videretur
1359 4421 1418 4484 ubi

146 4528 373 4611 resipisceret,
398 4538 619 4607 retractaret,
644 4540 680 4591 et
704 4530 943 4591 detestaretur
959 4528 1096 4591 facinus
1113 4528 1348 4610 designatum,
1372 4530 1419 4590 ad

145 4636 418 4717 compescendos
447 4636 552 4716 alios,
583 4636 642 4717 qui
676 4656 722 4698 ex
753 4656 796 4698 eo
828 4636 1048 4698 incarcerato
1074 4655 1241 4717 magnum
1265 4634 1418 4697 animum

146 4742 338 4826 ardensque
361 4742 516 4807 studium
538 4744 585 4805 ad
609 4763 667 4805 res
691 4743 878 4805 novandas
901 4741 1042 4805 iamiam
1067 4741 1275 4823 concepisse
1299 4742 1418 4805 viden·

42 4849 48 4948 Ἰ
147 4856 201 4908 tur.
246 4849 468 4932 Expectabit
501 4860 619 4912 tamen
648 4870 755 4931 super
779 4851 847 4912 hoc
871 4850 1074 4913 mandatum
1101 4847 1308 4912 Sanctitatis
1331 4848 1418 4913 Ves-
