3425 5700
722 591 982 658 &xiib-⁶

217 739 368 810 maiores
392 753 489 820 sunt;
516 741 611 828 quod
636 741 739 809 Italia
763 745 901 812 litteras
926 749 1061 830 amisit,
1095 744 1192 830 quod
1216 744 1334 811 Tibris
1352 743 1500 811 defluxit

217 853 252 917 in
284 853 516 939 Rhenum“¹).
578 853 811 935 Philosophia
848 868 884 919 et
921 857 1105 939 theologia
1145 870 1227 919 tunc
1257 855 1429 937 temporis
1464 855 1499 917 in

219 961 411 1024 Germania
441 961 518 1024 fere
550 959 691 1023 omnino
730 962 1025 1043 negligebantur;
1064 963 1190 1026 litteris
1224 973 1258 1026 et
1297 961 1500 1043 eloquentia

218 1069 336 1131 omnia
360 1071 568 1151 agebantur.
616 1067 661 1128 Et
686 1068 830 1130 Lutheri
856 1069 1030 1151 discipuli,
1056 1072 1138 1132 dum
1162 1069 1338 1132 Lutherus
1362 1080 1398 1132 et
1422 1090 1499 1131 con·

219 1175 316 1248 cilia,
342 1187 376 1238 et
399 1174 604 1257 pontificem
628 1187 664 1236 et
687 1176 840 1257 logicam
866 1197 1007 1258 quoque
1032 1177 1244 1258 reiciebat2),
1269 1198 1403 1239 summa
1427 1176 1501 1237 dili·

217 1283 340 1365 gentia
364 1302 569 1364 summoque
594 1283 712 1344 studio
737 1285 866 1365 stylum
892 1293 927 1346 et
951 1284 1100 1347 formam
1125 1285 1336 1366 scriptorum
1351 1294 1387 1345 et
1401 1283 1500 1345 libel·

218 1393 331 1453 lorum
357 1401 392 1453 et
416 1399 615 1470 satyrarum
636 1390 817 1472 polibant;
842 1391 1027 1453 Aleander
1050 1392 1126 1472 ipse
1150 1401 1300 1453 testatur
1326 1411 1364 1452 se
1394 1390 1500 1471 parti·

218 1498 332 1558 culam
358 1497 530 1578 epistolae
555 1495 703 1557 Hutteni
720 1499 906 1577 plusquam
931 1509 1072 1560 centum
1089 1497 1369 1560 correctionibus
1392 1495 1499 1558 refer-

217 1617 298 1684 tam,
313 1623 428 1686 paene
444 1603 593 1684 singulis
608 1603 726 1664 verbis
742 1603 863 1665 decies
879 1603 1031 1683 mutatis,
1048 1603 1189 1668 vidisse.
1216 1605 1294 1684 Qua
1311 1603 1499 1666 occasione

219 1731 396 1792 generosa
419 1709 679 1790 iustissimeque
705 1712 755 1772 ira
779 1710 962 1772 Alcander
986 1711 1164 1773 invehitur
1189 1711 1223 1773 in
1245 1721 1405 1772 oratores
1420 1709 1500 1771 illos

219 1828 255 1880 et
279 1827 405 1900 poetas
429 1817 488 1897 qui
513 1816 653 1878 Romae
677 1817 858 1897 plaeclara
890 1817 1034 1898 ingenia
1065 1817 1338 1898 politioremque
1369 1818 1500 1898 stylum

220 1926 253 1986 in
280 1945 393 1986 vacua
416 1937 598 2004 poemata,
634 1922 669 1984 in
703 1925 884 1986 rhetorum
915 1923 1086 1986 exercitia
1119 1925 1344 1986 insumebant
1370 1943 1428 2003 „se
1452 1923 1500 1984 vi·

218 2031 334 2094 cissim
359 2033 558 2093 lacerantes
582 2051 646 2111 pro
672 2050 741 2092 uno
757 2034 901 2112 verbo“,
925 2033 1008 2093 dum
1030 2032 1214 2093 unamines
1230 2052 1308 2093 esse
1324 2032 1499 2092 deberent

218 2139 253 2201 in
287 2138 494 2200 defensione
528 2139 724 2200 catholicae
756 2137 860 2216 fidei,
895 2138 1090 2219 Italiaeque
1125 2140 1260 2200 honore
1285 2137 1499 2198 vindicando

219 2267 240 2306 a
264 2243 485 2308 Germanicis
508 2244 736 2325 insultibus-³).

308 2351 380 2413 Sed
405 2353 474 2413 iam
499 2351 584 2412 satis
610 2353 654 2412 de
678 2351 751 2422 his;
778 2352 967 2414 dicendum
992 2351 1109 2433 potius
1134 2354 1179 2413 de
1203 2350 1354 2414 utilitate
1380 2371 1499 2413 monu-

219 2473 416 2523 mentorum
442 2471 642 2521 noetrorum
667 2479 712 2520 ex
739 2459 866 2539 quibus
900 2469 996 2520 certe
1026 2461 1136 2521 multa
1160 2479 1225 2539 pro
1250 2459 1419 2520 historica
1443 2477 1508 2518 ve·-

218 2569 321 2630 ritate
346 2567 541 2629 haurienda
566 2576 694 2646 essent,
720 2567 748 2627 si
772 2567 913 2628 occasio
931 2577 966 2628 et
983 2567 1231 2647 opportunitas
1248 2586 1341 2626 nunc
1358 2565 1500 2627 sineret.

218 2676 341 2756 Magni
373 2673 477 2756 pretii
511 2683 592 2734 sunt
622 2673 871 2734 instructiones
913 2673 1133 2755 Hieronymo
1174 2674 1356 2735 Alcandro
1395 2674 1501 2734 datae

218 2804 295 2845 curn
329 2784 373 2843 ad
416 2782 569 2842 diaetam
602 2780 906 2842 Wormaciensem
943 2779 1275 2863 proficisceretur⁴),
1313 2779 1500 2862 responsio

218 2890 336 2952 Caroli
372 2890 414 2950 V.
447 2892 492 2950 ad
529 2888 716 2970 epistolam
753 2888 1002 2949 Universitatis
1028 2886 1290 2967 Viennensis⁵),
1326 2888 1501 2967 epistolae

218 2997 346 3059 Leonis
370 2998 414 3057 ad
441 2996 587 3057 nuncios
611 2996 646 3057 in
672 2995 882 3073 Germania,
907 3006 944 3057 et
967 2996 1012 3056 ad
1037 2994 1202 3056 Catulum
1230 2994 1300 3075 Vi),
1327 2994 1501 3074 epistolae

218 3104 386 3185 anonymi
410 3106 454 3163 de
479 3105 585 3164 rebus
609 3101 872 3181 germanicisi),
899 3100 1038 3163 litterae
1064 3101 1235 3162 Alcandri
1260 3102 1304 3161 ad
1329 3100 1501 3179 Joannem

218 3211 376 3289 lickium,
411 3211 550 3272 litterae
584 3209 682 3271 Hezii
708 3211 753 3270 ad
779 3208 997 3271 Clementem
1025 3209 1168 3287 Papam,
1198 3207 1344 3268 Adriani
1369 3208 1430 3272 Vl.
1455 3209 1501 3268 ad

218 3317 363 3380 Archid.
389 3317 672 3391 Ferdinandum,
699 3315 850 3378 Gustaui
875 3314 1010 3376 Wasae
1043 3314 1139 3395 regis
1173 3313 1324 3376 Sueciae
1353 3317 1398 3375 ad
1431 3314 1498 3375 lla·

148 3486 151 3491 .
218 3424 379 3486 driauum
407 3423 477 3501 Vl,
503 3422 674 3501 Johannis
700 3422 832 3485 llaneri
858 3424 903 3483 ad
929 3422 1146 3483 Clementem
1178 3418 1296 3504 Vll.⁸).
1333 3422 1408 3483 Nec
1442 3420 1500 3482 mi·

219 3532 313 3594 noris
338 3530 442 3612 pretii
469 3530 681 3592 iudicandae
706 3529 880 3610 epistolae
904 3528 1069 3607 Rorarii,
1098 3527 1267 3609 Episcopi
1292 3528 1500 3607 Tridentini,

218 3638 415 3701 Cardinalis
441 3638 704 3719 Lotharingiae,
730 3637 947 3698 Ferdinandi
972 3636 1172 3698 archiducis
1207 3636 1251 3696 de
1281 3637 1376 3697 bello
1400 3634 1499 3696 rusti·

219 3768 358 3823 corum,
394 3756 429 3807 et
461 3746 687 3826 perspicuum
718 3744 804 3806 illud
838 3744 1086 3824 compendium
1121 3741 1324 3804 rebellionis
1357 3750 1392 3803 et
1416 3742 1500 3803 belli

219 3854 410 3915 eorundem
437 3856 482 3913 ab
507 3852 619 3914 Eckio
644 3872 709 3932 pro
736 3850 917 3913 Clemente
942 3851 1042 3930 Papa
1067 3862 1102 3910 et
1126 3870 1191 3931 pro
1223 3848 1380 3910 ilenrico
1404 3848 1500 3911 Vlil.

219 3960 372 4041 Angliae
400 3979 487 4040 rege
513 3958 755 4039 compositum.

308 4066 602 4129 Pretiosissimum
635 4075 897 4127 monumentum
935 4075 988 4125 est
1029 4064 1115 4125 illud
1152 4083 1220 4143 quo
1251 4062 1500 4124 instructiones

217 4174 441 4237 continentur
473 4172 651 4254 Episcopo
687 4170 898 4251 Tergestino
930 4182 966 4232 et
989 4170 1125 4248 Jodoco
1156 4172 1261 4230 datae
1285 4182 1324 4230 ut
1349 4168 1498 4231 Frideri-

219 4302 296 4343 cum
308 4280 488 4344 Saxonem
502 4300 522 4340 a
533 4278 688 4340 fovendo
702 4278 857 4339 Luthero
873 4278 1138 4352 deterrerentlp
1154 4276 1394 4337 Pallavicinus
1408 4276 1499 4336 enim

219 4409 264 4449 ex
297 4390 365 4450 hoc
390 4398 425 4449 et
450 4408 494 4449 ex
519 4386 679 4449 oratione
706 4386 878 4447 Alcandri
903 4390 948 4446 ad
973 4387 1099 4447 ducem
1125 4384 1363 4460 saxonemffl),
1393 4402 1498 4463 quen·

295 4566 312 4631 Ι)
332 4568 444 4615 Docum.
469 4576 508 4615 12.
528 4564 575 4617 sol.
594 4576 636 4623 31.
657 4572 682 4611 et
702 4564 761 4614 doc.
783 4562 815 4625 56
837 4562 883 4612 sol.
907 4575 964 4626 142,
987 4574 1045 4625 143.

295 4646 316 4712 ²)
336 4648 449 4697 Docum.
469 4658 510 4709 74.
532 4644 579 4698 sol.
602 4644 659 4705 196.
913 4642 937 4708 ⁸)
959 4645 1071 4691 Docum.
1091 4642 1133 4693 61.
1155 4641 1201 4689 iol.
1225 4652 1283 4702 155,
1307 4646 1362 4701 150.

291 4724 312 4779 ‘l
332 4730 400 4775 Doc.
419 4742 444 4789 4.
464 4726 510 4774 sol.
531 4726 556 4777 8.
910 4721 932 4788 5)
953 4725 1020 4777 Doc.
1042 4734 1066 4785 7.
1087 4722 1135 4773 sol.
1159 4722 1197 4769 16.

291 4805 312 4871 ⁶)
332 4810 399 4857 Doc.
419 4806 443 4859 8.
464 4806 511 4855 sol.
535 4818 564 4869 17
585 4812 610 4853 et
633 4817 671 4864 13.
692 4804 737 4854 sol.
757 4816 801 4869 34.
912 4803 930 4864 ²)
950 4806 1018 4854 Doc.
1042 4812 1070 4863 15
1092 4810 1117 4850 et
1137 4814 1178 4852 20.

291 4886 313 4954 ⁸)
333 4888 400 4935 Doc.
421 4899 462 4945 23,
486 4899 543 4947 129,
568 4898 624 4945 131,
647 4898 704 4949 141.
908 4883 930 4951 ⁰)
950 4886 1017 4932 θος,
1037 4894 1079 4944 35.
1100 4882 1146 4931 sol.
1167 4882 1208 4946 87.

281 4965 314 5037 ¹⁰)
334 4971 402 5019 Doc.
422 4964 464 5028 3'0.
485 4967 531 5021 sol.
552 4970 594 5029 09.
