3425 5700
821 489 1068 544 ῡ-Μῖδῢψ

304 652 388 694 cosa
413 634 456 694 de
481 633 627 715 Napoli,
658 635 792 715 perche
815 637 848 698 el
872 637 1022 698 molesta
1052 637 1085 698 le
1109 656 1193 698 cose
1218 638 1263 698 do
1287 637 1453 698 Roberto
1483 637 1526 697 de
1548 637 1577 696 la

304 739 464 802 Marchia
489 750 524 802 et
548 741 592 802 de
611 740 797 822 GheldreS,
823 752 858 805 et
883 743 998 805 scrive
1023 745 1088 805 che
1109 743 1133 805 li
1150 743 1422 824 dispiacerebbe
1443 763 1578 822 romper
1677 778 1678 803 3

305 849 355 909 tal
388 868 519 930 guerra
551 850 586 910 la
617 851 699 930 quai
734 849 814 911 sara
846 851 955 912 molto
989 849 1134 912 exitiale
1167 851 1237 912 alia
1261 849 1466 931 Republica
1491 848 1578 912 Chri·
1677 868 1678 873 ¹

305 953 428 1019 stiana.
476 955 536 1017 Ma
561 956 626 1017 che
652 955 785 1018 Coesar
807 956 846 1018 fa
869 957 931 1019 tali
956 957 1020 1019 atti
1044 959 1110 1020 che
1134 977 1201 1039 par
1224 957 1290 1018 che
1314 956 1474 1018 l'habbii
1498 955 1577 1017 diffi-

306 1060 407 1140 dato,
443 1062 555 1142 perho
587 1064 652 1126 che
677 1083 787 1125 ancor
817 1063 867 1125 lui
898 1062 917 1125 ὲ
942 1073 1137 1127 constretto
1162 1063 1267 1144 piliar
1297 1063 1446 1141 i'arme,
1482 1063 1529 1125 de
1551 1064 1578 1123 le

306 1167 401 1249 quali
425 1167 539 1232 scrive
566 1189 663 1231 esser
686 1171 721 1232 al
739 1179 906 1251 presente
923 1171 1028 1233 melio
1049 1170 1086 1232 in
1110 1170 1234 1233 ordine
1258 1173 1324 1232 che
1346 1191 1425 1234 esso
1442 1169 1579 1247 Caesar,
1677 1156 1678 1179 ³

307 1283 342 1336 et
366 1295 469 1337 cerea
496 1276 683 1356 permulti
707 1278 827 1358 moggi
860 1278 906 1340 de
929 1277 1130 1340 iustificarsi
1155 1299 1174 1340 e
1198 1277 1401 1358 prepararsi
1432 1278 1456 1339 li
1480 1277 1580 1339 animi

306 1384 351 1443 de
375 1380 555 1462 Germani,
580 1383 678 1446 accio
704 1405 774 1446 non
798 1405 836 1446 se
857 1385 1008 1462 movino,
1034 1396 1070 1448 et
1093 1385 1153 1466 gia
1177 1379 1270 1446 assai
1290 1386 1336 1446 de
1356 1384 1473 1465 questi
1488 1383 1580 1446 Prin·
1677 1372 1678 1375 ¹

307 1488 377 1570 cipi
409 1509 474 1569 par
507 1489 572 1550 che
606 1490 745 1552 sentino
779 1493 812 1553 al
847 1492 1025 1554 Francese
1063 1513 1134 1554 non
1168 1511 1311 1554 mancat
1343 1491 1435 1553 iusta
1468 1510 1580 1554 causa.
1677 1516 1678 1519 ¹

307 1594 442 1675 Questa
464 1598 570 1658 lettra
594 1617 656 1658 era
679 1598 802 1660 scritta
825 1599 861 1660 in
885 1598 1049 1662 francese
1082 1610 1117 1662 et
1140 1599 1201 1680 poi
1226 1599 1285 1680 qui
1309 1598 1347 1659 fu
1371 1599 1531 1660 tradotta
1551 1598 1582 1658 in

307 1704 468 1765 alemano
499 1713 534 1766 et
557 1705 643 1766 letta
668 1705 702 1766 in
727 1704 833 1767 Dieta
857 1727 877 1767 a
903 1705 1069 1787 Principi.
1117 1706 1174 1767 Ha
1200 1707 1283 1767 dato
1308 1705 1413 1768 etiam
1438 1706 1472 1766 in
1499 1725 1582 1767 coin·

306 1809 450 1872 mission
475 1811 509 1872 al
533 1831 596 1872 suo
619 1811 871 1874 Ambasciator
894 1813 1069 1875 instruere
1093 1813 1297 1893 singulatim
1322 1812 1407 1893 ogni
1422 1811 1584 1892 Principe

306 1937 328 1978 a
352 1936 435 1978 casa
460 1919 536 1979 loro
561 1927 596 1980 et
619 1928 796 1982 monstrat
820 1921 854 1981 la
879 1919 984 2002 copia
1009 1920 1104 1981 della
1127 1921 1255 1982 lettera
1280 1921 1345 1981 che
1370 1919 1391 1981 'l
1413 1918 1583 1980 scrivead

308 2022 418 2084 Cesar
450 2022 781 2104 particularmente,
815 2029 843 2087 si
878 2028 944 2089 che
978 2028 1086 2090 credo
1120 2027 1185 2088 che
1219 2027 1264 2088 de
1297 2026 1399 2088 brevi
1423 2026 1584 2088 Roberto

307 2128 419 2192 havra
443 2148 609 2193 soccorso
641 2144 676 2193 et
700 2153 743 2194 ne
775 2133 821 2194 ha
850 2137 919 2196 ben
952 2135 997 2195 de
1021 2135 1183 2213 besogno
1218 2133 1349 2214 perche
1373 2132 1515 2195 Nassau
1543 2135 1586 2194 ha

307 2236 400 2299 forte
431 2239 467 2299 la
497 2239 626 2320 gorgia
650 2240 757 2321 piena
788 2252 912 2304 contra
944 2244 988 2303 de
1013 2245 1048 2305 la
1071 2242 1220 2304 Marcha
1250 2249 1286 2302 et
1318 2239 1378 2322 gia
1400 2239 1516 2321 hoggi
1542 2240 1585 2300 ho

308 2344 433 2406 adviso
457 2365 523 2426 per
546 2366 593 2408 un
618 2348 663 2409 de
687 2347 756 2410 mei
781 2350 846 2410 che
871 2348 953 2411 vien
978 2351 1022 2411 de
1047 2349 1081 2410 la
1105 2349 1171 2412 che
1187 2347 1326 2410 Nassau
1342 2367 1388 2408 va
1411 2349 1444 2408 al
1462 2347 1586 2427 seggio

309 2451 353 2513 de
377 2451 557 2534 Florange
589 2464 624 2515 et
649 2456 680 2515 el
706 2463 810 2517 conte
835 2455 938 2517 Felix
962 2455 1022 2536 gia
1046 2455 1065 2516 e
1090 2478 1112 2517 a
1134 2456 1382 2517 Messencourt
1413 2454 1508 2516 lochi
1533 2454 1587 2514 del

309 2559 408 2621 detto
432 2559 597 2623 Roberto
631 2582 702 2623 non
726 2563 835 2624 molto
872 2562 1017 2624 distanti
1051 2562 1097 2625 (la
1129 2564 1163 2624 le
1197 2564 1285 2624 altre
1319 2581 1381 2623 soe
1414 2559 1588 2643 principa]

309 2665 472 2747 fortezze,
497 2667 526 2729 si
551 2668 616 2729 che
641 2670 692 2730 sel
716 2669 775 2731 Re
793 2667 898 2732 Gallo
923 2691 968 2732 no
992 2671 1027 2732 lo
1052 2669 1184 2747 adiuta,
1209 2668 1319 2730 dicesi
1344 2669 1409 2730 che
1433 2688 1479 2729 ne
1503 2666 1589 2729 hara

310 2772 489 2836 deshonor
521 2783 556 2835 et
579 2775 639 2856 poi
664 2775 888 2838 incommodo
912 2797 950 2840 se
975 2776 1108 2838 Caesar
1131 2776 1326 2858 prendesse
1358 2775 1472 2858 questi
1497 2772 1589 2836 lochi

309 2880 393 2943 forti
424 2902 445 2942 a
468 2883 503 2943 la
525 2880 698 2945 frontiera
732 2885 776 2946 de
800 2885 835 2945 la
858 2884 1012 2964 Franza,
1049 2885 1113 2947 sed
1145 2885 1190 2946 de
1214 2883 1317 2946 novis
1346 2891 1490 2965 praeter
1515 2902 1588 2965 pro-

308 2986 462 3068 positum
486 2990 566 3069 pius
590 2989 686 3051 satis

398 3094 437 3156 L’
452 3093 582 3158 official
615 3097 659 3158 de
683 3098 830 3160 Treveri
855 3108 953 3160 tante
977 3100 1074 3160 volte
1107 3101 1153 3161 da
1177 3099 1236 3160 noi
1260 3096 1509 3160 commendato
1534 3096 1588 3157 de-

310 3202 438 3264 manda
462 3212 586 3283 queste
611 3204 679 3265 doe
703 3205 828 3285 gratie,
854 3208 887 3267 le
912 3206 1017 3286 quale
1033 3205 1196 3286 supplico
1221 3225 1259 3266 se
1282 3203 1499 3285 epossibile,
1526 3204 1590 3264 che

310 3328 348 3371 se
371 3306 397 3371 li
419 3309 591 3389 facciano,
616 3311 749 3392 perche
773 3332 811 3373 se
834 3314 882 3374 ha
905 3322 1047 3394 portato
1072 3311 1263 3375 benissimo
1288 3330 1353 3391 per
1373 3310 1432 3371 noi
1456 3320 1493 3371 et
1510 3330 1589 3371 con·

310 3416 448 3479 citatosi
472 3416 531 3499 gia
555 3418 576 3480 l'
591 3418 673 3480 odio
699 3419 752 3481 de'
778 3418 990 3496 lutherani,
1014 3418 1038 3481 li
1063 3419 1158 3500 quali
1182 3417 1402 3480 cominciano
1427 3416 1486 3499 gia
1511 3416 1591 3478 farli

311 3523 488 3586 invective
513 3533 548 3586 et
572 3524 706 3588 Hutten
737 3528 773 3588 lo
797 3528 920 3589 morde
944 3525 979 3589 in
1004 3528 1039 3589 la
1062 3548 1126 3589 sua
1149 3526 1271 3589 ultima
1296 3524 1464 3606 epistola,
1497 3526 1591 3586 dove

310 3634 345 3695 lo
377 3631 553 3694 demanda
577 3634 770 3714 sophistam
797 3632 1103 3713 indocilissimum,
1139 3632 1277 3695 benche
1308 3632 1332 3693 il
1356 3652 1533 3713 cognome
1556 3630 1591 3691 in

312 3740 430 3821 quello
454 3740 532 3802 loco
566 3740 617 3801 sia
645 3740 826 3803 immutato
859 3751 895 3803 et
917 3762 983 3822 per
1007 3740 1149 3803 Ecciurn
1181 3741 1373 3821 legendum
1402 3747 1498 3800 esset
1523 3739 1591 3799 Ac-

311 3846 401 3908 cium
427 3846 484 3908 vei
509 3847 554 3908 de
578 3847 655 3909 acie
680 3849 740 3928 qui
764 3848 906 3910 omnino
929 3848 990 3910 ilie
1014 3848 1107 3910 idem
1132 3858 1199 3925 est,
1225 3849 1290 3909 che
1315 3867 1353 3908 se
1377 3846 1425 3907 ha
1447 3855 1592 3925 portato

312 3950 384 4014 cosi
409 3953 704 4017 catholicamente
729 3955 794 4016 che
819 3975 856 4016 se
881 3954 1126 4017 l'havessemo
1142 3953 1319 4017 rechiesto
1345 3953 1593 4015 nonharebbe

311 4060 416 4122 melio
440 4060 551 4141 fatto,
585 4070 621 4122 et
650 4070 703 4123 est
727 4060 847 4142 gravis
871 4082 1026 4143 persona
1051 4064 1159 4123 molto
1193 4065 1251 4141 qui
1276 4061 1491 4139 adoperato,
1527 4060 1594 4120 che

312 4187 451 4248 sempre
481 4165 516 4229 in
549 4177 674 4249 questa
698 4167 890 4232 Germania
920 4169 1081 4231 adiutari
1114 4170 1149 4231 la
1172 4187 1279 4230 causa
1303 4166 1347 4228 de
1371 4166 1441 4228 Dio
1474 4177 1512 4227 et
1536 4166 1593 4227 nel
1677 4165 1678 4168 ’

312 4274 469 4337 conselio
501 4276 582 4337 deil'
597 4275 750 4357 Imperio
782 4277 839 4339 del
864 4278 946 4357 qual
971 4278 1022 4338 sci
1047 4275 1134 4338 vora
1165 4277 1197 4336 el
1222 4273 1303 4336 sara
1333 4294 1412 4335 cum
1443 4275 1516 4334 bon
1542 4293 1594 4334 sa·

312 4381 400 4443 lario
426 4390 562 4444 etcum
589 4384 621 4445 el
645 4382 883 4458 Treverense,
918 4384 1013 4464 apud
1038 4403 1142 4464 quern
1167 4380 1285 4444 omnia
1307 4389 1438 4460 potest.
1484 4378 1594 4441 Prae-

312 4497 410 4552 terea
434 4510 473 4551 se
497 4489 526 4551 si
549 4488 573 4551 li
598 4489 791 4571 expedisce
815 4491 865 4551 tal
889 4510 972 4552 cosa
997 4499 1118 4571 presto
1142 4489 1250 4550 credo
1274 4488 1338 4549 che
1356 4485 1436 4549 sari
1459 4483 1488 4547 si
1513 4506 1594 4549 con-

312 4604 410 4658 tento
442 4596 506 4657 che
537 4616 608 4657 non
633 4596 713 4659 sara
737 4598 782 4659 da
805 4600 968 4678 besogno
992 4596 1072 4658 farli
1097 4599 1188 4657 altro
1217 4605 1403 4676 presente,
1437 4591 1465 4655 si
1489 4612 1595 4655 como

312 4705 462 4779 havemo
488 4704 609 4765 scritto
633 4703 694 4784 piir
718 4705 814 4767 volte
839 4706 872 4765 el
895 4703 1019 4785 signor
1035 4701 1173 4765 Nuncio
1199 4711 1234 4764 et
1257 4701 1306 4772 io;
1331 4720 1388 4762 ma
1405 4701 1450 4762 de
1465 4709 1595 4782 questo

312 4832 368 4875 me
391 4820 541 4875 remetto
567 4832 587 4875 a
611 4813 645 4874 ia
668 4810 852 4895 benignita
878 4811 936 4873 del
960 4808 1062 4873 SS¹¹¹⁰.
