3425 5700
828 546 1077 603 0433&ss>u

312 694 478 776 quirem,
503 696 639 759 harano
663 692 722 774 gra
747 692 956 775 parochiata
978 695 1014 757 la
1038 693 1269 756 excusatione
1292 714 1357 777 per
1381 705 1509 776 questa
1530 714 1583 757 sua

310 812 491 884 resposta,
526 802 572 863 de
596 820 666 863 non
692 802 803 863 haver
826 811 986 882 possuto.
1033 801 1064 862 Il
1094 801 1161 863 che
1184 802 1304 863 hanno
1337 800 1428 863 fatto
1450 800 1522 864 fino
1543 804 1582 864 ad

311 908 416 971 hora:
452 909 518 972 che
549 928 587 970 se
611 909 804 971 havessero
828 910 952 970 voluto
986 926 1131 989 ognuno
1164 926 1230 989 per
1260 928 1299 971 se
1328 906 1384 970 far
1415 909 1449 972 el
1472 908 1583 971 debito
1673 904 1675 910 ’

312 1034 413 1078 como
445 1024 620 1098 poteano‚
657 1024 692 1077 et
715 1034 825 1077 ancor
858 1024 1011 1096 poteno,
1049 1034 1119 1076 non
1154 1013 1183 1077 si
1207 1017 1361 1078 sarebbe
1393 1014 1532 1078 incorso
1551 1015 1582 1078 in

310 1130 410 1185 tanto
435 1142 566 1187 errore.

399 1229 444 1291 Et
468 1230 534 1292 che
557 1228 600 1292 sii
624 1230 656 1291 el
681 1248 766 1291 vero
791 1228 858 1291 che
882 1228 1028 1290 habiino
1052 1226 1207 1309 pessima
1222 1227 1437 1311 intentione,
1463 1240 1499 1291 et
1520 1248 1583 1291 non

311 1335 391 1399 dico
414 1356 485 1399 non
510 1335 666 1419 possin0,
691 1356 748 1398 ma
772 1354 842 1397 non
867 1335 1001 1398 voliino
1027 1334 1179 1416 exequir
1202 1336 1235 1397 el
1252 1335 1433 1418 Mundam,
1457 1337 1487 1398 si
1509 1354 1583 1417 cog-

310 1462 417 1506 nosce
442 1442 825 1505 evidentissimamente
849 1462 916 1524 per
939 1458 985 1503 un
1002 1440 1167 1523 Capitolo
1192 1441 1237 1505 de
1261 1443 1360 1505 detta
1376 1443 1498 1505 ultima
1512 1462 1584 1504 con·

310 1550 485 1630 elusione,
520 1551 614 1612 dove
638 1544 767 1611 dicono
792 1547 934 1611 deversi
957 1548 1098 1611 interim
1128 1568 1196 1630 per
1218 1550 1297 1612 loro
1321 1548 1520 1629 examinat,
1554 1562 1585 1611 et

309 1674 456 1739 separer
488 1656 513 1719 il
536 1658 630 1719 bene
663 1657 721 1718 dal
745 1656 856 1735 male,
893 1657 938 1717 de
970 1656 1005 1717 le
1038 1674 1153 1738 opere·
1183 1656 1228 1718 de
1263 1655 1380 1736 questi
1411 1655 1584 1736 haeretici,

310 1763 476 1827 accioche
499 1762 705 1827 finalmente
729 1762 758 1825 si
782 1762 873 1844 sapii
898 1764 965 1825 che
988 1760 1048 1825 via
1071 1762 1102 1824 si
1124 1761 1223 1824 habii
1246 1764 1293 1824 ad
1317 1762 1427 1845 tenir,
1452 1765 1488 1826 la
1510 1764 1584 1845 qual

309 1892 402 1953 cosa,
427 1872 519 1934 oltra
542 1872 608 1933 che
631 1890 697 1951 per
720 1868 817 1931 mille
841 1868 922 1950 capi
946 1869 965 1931 ἐ
988 1868 1097 1949 piena
1119 1869 1165 1931 de
1180 1868 1335 1950 impieta,
1362 1878 1399 1931 et
1412 1872 1585 1947 scandalo,

309 1978 355 2040 ad
379 1976 434 2040 dir
463 1978 510 2040 de
532 1996 664 2059 pensat
688 1976 815 2039 adesso
848 1977 915 2039 che
938 1975 997 2037 via
1021 1994 1060 2038 se
1083 1975 1181 2038 habii
1205 1976 1251 2038 ad
1274 1975 1367 2038 tenir
1393 1976 1430 2038 in
1453 1978 1487 2039 le
1510 1996 1585 2039 cose

309 2086 354 2148 de
378 2086 414 2147 le
436 2083 539 2159 fede;
565 2082 593 2145 si
618 2084 710 2145 vede
735 2084 996 2145 oculatamente
1019 2084 1086 2145 che
1110 2083 1129 2145 ὲ
1154 2092 1279 2145 contra
1305 2085 1473 2164 predetto
1494 2084 1584 2146 Man-

309 2193 403 2255 dat0.
449 2190 517 2255 Nel
548 2192 631 2272 qual
663 2190 693 2253 si
717 2190 927 2253 commanda
960 2201 1252 2271 expressamente
1284 2191 1351 2252 che
1380 2191 1586 2273 seguitando

307 2301 344 2362 la
366 2298 543 2361 sententia
567 2298 612 2361 de
637 2298 672 2359 la
696 2294 793 2361 Sede
818 2296 1031 2378 Apostolica
1053 2296 1101 2379 (A
1125 2298 1161 2359 la
1184 2298 1269 2377 qual
1292 2297 1369 2359 sola
1383 2298 1586 2379 appartiene

310 2404 447 2468 iudicer
470 2408 519 2468 tal
544 2424 643 2486 cosa,
680 2412 716 2466 et
739 2412 815 2467 tuto
846 2404 879 2466 el
904 2401 1195 2466 Christianesimo
1219 2404 1237 2466 ὲ
1262 2413 1386 2467 tenuto
1409 2405 1446 2466 in
1469 2415 1588 2487 questa

308 2522 412 2595 parte
445 2512 620 2593 seguirla,
656 2530 757 2575 como
792 2530 934 2591 sempre
958 2510 1006 2572 ha
1028 2509 1133 2592 fatto)
1165 2510 1231 2573 tuti
1259 2511 1377 2593 questi
1400 2511 1482 2575 libri
1514 2532 1586 2575 cum

308 2620 426 2700 quello
452 2619 517 2682 che
541 2618 578 2681 in
603 2618 673 2682 essi
696 2638 735 2681 se
760 2618 943 2698 contiene‚
970 2638 989 2681 e
1013 2621 1099 2698 ben,
1135 2638 1157 2680 ο
1181 2619 1274 2681 male
1298 2618 1389 2681 siino
1412 2618 1586 2701 prohibiti,

309 2736 345 2789 et
369 2727 426 2788 del
451 2734 527 2788 tuto
554 2728 600 2789 da
623 2725 832 2788 annihilare.
880 2725 910 2787 Il
933 2726 999 2787 che
1022 2724 1058 2787 in
1083 2724 1186 2787 simili
1210 2724 1284 2787 cesi
1308 2744 1449 2808 sempre
1472 2725 1509 2788 fu
1531 2728 1585 2787 ob·

308 2841 451 2897 servato
476 2843 512 2896 et
536 2835 582 2897 da
606 2833 630 2897 li
656 2831 822 2916 Apostoli
847 2853 948 2896 come
971 2850 1086 2914 appar
1109 2853 1155 2896 ne
1177 2832 1203 2895 li
1227 2832 1302 2913 atti,
1327 2840 1363 2896 et
1386 2834 1433 2896 da
1455 2832 1480 2898 li
1501 2834 1584 2896 Pon·

307 2940 411 3022 tinet,
445 2949 481 3004 et
504 2940 697 3005 universali
722 2933 887 3021 Concilii‚
920 2941 1063 3020 quando
1089 2958 1127 3001 se
1151 2940 1199 3002 ha
1221 2949 1368 3003 trattato
1393 2941 1439 3002 de
1463 2940 1486 3004 li
1509 2928 1586 3003 libri

308 3049 355 3110 de
378 3047 578 3128 Haeretici,
611 3047 636 3110 li
667 3045 763 3128 quali
787 3066 825 3109 se
850 3065 921 3109 non
946 3048 1140 3109 havessero
1172 3045 1209 3108 in
1233 3066 1272 3108 se
1302 3047 1455 3128 qualche
1484 3062 1586 3128 appa·

308 3153 423 3217 rentia
435 3153 491 3215 'de
516 3156 610 3216 bono
635 3173 707 3216 non
723 3154 919 3216 sarebbero
943 3152 1135 3234 periculosi
1159 3153 1239 3216 anci
1254 3173 1324 3216 non
1347 3155 1394 3215 da
1408 3153 1464 3216 far
1479 3154 1586 3216 stima

307 3259 353 3322 Et
376 3261 496 3341 quello
521 3261 586 3322 che
611 3261 629 3322 ὲ
654 3262 751 3323 bono
778 3259 812 3321 in
837 3260 933 3340 loro,
958 3260 1067 3322 molto
1091 3258 1197 3322 melio
1221 3257 1250 3321 si
1274 3269 1394 3340 trove,
1429 3269 1466 3322 et
1487 3279 1588 3323 senza

310 3366 413 3429 alcun
436 3366 598 3448 periculo
623 3386 668 3429 ne
692 3366 718 3429 li
741 3366 823 3429 libri
847 3365 1039 3448 approbati
1062 3365 1109 3428 da
1133 3367 1167 3428 la
1192 3365 1343 3429 Chiesia.

368 3468 370 3474 ’
398 3475 543 3536 Ancora
567 3475 686 3536 hanno
713 3475 880 3536 concluso
896 3481 1159 3555 presunptuosa
1175 3483 1211 3534 et
1226 3472 1347 3554 iniqua
1363 3481 1491 3555 mente,
1514 3475 1587 3551 che,

309 3601 330 3642 a
345 3591 472 3662 questo
489 3577 561 3642 San
579 3579 733 3642 Martino
749 3580 914 3661 proxime
929 3579 1048 3642 futuro
1064 3577 1093 3641 si
1109 3578 1331 3661 congregino
1354 3579 1390 3641 in
1406 3577 1512 3662 Spita
1524 3579 1587 3641 tuti

308 3685 333 3749 li
357 3686 440 3749 stati
457 3690 547 3748 cossl
565 3686 805 3750 Ecclesiastici
829 3707 930 3750 corne
952 3685 1114 3768 seculari,
1139 3687 1232 3748 dove
1254 3705 1292 3748 se
1308 3685 1405 3749 habii
1429 3695 1589 3750 atrattar

308 3795 354 3856 de
378 3794 412 3856 le
437 3813 520 3856 cose
545 3795 589 3856 de
614 3795 647 3855 la
667 3793 840 3876 Religion
865 3802 901 3856 et
925 3792 1088 3856 doctrina
1105 3791 1321 3864 Christiana;
1347 3811 1433 3863 cosa
1454 3793 1489 3856 in
1505 3813 1586 3854 vero

307 3899 432 3982 impia,
468 3909 504 3962 et
526 3899 729 3981 periculosa
752 3922 773 3962 a
797 3901 832 3963 la
856 3898 1105 3981 Christianith,
1142 3900 1171 3962 si
1195 3919 1295 3963 come
1319 3921 1341 3962 a
1363 3902 1441 3964 loro
1464 3897 1587 3983 pertie-

307 4027 410 4071 nesse
435 4026 541 4070 senza
565 4008 598 4070 el
623 4027 713 4090 capo
749 4008 793 4070 de
816 4008 852 4070 la
877 4006 1019 4070 Chiesia
1042 4007 1222 4089 disputat,
1257 4025 1280 4070 o
1304 4005 1450 4070 decider
1473 4008 1515 4070 de
1536 4009 1587 4069 tal

306 4113 472 4195 materia,
505 4123 540 4178 et
564 4134 635 4177 non
658 4114 720 4196 piir
744 4123 838 4177 tosto
863 4114 989 4177 obedit
1020 4113 1045 4176 li
1068 4114 1122 4176 sui
1151 4113 1327 4196 superiori
1358 4124 1394 4176 et
1416 4115 1514 4177 viver
1534 4134 1586 4176 se·

306 4221 422 4284 cundo
455 4223 488 4284 el
511 4220 579 4284 rito
611 4221 658 4283 da
688 4223 723 4284 la
746 4223 828 4302 lege
851 4220 984 4284 Divina
1019 4233 1055 4284 et
1078 4223 1232 4284 humana
1263 4221 1441 4304 instituto,
1476 4232 1510 4286 et
1536 4219 1585 4282 fin

305 4328 365 4410 qui
389 4325 607 4392 continuate.

392 4433 616 4497 Finalmente
648 4437 766 4498 hanno
792 4436 960 4498 concluso
995 4438 1040 4497 de
1070 4454 1224 4498 renovat
1259 4436 1293 4498 la
1316 4435 1465 4499 materia
1496 4433 1586 4496 deli

303 4529 463 4622 gravami
488 4551 614 4604 contra
639 4543 673 4606 la
688 4539 784 4606 Sede
802 4541 1013 4625 Apostolica
1037 4550 1073 4605 et
1097 4543 1130 4604 el
1147 4539 1251 4605 Stato
1266 4542 1517 4607 Ecclesiastico
1538 4542 1586 4603 de

304 4637 515 4728 Germania,'
546 4649 704 4712 secundo
729 4651 764 4712 la
787 4649 903 4712 forma
925 4668 1032 4730 presa
1065 4648 1100 4712 in
1124 4650 1159 4712 la
1182 4648 1378 4730 penultima
1404 4648 1526 4714 Direla
1545 4647 1588 4709 dc

302 4753 544 4838 Norr'mberga,
577 4775 647 4818 non
677 4757 842 4819 obstante
868 4757 933 4818 che
957 4755 1064 4837 quelli
1089 4756 1251 4837 gravami
1279 4775 1346 4838 per
1369 4760 1405 4820 la
1427 4756 1588 4840 maggior

302 4867 409 4946 parte
434 4859 524 4924 siino
550 4860 649 4944 falsi,
686 4871 722 4925 et
745 4861 872 4946 iniqui,
908 4871 945 4927 et
966 4862 1003 4926 in
1028 4863 1146 4927 alcuni
1169 4862 1263 4927 lochi
1287 4865 1429 4929 erronei
1459 4862 1585 4929 tamin
