3425 5700
660 573 1009 636 ·0÷³s00e⁴

246 717 375 785 Christi
408 718 555 785 nuncios
578 722 808 805 persequutio
832 724 1020 805 suscitata,
1056 734 1091 786 te
1116 724 1207 787 duce
1240 732 1277 787 et
1300 733 1446 787 auctore
1468 742 1521 785 ex·

246 826 428 909 tinguatur
452 837 488 891 et
512 828 721 912 eliminetur,
745 840 783 902 ut
807 838 869 894 tua
887 840 1081 911 nostraque
1102 831 1297 894 communis
1312 830 1522 897 Germaniae

246 938 438 999 secundum
462 957 605 999 carnem
630 938 745 1019 patria
772 938 806 1000 in
833 958 932 1001 suum
958 939 1184 1019 splendorem
1208 938 1300 1001 tituli
1322 958 1523 1022 propugna-

247 1042 354 1106 tionis
369 1042 499 1106 Christi
523 1042 607 1107 fidei
631 1045 665 1107 in
690 1055 766 1108 toto
790 1048 879 1108 orbe
900 1046 1116 1126 restituatur,
1141 1054 1229 1108 utta
1243 1066 1371 1109 vocem
1385 1043 1523 1109 Domini

247 1160 474 1231 nostramque
508 1162 544 1213 et
576 1151 679 1214 huius
713 1150 868 1217 Sanctae
892 1151 996 1215 Sedis
1029 1152 1208 1215 audivisse
1243 1162 1376 1234 tuoque
1409 1150 1523 1214 officio

248 1260 330 1341 (quo
359 1256 499 1342 Christo
533 1258 677 1339 teneris)
709 1270 792 1321 tuae
824 1259 963 1339 virtuti,
998 1268 1060 1321 tuo
1094 1269 1129 1322 et
1162 1258 1376 1322 Germaniae
1408 1254 1525 1321 decori

248 1374 464 1445 nostraeque
495 1366 737 1446 expectationi
768 1376 804 1429 et
833 1365 997 1447 religioni
1021 1365 1236 1431 christianae
1266 1366 1525 1449 promptissime

248 1470 556 1554 (quemadmodum
581 1474 654 1534 tale
677 1472 878 1535 incendium
902 1472 1028 1555 exigit)
1052 1493 1094 1535 ac
1111 1473 1276 1536 astrictus
1291 1492 1341 1553 es,
1365 1492 1445 1535 cum
1460 1471 1527 1533 Dei

248 1598 290 1641 ac
314 1578 565 1642 benedictione
580 1589 702 1642 nostra
718 1580 947 1660 consuluisse,
971 1579 1129 1643 remedia
1145 1579 1362 1661 adhibuisse,
1386 1578 1528 1642 actalia

248 1685 378 1749 indicia
401 1685 620 1767 proChristo
645 1696 681 1748 et
697 1686 773 1750 eius
795 1686 877 1769 fide,
901 1707 968 1771 pro
984 1686 1141 1750 universi
1161 1690 1287 1763 salute,
1309 1695 1432 1749 nostra
1446 1704 1524 1767 quo-

249 1812 319 1873 que
335 1790 590 1855 intercessione
611 1792 831 1873 praestitisse
848 1814 1106 1877 cognoscamus
1130 1804 1166 1857 et
1180 1813 1304 1857 omnes
1317 1792 1528 1875 intelligant,

249 1909 285 1963 et
309 1900 605 1981 quemadmodum
630 1900 874 1971 charissimum
896 1901 933 1964 in
956 1901 1096 1965 Christo
1120 1900 1230 1964 filium
1253 1910 1412 1964 nostrum
1427 1899 1528 1963 Caro

249 2009 320 2071 lum
345 2006 590 2071 Romanorum
621 2007 763 2089 Regem
793 2006 830 2071 in
854 2008 1110 2091 Imperatorem
1143 2010 1311 2089 electum,
1346 2007 1383 2070 in
1415 2006 1527 2070 novis·

250 2116 338 2177 simo
364 2122 540 2176 conventu
565 2113 786 2178 Wormatiae
818 2134 864 2179 ex
888 2136 952 2179 suo
976 2115 1159 2180 Ecclesiae
1182 2115 1251 2178 Dei
1285 2114 1529 2179 advocationis

248 2220 367 2285 officio
392 2239 461 2301 quo
486 2230 524 2282 tu
546 2240 640 2283 nunc
670 2221 706 2287 in
731 2220 924 2286 Germania
953 2243 1019 2306 pro
1047 2222 1236 2287 Maiestate
1259 2224 1324 2286 sua
1352 2221 1525 2304 fungeris,

249 2338 375 2391 contra
411 2326 606 2408 iniquitatis
638 2326 747 2392 filium
779 2328 970 2393 Martinum
1004 2329 1211 2394 Lutherium
1247 2328 1531 2393 haeresiarcham

250 2444 427 2497 tantorum
450 2436 622 2497 malorum
647 2444 753 2517 caput
777 2435 952 2499 catholice
975 2435 1104 2499 fecisse
1118 2435 1318 2517 meministi,
1343 2434 1532 2499 Salvatore

249 2550 382 2620 nostre,
408 2540 503 2621 apud
527 2560 632 2621 quem
656 2543 789 2605 nullum
813 2544 945 2605 bonum
969 2542 1045 2606 sine
1068 2544 1228 2625 praemio
1252 2553 1318 2623 est,
1341 2563 1448 2625 quem
1465 2542 1532 2605 tibi

250 2648 285 2711 in
310 2647 446 2711 cunctis
469 2647 666 2729 propicium
691 2649 820 2711 reddes
844 2657 881 2711 te
905 2659 1124 2732 cunctosque
1147 2670 1292 2732 gressus
1312 2658 1394 2713 tuos
1417 2650 1534 2733 gloria

252 2776 293 2818 ac
324 2756 439 2817 salute
463 2764 523 2817 tua
555 2757 602 2816 ob
626 2756 697 2817 tale
722 2755 883 2818 meritum
906 2765 1004 2818 tuum
1036 2776 1100 2820 sua
1123 2758 1241 2838 gratia
1262 2757 1423 2838 benigne
1453 2777 1532 2838 pro·

251 2873 429 2944 sequatur.

786 3039 992 3053 vawwwvvww

625 3315 735 3416 Epist
764 3199 954 3399 Luniiode
981 3317 1159 3399 Velthein.

698 3463 782 3535 (lota
799 3462 935 3528 warner.
956 3464 1002 3526 ful
1021 3464 1086 3536 ill.)

752 3580 787 3652 (ι.
807 3584 924 3647 Augusti
947 3581 1032 3652 1523.)

345 3705 381 3772 S.
406 3708 450 3772 D.
476 3705 644 3772 Pervenit
668 3707 714 3770 ad
737 3727 803 3771 nos
831 3727 946 3788 nuper
969 3708 1052 3770 dum
1076 3708 1192 3772 Hallis
1215 3729 1415 3792 ageremus,
1440 3710 1535 3773 Rev.

258 3816 377 3896 Pater,
402 3817 604 3896 exemplum
627 3815 823 3881 litterarum
848 3815 1068 3895 quarundam
1092 3817 1136 3878 ad
1161 3816 1273 3879 instar
1299 3817 1427 3880 Brevis
1450 3837 1533 3898 apo·

257 3922 384 3998 stolici,
408 3932 446 3984 ut
470 3922 665 4003 appellant,
691 3922 735 3984 ad
769 3921 941 3986 illustrem
964 3921 1183 3985 Fridericum
1208 3921 1388 3986 Saxooiae
1412 3924 1536 4006 Regu·

258 4029 339 4110 lum,
363 4028 502 4091 Misnae
527 4036 632 4110 atque
657 4027 876 4110 Thyringiae
900 4027 1100 4112 principem
1122 4050 1145 4091 a
1169 4028 1205 4092 S.
1230 4030 1274 4095 D.
1291 4030 1334 4094 N.
1350 4029 1537 4094 Hadriano

257 4134 308 4198 VI
332 4136 437 4198 Pont.
461 4135 558 4198 Max.
583 4134 788 4215 demissum,
819 4135 916 4216 quod
945 4146 1068 4198 nostro
1098 4136 1223 4198 iuditio
1253 4137 1340 4201 satis
1370 4147 1537 4201 accurate

258 4242 433 4322 docteque
446 4241 684 4323 conscriptum
696 4241 831 4313 fuerat;
856 4262 978 4305 verum
991 4243 1179 4307 Romanae
1201 4243 1328 4307 Curiae
1343 4244 1463 4308 stilum
1485 4264 1538 4308 re·

259 4351 405 4412 dolebat
429 4349 581 4412 minime.
628 4347 729 4429 Quae
752 4368 809 4412 res
833 4369 960 4414 revera
984 4370 1054 4413 non
1079 4371 1204 4432 parum
1228 4351 1350 4432 nobis,
1379 4351 1537 4433 quitum

182 4507 184 4512 ,
260 4454 362 4518 simul
387 4475 525 4518 eramus
550 4465 586 4518 et
610 4453 716 4518 Curia
739 4455 861 4520 nutriti
884 4476 1031 4520 romana
1055 4468 1091 4521 et
1107 4458 1251 4540 gemina
1274 4455 1435 4521 Saxonia
1458 4478 1536 4540 pro·

258 4561 373 4644 gnati,
399 4561 553 4644 stuporis
578 4571 684 4643 atque
708 4562 854 4626 meroris
878 4565 1055 4628 attulerat.
1110 4561 1275 4647 Stuporis
1295 4565 1455 4646 inquam;
1480 4583 1538 4628 ve·

261 4670 448 4732 hementer
471 4689 623 4750 namque
648 4668 893 4732 addubitatum
924 4680 977 4733 est
1007 4681 1046 4735 ut
1068 4673 1126 4734 vel
1158 4671 1299 4736 litterae
1328 4672 1412 4735 illae
1443 4671 1538 4734 adul-

260 4775 396 4838 terinae
420 4793 485 4855 pro
503 4773 686 4854 legittimis
710 4774 813 4838 nobis
828 4775 1033 4860 offerentur,
1049 4780 1108 4842 vel
1132 4780 1227 4861 quod
1251 4779 1419 4842 Romana
1433 4777 1540 4842 Curia

257 4889 401 4964 praeter
431 4900 565 4946 morem
602 4881 637 4943 in
674 4883 740 4944 hoc
772 4882 919 4965 negotio
951 4887 1175 4950 commutarit
1206 4886 1335 4950 stilum.
1387 4885 1540 4950 Oramus
