3425 5700
942 861 1014 925 138.

373 978 532 1058 Clemens
564 978 701 1058 lILl
703 974 915 1078 burgensi
943 974 1039 1057 (lons
1068 975 1280 1056 Archiducis
1308 973 1414 1073 (Hier
1441 974 1581 1070 Balbo.)

660 1123 754 1193 (Olera
773 1122 834 1181 vu
852 1123 936 1197 Pspe
954 1121 986 1180 1.
1005 1123 1026 1180 t
1045 1138 1087 1196 ep.
1106 1122 1147 1182 70
1166 1121 1211 1181 iol.
1229 1121 1297 1194 1811

807 1240 863 1310 (24.
883 1242 1039 1292 Decembris
1062 1245 1146 1305 1523.)

426 1376 536 1439 Dileti
560 1374 609 1439 fili
634 1386 699 1441 etc.
748 1375 863 1456 Quum
888 1374 1146 1439 Germanorum
1170 1372 1374 1456 Principum
1403 1382 1608 1435 conventum

338 1482 596 1565 Norimbergae
627 1483 829 1546 habendum
870 1502 949 1545 esse
979 1502 1093 1563 nuper
1124 1479 1403 1561 accepissemus,
1433 1480 1609 1542 statuimus

337 1590 382 1653 de
406 1589 603 1653 venerabili
627 1589 776 1652 fratrum
809 1599 1010 1652 nostrorum
1042 1586 1197 1651 Sanctae
1221 1586 1410 1647 Romanae
1434 1585 1609 1649 Ecclesiae

336 1696 575 1760 Cardinalium
591 1696 739 1760 consilio
757 1694 931 1759 Nuncium
944 1694 1191 1780 Apostolicum
1205 1713 1248 1755 eo
1262 1691 1441 1755 destinare
1455 1713 1501 1755 ne
1515 1703 1608 1755 tanto

337 1824 378 1867 ac
407 1812 477 1866 tarn
512 1814 638 1866 ornato
671 1803 882 1882 conventui,
913 1802 968 1865 his
997 1799 1208 1884 praesertim
1242 1799 1353 1861 nostri
1384 1798 1612 1861 Pontificatus

336 1909 443 1973 initiis
467 1910 680 1973 deessemus.
728 1909 792 1973 Cui
816 1918 934 1973 tamen
959 1908 1097 1971 Nuncio
1129 1927 1198 1969 non
1233 1916 1305 1968 tam
1336 1905 1464 1969 festine
1488 1926 1609 1987 prope·

335 2016 427 2081 ranti
444 2016 582 2080 interim
597 2017 854 2099 Hieronymum
871 2016 1062 2079 Rorarium
1083 2013 1292 2077 familiarem
1317 2023 1353 2075 et
1377 2011 1611 2075 Camerarium

336 2134 512 2205 nostrum,
542 2124 601 2205 qui
625 2125 690 2186 has
714 2124 855 2205 reddet,
881 2142 1089 2205 precurrere
1113 2120 1295 2200 iussimus,
1319 2120 1413 2204 hunc
1438 2129 1557 2183 autern
1580 2129 1612 2181 et

336 2232 432 2294 illum
457 2231 564 2293 alium
589 2233 857 2293 subsecuturum
883 2230 951 2292 tuis
975 2232 1100 2292 ambos
1124 2225 1279 2290 consiliis
1304 2225 1411 2307 dirigi
1433 2236 1470 2289 et
1493 2226 1545 2289 tui
1568 2228 1612 2287 in-

336 2338 422 2420 clyti
446 2337 659 2409 Arcbiducis
676 2337 800 2401 favore
815 2337 848 2399 in
868 2337 1030 2399 omnibus
1045 2334 1119 2415 niti,
1142 2332 1180 2396 sr'
1197 2330 1285 2417 quid
1305 2324 1473 2395 reciderit}
1523 2332 1610 2415 Quo·

335 2466 411 2508 rum
437 2444 579 2526 quidem
607 2443 894 2507 benevolentiam
928 2444 963 2505 in
990 2439 1086 2523 Nos,
1120 2449 1227 2523 atque
1262 2440 1297 2503 in
1331 2442 1423 2503 hanc
1456 2450 1612 2503 sanctam

335 2550 465 2615 Sedem
505 2550 768 2614 observantiam
802 2550 920 2613 multis
957 2549 993 2613 in
1031 2551 1138 2612 rebus
1175 2548 1348 2610 habemus
1378 2557 1613 2629 perspectam,

334 2660 431 2722 illurn
455 2658 650 2739 facturum,
676 2666 712 2720 et
735 2667 770 2720 te
795 2666 997 2719 curaturum
1020 2676 1086 2739 pro
1109 2665 1230 2718 vestra
1253 2655 1512 2717 consuetudine
1546 2674 1613 2716 non

335 2764 557 2847 ambigimus.
603 2764 678 2827 Nos
702 2785 788 2828 vero
817 2774 854 2827 tu
880 2785 945 2846 pro
969 2762 1174 2846 ingentibus
1198 2762 1332 2825 meritis
1355 2761 1434 2841 tuis,
1459 2781 1531 2824 non
1557 2760 1614 2823 mi-

334 2895 399 2937 nus
422 2874 458 2937 in
484 2874 643 2936 ornanda
667 2883 727 2935 tua
751 2871 900 2954 pietate,
935 2891 1040 2953 quarn
1064 2870 1239 2934 elicienda
1263 2880 1409 2952 paratos
1432 2871 1612 2938 invenies;

334 2980 652 3062 quaemadmodum
686 2981 775 3043 haec
799 2978 960 3061 pluribus
983 2979 1103 3041 verbis
1127 2976 1222 3040 dicet
1245 2976 1338 3068 idern
1362 2975 1614 3085 Hieronymus,

335 3087 391 3150 cui
415 3108 523 3169 super
545 3087 601 3150 his
625 3087 785 3168 cupimus
809 3082 915 3147 fidem
939 3105 961 3147 a
983 3093 1020 3148 te
1045 3083 1215 3148 adhiberi

422 3213 504 3275 Dat.
531 3227 596 3274 etc.
624 3231 663 3290 ²4
688 3209 898 3274 Decembris
927 3230 1008 3288 ¹523
1035 3209 1142 3272 Anno
1166 3206 1291 3290 primo

868 3432 1074 3445 mmmm

940 3708 1013 3772 139.

625 3826 785 3906 Clemens
812 3825 891 3909 lIL
921 3822 1114 3904 Archiduci
1142 3823 1318 3905 lustriae.

652 3975 746 4044 1010111.
765 3973 796 4030 V.
816 3972 904 4046 Epist.
923 3972 984 4030 Lib.
1004 3972 1026 4030 1.
1045 3987 1087 4046 ep.
1105 3971 1136 4029 71
1152 3970 1198 4030 iol.
1216 3970 1286 4042 1³³.)

804 4095 856 4156 (²4·
875 4091 1031 4141 Decembris
1053 4094 1137 4153 1523.)

422 4227 561 4290 Dilecte
590 4225 641 4288 fili
665 4237 731 4292 ete.
779 4226 867 4288 Post
891 4245 952 4287 eas
977 4223 1130 4304 litteras,
1160 4244 1249 4306 quas
1280 4225 1326 4286 ad
1357 4233 1437 4286 tuas
1467 4243 1617 4306 respon·

334 4335 509 4412 deramus,
526 4344 693 4414 tuamque
709 4333 745 4396 in
761 4353 826 4394 nos
849 4331 1019 4413 pietatem
1043 4332 1428 4410 commendaveramus
1453 4331 1617 4394 auditum

333 4463 354 4502 a
379 4439 482 4502 nobis
507 4451 577 4521 est,
602 4461 707 4522 quam
731 4439 883 4502 celebris
908 4437 1166 4503 Germanorum
1181 4437 1383 4519 Principum
1409 4436 1620 4501 Conventus

335 4546 594 4629 Norimbergae
610 4547 763 4610 indictus
778 4546 833 4627 sit,
859 4566 902 4608 eo
927 4555 963 4609 et
975 4545 1206 4609 Nobilitatem
1225 4554 1322 4608 tuam
1346 4553 1619 4610 conventuram.

334 4653 438 4735 Quod
464 4653 605 4736 quidem
624 4655 728 4717 nobis
752 4651 818 4716 fuit
841 4653 947 4715 valde
971 4651 1162 4715 iucundum
1185 4651 1396 4733 intelligere.
1443 4650 1556 4733 Nam,
1582 4663 1620 4716 te

333 4770 534 4842 praesente,
560 4771 596 4824 et
615 4770 655 4822 ut
668 4780 733 4842 par
750 4769 813 4841 est,
838 4758 1076 4841 praesidente,
1100 4779 1171 4840 pon
1196 4758 1397 4821 dubitamus
1421 4759 1555 4839 decori,
1583 4771 1621 4821 et

333 4870 520 4933 commodo
550 4868 651 4932 huius
681 4865 835 4932 Sanctae
866 4863 972 4930 Sedis
999 4864 1105 4930 immo
1138 4864 1246 4930 totius
1277 4863 1498 4928 Christianae
1528 4864 1620 4929 Rei·
