3425 5700
813 569 1060 626 043492ῢο

297 714 404 775 modo
430 716 526 777 salus
550 714 733 796 inferatur,
747 717 823 779 sive
840 737 906 798 per
920 717 1001 796 vim,
1020 715 1095 779 sive
1112 737 1177 798 per
1193 717 1422 796 voluntatem,
1447 725 1568 781 utrum·

299 841 367 901 que
392 831 428 884 et
452 833 506 884 est
530 831 567 885 et
590 824 793 904 appellatur
816 822 990 886 Charitas.

389 928 429 1010 (1)
455 929 523 1010 (Ac
547 929 777 1010 intelligimus
801 949 866 992 nos
892 929 1032 1012 quidem
1056 931 1102 991 ad
1126 930 1218 992 hanc
1242 949 1317 992 rem
1335 931 1572 1011 peragendam

299 1054 428 1116 magna
460 1033 525 1097 abs
553 1045 589 1098 te
617 1035 751 1099 auxilia
782 1037 897 1099 eidem
931 1037 1017 1100 Car¹¹
1050 1035 1160 1099 luisse
1185 1039 1316 1100 oblata.
1364 1037 1444 1118 Quo
1481 1045 1572 1100 certe

299 1141 426 1203 nuncio
451 1143 639 1222 plurimum
663 1143 786 1205 laetati
810 1161 939 1223 sumus,
964 1144 1237 1224 recognovimus
1262 1143 1354 1206 enim
1377 1143 1412 1206 in
1429 1145 1497 1206 hac
1522 1144 1573 1206 de·

299 1249 496 1312 claratione
520 1259 601 1312 tuae
625 1249 829 1329 voluntaria,
855 1269 993 1312 omnem
1018 1250 1115 1312 illam
1140 1251 1323 1329 virtutem,
1356 1271 1459 1332 quam
1485 1251 1520 1313 in
1544 1261 1574 1312 te

299 1375 440 1438 semper
463 1356 696 1419 iudicavimus
719 1355 918 1436 maximam,
944 1357 1135 1420 excitatam
1159 1357 1268 1420 fuisse
1293 1377 1412 1420 amore
1438 1357 1575 1420 divinae

298 1462 494 1544 religionis,
519 1472 555 1527 et
578 1462 768 1544 singularis
792 1473 873 1526 tuae
898 1464 933 1526 in
957 1463 1109 1546 patriam
1133 1464 1286 1546 pietatis,
1312 1465 1366 1526 cui
1384 1464 1490 1527 etiam
1514 1463 1575 1526 fra-

298 1580 402 1632 terna
423 1569 517 1632 inter
540 1590 604 1633 vos
627 1571 855 1634 necessitudo
878 1571 1074 1634 fomentum
1098 1569 1300 1656 praestitit).
1348 1571 1420 1634 Sed
1437 1583 1476 1633 ut
1493 1572 1576 1633 haec

299 1677 438 1755 melius,
468 1677 668 1759 certiusque
702 1687 874 1759 gerantur
897 1699 939 1740 ac
963 1678 1152 1760 impiorum
1175 1678 1324 1741 consilia
1348 1688 1384 1741 et
1408 1679 1578 1741 factiones

298 1792 435 1845 terrore
479 1783 630 1846 nominis
659 1784 770 1847 vestri
801 1785 1052 1865 discutiantur,
1087 1785 1215 1848 foedus
1249 1785 1353 1864 illud,
1390 1795 1425 1847 et
1459 1784 1579 1848 similis

299 1889 557 1970 Ratisponensi
581 1891 773 1953 concordia
796 1892 983 1972 plurimum
1010 1891 1173 1973 profecto
1190 1902 1245 1956 est
1260 1892 1457 1975 profutura,
1476 1913 1578 1975 quam

298 2006 337 2058 ut
360 2005 524 2076 tractare,
539 1999 699 2085 suadere,
725 2017 1009 2081 promovereque
1033 1999 1216 2080 studeatis,
1239 2019 1456 2082 magnopere
1476 1999 1579 2062 Nobi·

299 2103 417 2166 litates
441 2113 580 2166 vestras
603 2105 638 2166 in
663 2105 817 2168 Domino
842 2108 1076 2185 obtestamur,
1114 2125 1179 2188 pro
1205 2117 1326 2169 nostra
1352 2107 1455 2169 etiam
1480 2115 1580 2188 parte

300 2209 549 2292 promittentes
573 2231 638 2274 nos
662 2212 846 2275 vobiscum
872 2222 907 2276 et
939 2231 1017 2276 cum
1048 2213 1146 2292 aliis,
1180 2214 1239 2295 qui
1269 2216 1363 2276 bene
1395 2213 1580 2276 sentiendo

301 2318 551 2399 convenerint,
582 2319 749 2400 consilia,
775 2329 810 2381 et
834 2319 968 2382 auxilia
992 2330 1114 2382 nostra
1137 2340 1203 2402 pro
1229 2319 1444 2384 Germaniae
1468 2322 1580 2383 salute

300 2433 492 2505 vestraque
516 2424 690 2505 dignitate
715 2425 1053 2505 communicaturos,
1079 2427 1170 2489 sicut
1193 2427 1298 2489 latius
1323 2427 1509 2489 vobiscum
1535 2425 1582 2488 di-

299 2533 413 2594 lectus
443 2530 536 2594 filius
561 2531 664 2595 Laur.
701 2531 917 2612 Campegius
948 2531 1146 2596 Cardinalis
1182 2543 1248 2596 etc.
1284 2544 1405 2597 nostro
1439 2533 1581 2596 nomine

253 2656 257 2664 ’
301 2657 431 2717 coram,
455 2646 517 2700 aut
540 2657 606 2719 per
628 2637 765 2700 litteras
790 2651 886 2720 aget,
910 2638 966 2700 cui
991 2660 1130 2703 omnem
1154 2639 1259 2702 fidem
1285 2639 1502 2703 Nobilitates
1525 2661 1581 2701 ve·

303 2749 398 2806 strae
423 2743 653 2808 adhibebunt.

389 2869 521 2931 Datum
544 2870 685 2932 Romae
710 2878 776 2933 etc.
810 2866 878 2933 Die
903 2866 972 2933 VII
1003 2868 1189 2933 Februarii
1219 2863 1419 2933 MDXXV.
1476 2870 1584 2933 Anno

301 2974 479 3039 Secundo,

390 3096 525 3163 Similia
549 3100 679 3163 Brevia
704 3102 813 3164 multa
837 3101 932 3183 fient,
958 3101 1100 3165 mutatis
1124 3101 1247 3183 paucis
1270 3100 1492 3184 quibusdam.

837 3334 1043 3346 vnwwv-‹Wwww

907 3611 980 3673 191.

755 3726 928 3806 Roianus
957 3720 1129 3807 Sadoleto.

629 3873 744 3939 (vader.
764 3872 802 3931 ad
820 3873 902 3931 ciem.
921 3870 982 3931 vit.
1001 3872 1060 3931 Vol.
1079 3872 1116 3930 11.
1136 3871 1181 3931 iol.
1202 3872 1257 3943 39.)

794 3992 827 4057 (7.
850 3994 987 4043 Februarii
1011 3998 1096 4055 1525.)

392 4134 450 4198 Ho
474 4136 607 4198 havuto
631 4136 656 4198 li
680 4134 780 4197 brevi
805 4133 853 4196 ali
869 4134 1026 4216 Principi
1053 4135 1098 4196 de
1115 4132 1316 4213 Germania,
1341 4134 1435 4216 quali
1455 4153 1593 4197 sarano

305 4245 414 4305 molto
441 4264 460 4305 a
483 4242 667 4323 preposito
692 4242 758 4304 che
782 4244 875 4303 oltra
899 4243 964 4304 che
989 4240 1228 4304 iustificarano
1246 4256 1344 4303 esser
1359 4240 1450 4302 falso
1465 4243 1593 4322 quello

304 4349 328 4412 li
352 4348 499 4431 maligni
517 4368 633 4412 vanno
658 4349 892 4431 divulgando,
924 4350 1083 4410 haranno
1101 4347 1207 4410 etiam
1222 4342 1366 4428 apiacer
1387 4366 1596 4429 cognoscet

304 4456 370 4519 che
394 4456 436 4518 N.
454 4453 489 4520 S.
515 4465 624 4538 tanga
648 4466 754 4519 conto
778 4463 814 4519 et
838 4452 1008 4517 memoria
1032 4456 1077 4518 de
1102 4457 1194 4517 loro:
1219 4457 1290 4517 beu
1315 4454 1422 4517 havia
1447 4454 1594 4518 deside·

305 4570 384 4626 rato
409 4565 475 4626 che
499 4563 521 4625 ’l
545 4584 590 4626 ne
614 4563 711 4626 fusse
736 4570 830 4626 stato
854 4582 924 4625 uno
950 4583 970 4623 a
995 4562 1097 4624 Duca
1122 4562 1220 4623 Zorzi
1251 4561 1296 4623 de
1321 4559 1479 4624 Saxonia
1502 4565 1599 4645 qual

305 4671 419 4734 euno
448 4671 493 4732 de
517 4668 541 4733 li
571 4670 658 4733 boni
688 4677 725 4733 et
751 4671 798 4732 ha
829 4672 863 4732 ei
894 4688 957 4733 suo
988 4678 1081 4732 stato
1115 4670 1195 4732 nala
1228 4668 1364 4732 viscere
1397 4670 1455 4731 del
1482 4670 1599 4735 Duca

306 4826 390 4831 ———
398 4824 520 4831 ---——

323 4899 363 4973 (Ι)
382 4900 473 4951 Verba
491 4902 566 4951 uncis
584 4900 688 4951 inclusa
707 4903 811 4951 inerunt
830 4902 929 4967 scripta
948 4910 1062 4968 quatuor
1079 4900 1132 4951 illis
1152 4902 1197 4967 qui
1216 4902 1390 4967 promiserant
1408 4900 1552 4953 auxilinm.
