<?xml version="1.0" encoding="UTF-8"?>
<!DOCTYPE html PUBLIC "-//W3C//DTD XHTML 1.0 Transitional//EN"
    "http://www.w3.org/TR/xhtml1/DTD/xhtml1-transitional.dtd">
<html xmlns="http://www.w3.org/1999/xhtml" xml:lang="en" lang="en">
 <head>
  <title>
</title>
<meta http-equiv="Content-Type" content="text/html;charset=utf-8" />
  <meta name='ocr-system' content='tesseract 3.04.00' />
  <meta name='ocr-capabilities' content='ocr_page ocr_carea ocr_par ocr_line ocrx_word'/>
</head>
<body>
  <div class='ocr_page' id='page_1' title='image "./monumentareform00unkngoog/monumentareform00unkngoog_0532.png"; bbox 0 0 3425 5700; ppageno 0'>
   <div class='ocr_carea' id='block_1_1' title="bbox 850 941 926 1005">
    <p class='ocr_par' dir='ltr' id='par_1_1' title="bbox 850 941 926 1005">
     <span class='ocr_line' id='line_1_1' title="bbox 850 941 926 1005; baseline 0.013 -1"><span class='ocrx_word' id='word_1_1' title='bbox 850 941 926 1005; x_wconf 82' lang='lat'><strong>229.</strong></span> 
     </span>
    </p>
   </div>
   <div class='ocr_carea' id='block_1_2' title="bbox 697 1065 1071 1147">
    <p class='ocr_par' dir='ltr' id='par_1_2' title="bbox 697 1065 1071 1147">
     <span class='ocr_line' id='line_1_2' title="bbox 697 1065 1071 1147; baseline 0 -1"><span class='ocrx_word' id='word_1_2' title='bbox 697 1066 870 1147; x_wconf 74' lang='lat' dir='ltr'>toranus</span> <span class='ocrx_word' id='word_1_3' title='bbox 898 1065 1071 1146; x_wconf 81' lang='lat' dir='ltr'>Sudoletn</span> 
     </span>
    </p>
   </div>
   <div class='ocr_carea' id='block_1_3' title="bbox 684 1221 1091 1418">
    <p class='ocr_par' dir='ltr' id='par_1_3' title="bbox 684 1221 1091 1418">
     <span class='ocr_line' id='line_1_3' title="bbox 684 1221 1091 1294; baseline 0.002 -14"><span class='ocrx_word' id='word_1_4' title='bbox 684 1221 803 1291; x_wconf 69' lang='lat' dir='ltr'>(Vmor.</span> <span class='ocrx_word' id='word_1_5' title='bbox 823 1221 861 1280; x_wconf 73' lang='lat' dir='ltr'>ad</span> <span class='ocrx_word' id='word_1_6' title='bbox 879 1221 962 1282; x_wconf 74' lang='lat' dir='ltr'>ulem.</span> <span class='ocrx_word' id='word_1_7' title='bbox 981 1221 1018 1279; x_wconf 71' lang='lat' dir='ltr'>E</span> <span class='ocrx_word' id='word_1_8' title='bbox 1037 1223 1091 1294; x_wconf 72' lang='lat' dir='ltr'>tat</span> 
     </span>
     <span class='ocr_line' id='line_1_4' title="bbox 763 1347 1015 1418; baseline 0 -20"><span class='ocrx_word' id='word_1_9' title='bbox 763 1350 820 1416; x_wconf 88' lang='lat'>(11.</span> <span class='ocrx_word' id='word_1_10' title='bbox 838 1349 906 1415; x_wconf 88' lang='lat' dir='ltr'>Julii</span> <span class='ocrx_word' id='word_1_11' title='bbox 928 1347 1015 1418; x_wconf 82' lang='lat'>1525.)</span> 
     </span>
    </p>
   </div>
   <div class='ocr_carea' id='block_1_4' title="bbox 248 1489 1533 2538">
    <p class='ocr_par' dir='ltr' id='par_1_4' title="bbox 248 1489 1533 2538">
     <span class='ocr_line' id='line_1_5' title="bbox 337 1489 1531 1573; baseline 0 -21"><span class='ocrx_word' id='word_1_12' title='bbox 337 1491 417 1554; x_wconf 91' lang='lat' dir='ltr'>Non</span> <span class='ocrx_word' id='word_1_13' title='bbox 442 1492 488 1553; x_wconf 94' lang='lat' dir='ltr'>ho</span> <span class='ocrx_word' id='word_1_14' title='bbox 512 1493 546 1553; x_wconf 89' lang='lat' dir='ltr'>al</span> <span class='ocrx_word' id='word_1_15' title='bbox 570 1502 738 1573; x_wconf 82' lang='lat' dir='ltr'>presente</span> <span class='ocrx_word' id='word_1_16' title='bbox 762 1492 853 1554; x_wconf 80' lang='lat' dir='ltr'>altro</span> <span class='ocrx_word' id='word_1_17' title='bbox 878 1494 943 1554; x_wconf 88' lang='lat' dir='ltr'>che</span> <span class='ocrx_word' id='word_1_18' title='bbox 968 1493 1101 1554; x_wconf 88' lang='lat' dir='ltr'>scriver</span> <span class='ocrx_word' id='word_1_19' title='bbox 1125 1513 1146 1554; x_wconf 90' lang='lat' dir='ltr'>a</span> <span class='ocrx_word' id='word_1_20' title='bbox 1166 1491 1209 1554; x_wconf 92' lang='lat' dir='ltr'>V.</span> <span class='ocrx_word' id='word_1_21' title='bbox 1236 1489 1272 1557; x_wconf 80' lang='lat' dir='ltr'>S.</span> <span class='ocrx_word' id='word_1_22' title='bbox 1296 1491 1374 1553; x_wconf 78' lang='lat' dir='ltr'>R¹¹¹⁸</span> <span class='ocrx_word' id='word_1_23' title='bbox 1396 1511 1434 1553; x_wconf 89' lang='lat' dir='ltr'>se</span> <span class='ocrx_word' id='word_1_24' title='bbox 1460 1511 1531 1553; x_wconf 93' lang='lat' dir='ltr'>non</span> 
     </span>
     <span class='ocr_line' id='line_1_6' title="bbox 249 1597 1533 1682; baseline 0.002 -24"><span class='ocrx_word' id='word_1_25' title='bbox 249 1599 315 1659; x_wconf 93' lang='lat' dir='ltr'>che</span> <span class='ocrx_word' id='word_1_26' title='bbox 340 1597 361 1660; x_wconf 88' lang='lat' dir='ltr'>&#39;l</span> <span class='ocrx_word' id='word_1_27' title='bbox 386 1597 551 1681; x_wconf 83' lang='lat' dir='ltr'>Principe</span> <span class='ocrx_word' id='word_1_28' title='bbox 585 1600 602 1660; x_wconf 78' lang='grc' dir='ltr'><strong><em>ὸ</em></strong></span> <span class='ocrx_word' id='word_1_29' title='bbox 632 1601 741 1663; x_wconf 92' lang='lat' dir='ltr'>molto</span> <span class='ocrx_word' id='word_1_30' title='bbox 775 1599 964 1662; x_wconf 86' lang='lat' dir='ltr'>sollicitato</span> <span class='ocrx_word' id='word_1_31' title='bbox 998 1621 1019 1661; x_wconf 91' lang='lat' dir='ltr'>a</span> <span class='ocrx_word' id='word_1_32' title='bbox 1052 1599 1165 1682; x_wconf 88' lang='lat' dir='ltr'>partir</span> <span class='ocrx_word' id='word_1_33' title='bbox 1197 1619 1263 1681; x_wconf 89' lang='lat' dir='ltr'>per</span> <span class='ocrx_word' id='word_1_34' title='bbox 1286 1597 1462 1680; x_wconf 84' lang='lat' dir='ltr'>Coupaier</span> <span class='ocrx_word' id='word_1_35' title='bbox 1495 1611 1533 1660; x_wconf 92' lang='lat' dir='ltr'>et</span> 
     </span>
     <span class='ocr_line' id='line_1_7' title="bbox 251 1703 1530 1789; baseline 0 -24"><span class='ocrx_word' id='word_1_36' title='bbox 251 1703 355 1766; x_wconf 74' lang='lat' dir='ltr'>vorra</span> <span class='ocrx_word' id='word_1_37' title='bbox 388 1705 499 1786; x_wconf 88' lang='lat' dir='ltr'>partir</span> <span class='ocrx_word' id='word_1_38' title='bbox 532 1726 553 1767; x_wconf 91' lang='lat' dir='ltr'>a</span> <span class='ocrx_word' id='word_1_39' title='bbox 587 1706 611 1768; x_wconf 93' lang='lat' dir='ltr'>li</span> <span class='ocrx_word' id='word_1_40' title='bbox 643 1705 754 1780; x_wconf 86' lang='lat' dir='ltr'>XIV;</span> <span class='ocrx_word' id='word_1_41' title='bbox 790 1727 858 1788; x_wconf 92' lang='lat' dir='ltr'>pur</span> <span class='ocrx_word' id='word_1_42' title='bbox 881 1727 994 1789; x_wconf 92' lang='lat' dir='ltr'>penso</span> <span class='ocrx_word' id='word_1_43' title='bbox 1028 1705 1164 1768; x_wconf 62' lang='lat' dir='ltr'>restare</span> <span class='ocrx_word' id='word_1_44' title='bbox 1195 1705 1267 1768; x_wconf 88' lang='lat' dir='ltr'>fino</span> <span class='ocrx_word' id='word_1_45' title='bbox 1302 1727 1323 1768; x_wconf 88' lang='lat' dir='ltr'>a</span> <span class='ocrx_word' id='word_1_46' title='bbox 1355 1704 1380 1767; x_wconf 91' lang='lat' dir='ltr'>li</span> <span class='ocrx_word' id='word_1_47' title='bbox 1410 1703 1530 1767; x_wconf 86' lang='lat' dir='ltr'>XVII.</span> 
     </span>
     <span class='ocr_line' id='line_1_8' title="bbox 250 1810 1532 1895; baseline 0.002 -24"><span class='ocrx_word' id='word_1_48' title='bbox 250 1810 361 1873; x_wconf 87' lang='lat' dir='ltr'>Lassa</span> <span class='ocrx_word' id='word_1_49' title='bbox 385 1813 444 1892; x_wconf 93' lang='lat' dir='ltr'>qui</span> <span class='ocrx_word' id='word_1_50' title='bbox 458 1822 584 1893; x_wconf 89' lang='lat' dir='ltr'>quatro</span> <span class='ocrx_word' id='word_1_51' title='bbox 608 1833 674 1895; x_wconf 89' lang='lat' dir='ltr'>per</span> <span class='ocrx_word' id='word_1_52' title='bbox 697 1834 800 1876; x_wconf 91' lang='lat' dir='ltr'>nome</span> <span class='ocrx_word' id='word_1_53' title='bbox 825 1834 889 1875; x_wconf 90' lang='lat' dir='ltr'>suo</span> <span class='ocrx_word' id='word_1_54' title='bbox 915 1834 934 1876; x_wconf 89' lang='lat' dir='ltr'>e</span> <span class='ocrx_word' id='word_1_55' title='bbox 958 1814 982 1876; x_wconf 91' lang='lat' dir='ltr'>li</span> <span class='ocrx_word' id='word_1_56' title='bbox 1006 1813 1118 1876; x_wconf 90' lang='lat' dir='ltr'>nobili</span> <span class='ocrx_word' id='word_1_57' title='bbox 1135 1821 1226 1894; x_wconf 88' lang='lat' dir='ltr'>octo,</span> <span class='ocrx_word' id='word_1_58' title='bbox 1252 1814 1297 1876; x_wconf 90' lang='lat' dir='ltr'>de</span> <span class='ocrx_word' id='word_1_59' title='bbox 1311 1812 1421 1875; x_wconf 89' lang='lat' dir='ltr'>vilani</span> <span class='ocrx_word' id='word_1_60' title='bbox 1438 1811 1532 1874; x_wconf 84' lang='lat' dir='ltr'>XVI</span> 
     </span>
     <span class='ocr_line' id='line_1_9' title="bbox 248 1917 1533 2000; baseline 0.002 -22"><span class='ocrx_word' id='word_1_61' title='bbox 248 1917 274 1979; x_wconf 92' lang='lat' dir='ltr'>li</span> <span class='ocrx_word' id='word_1_62' title='bbox 305 1918 399 1998; x_wconf 90' lang='lat' dir='ltr'>quali</span> <span class='ocrx_word' id='word_1_63' title='bbox 430 1919 612 1982; x_wconf 91' lang='lat' dir='ltr'>habbiano</span> <span class='ocrx_word' id='word_1_64' title='bbox 644 1940 665 1981; x_wconf 87' lang='lat' dir='ltr'>a</span> <span class='ocrx_word' id='word_1_65' title='bbox 694 1929 826 1981; x_wconf 85' lang='lat' dir='ltr'>tractar</span> <span class='ocrx_word' id='word_1_66' title='bbox 856 1919 1003 1982; x_wconf 86' lang='lat' dir='ltr'>insieme</span> <span class='ocrx_word' id='word_1_67' title='bbox 1034 1921 1069 1982; x_wconf 89' lang='lat' dir='ltr'>la</span> <span class='ocrx_word' id='word_1_68' title='bbox 1093 1917 1297 1982; x_wconf 88' lang='lat' dir='ltr'>conclusion</span> <span class='ocrx_word' id='word_1_69' title='bbox 1330 1919 1373 1980; x_wconf 93' lang='lat' dir='ltr'>de</span> <span class='ocrx_word' id='word_1_70' title='bbox 1406 1932 1533 2000; x_wconf 86' lang='lat' dir='ltr'>questa</span> 
     </span>
     <span class='ocr_line' id='line_1_10' title="bbox 250 2023 1532 2098; baseline 0.003 -14"><span class='ocrx_word' id='word_1_71' title='bbox 250 2023 363 2098; x_wconf 87' lang='lat' dir='ltr'>dieta;</span> <span class='ocrx_word' id='word_1_72' title='bbox 399 2034 435 2087; x_wconf 90' lang='lat' dir='ltr'>et</span> <span class='ocrx_word' id='word_1_73' title='bbox 473 2028 627 2089; x_wconf 89' lang='lat' dir='ltr'>secondo</span> <span class='ocrx_word' id='word_1_74' title='bbox 659 2036 868 2089; x_wconf 87' lang='lat' dir='ltr'>tractavano</span> <span class='ocrx_word' id='word_1_75' title='bbox 901 2028 966 2088; x_wconf 90' lang='lat' dir='ltr'>che</span> <span class='ocrx_word' id='word_1_76' title='bbox 997 2025 1153 2089; x_wconf 86' lang='lat' dir='ltr'>habiano</span> <span class='ocrx_word' id='word_1_77' title='bbox 1189 2027 1255 2088; x_wconf 91' lang='lat' dir='ltr'>dar</span> <span class='ocrx_word' id='word_1_78' title='bbox 1285 2026 1385 2088; x_wconf 89' lang='lat' dir='ltr'>aviso</span> <span class='ocrx_word' id='word_1_79' title='bbox 1415 2047 1437 2087; x_wconf 89' lang='lat' dir='ltr'>a</span> <span class='ocrx_word' id='word_1_80' title='bbox 1467 2047 1532 2088; x_wconf 91' lang='lat' dir='ltr'>sua</span> 
     </span>
     <span class='ocr_line' id='line_1_11' title="bbox 249 2132 1532 2217; baseline 0.002 -25"><span class='ocrx_word' id='word_1_81' title='bbox 249 2132 413 2194; x_wconf 73' lang='lat' dir='ltr'>serenita.</span> <span class='ocrx_word' id='word_1_82' title='bbox 460 2132 520 2195; x_wconf 88' lang='lat' dir='ltr'>Me</span> <span class='ocrx_word' id='word_1_83' title='bbox 544 2153 730 2195; x_wconf 88' lang='lat' dir='ltr'>reneresce</span> <span class='ocrx_word' id='word_1_84' title='bbox 761 2136 871 2196; x_wconf 92' lang='lat' dir='ltr'>molto</span> <span class='ocrx_word' id='word_1_85' title='bbox 902 2135 966 2195; x_wconf 85' lang='lat' dir='ltr'>che</span> <span class='ocrx_word' id='word_1_86' title='bbox 991 2135 1026 2196; x_wconf 86' lang='lat' dir='ltr'>la</span> <span class='ocrx_word' id='word_1_87' title='bbox 1050 2133 1181 2217; x_wconf 84' lang='lat' dir='ltr'>partita</span> <span class='ocrx_word' id='word_1_88' title='bbox 1205 2133 1257 2195; x_wconf 88' lang='lat' dir='ltr'>sia</span> <span class='ocrx_word' id='word_1_89' title='bbox 1290 2154 1395 2196; x_wconf 88' lang='lat' dir='ltr'>senza</span> <span class='ocrx_word' id='word_1_90' title='bbox 1419 2134 1532 2196; x_wconf 80' lang='lat' dir='ltr'>hever</span> 
     </span>
     <span class='ocr_line' id='line_1_12' title="bbox 250 2236 1530 2322; baseline 0.002 -24"><span class='ocrx_word' id='word_1_91' title='bbox 250 2236 344 2300; x_wconf 88' lang='lat' dir='ltr'>facto</span> <span class='ocrx_word' id='word_1_92' title='bbox 369 2239 483 2320; x_wconf 86' lang='lat' dir='ltr'>prima</span> <span class='ocrx_word' id='word_1_93' title='bbox 507 2242 734 2304; x_wconf 80' lang='lat' dir='ltr'>conclusione</span> <span class='ocrx_word' id='word_1_94' title='bbox 759 2262 778 2303; x_wconf 94' lang='lat' dir='ltr'>e</span> <span class='ocrx_word' id='word_1_95' title='bbox 803 2241 926 2304; x_wconf 92' lang='lat' dir='ltr'>dubito</span> <span class='ocrx_word' id='word_1_96' title='bbox 958 2243 1066 2304; x_wconf 93' lang='lat' dir='ltr'>molto</span> <span class='ocrx_word' id='word_1_97' title='bbox 1092 2241 1137 2303; x_wconf 88' lang='lat' dir='ltr'>de</span> <span class='ocrx_word' id='word_1_98' title='bbox 1162 2242 1311 2322; x_wconf 84' lang='lat' dir='ltr'>qualche</span> <span class='ocrx_word' id='word_1_99' title='bbox 1340 2261 1429 2322; x_wconf 84' lang='lat' dir='ltr'>gran</span> <span class='ocrx_word' id='word_1_100' title='bbox 1454 2241 1530 2303; x_wconf 89' lang='lat' dir='ltr'>des-</span> 
     </span>
     <span class='ocr_line' id='line_1_13' title="bbox 249 2345 1531 2429; baseline 0.003 -23"><span class='ocrx_word' id='word_1_101' title='bbox 249 2346 383 2408; x_wconf 90' lang='lat' dir='ltr'>ordene</span> <span class='ocrx_word' id='word_1_102' title='bbox 413 2345 448 2408; x_wconf 90' lang='lat' dir='ltr'>in</span> <span class='ocrx_word' id='word_1_103' title='bbox 473 2347 635 2410; x_wconf 88' lang='lat' dir='ltr'>absentia</span> <span class='ocrx_word' id='word_1_104' title='bbox 665 2349 710 2410; x_wconf 86' lang='lat' dir='ltr'>de</span> <span class='ocrx_word' id='word_1_105' title='bbox 736 2346 809 2429; x_wconf 72' lang='lat' dir='ltr'>Sua</span> <span class='ocrx_word' id='word_1_106' title='bbox 833 2348 939 2412; x_wconf 58' lang='lat' dir='ltr'>Seru.</span> <span class='ocrx_word' id='word_1_107' title='bbox 987 2349 1059 2412; x_wconf 92' lang='lat' dir='ltr'>Pur</span> <span class='ocrx_word' id='word_1_108' title='bbox 1089 2369 1160 2411; x_wconf 92' lang='lat' dir='ltr'>non</span> <span class='ocrx_word' id='word_1_109' title='bbox 1185 2347 1214 2409; x_wconf 89' lang='lat' dir='ltr'>si</span> <span class='ocrx_word' id='word_1_110' title='bbox 1238 2348 1284 2410; x_wconf 89' lang='lat' dir='ltr'>ha</span> <span class='ocrx_word' id='word_1_111' title='bbox 1315 2359 1462 2429; x_wconf 89' lang='lat' dir='ltr'>possuto</span> <span class='ocrx_word' id='word_1_112' title='bbox 1486 2349 1531 2410; x_wconf 74' lang='lat' dir='ltr'>nc</span> 
     </span>
     <span class='ocr_line' id='line_1_14' title="bbox 250 2451 1533 2538; baseline 0.002 -26"><span class='ocrx_word' id='word_1_113' title='bbox 250 2452 279 2512; x_wconf 90' lang='lat' dir='ltr'>si</span> <span class='ocrx_word' id='word_1_114' title='bbox 302 2453 385 2534; x_wconf 86' lang='lat' dir='ltr'>pole</span> <span class='ocrx_word' id='word_1_115' title='bbox 409 2451 464 2514; x_wconf 88' lang='lat' dir='ltr'>far</span> <span class='ocrx_word' id='word_1_116' title='bbox 489 2456 709 2534; x_wconf 87' lang='lat' dir='ltr'>attramente,</span> <span class='ocrx_word' id='word_1_117' title='bbox 735 2456 801 2518; x_wconf 89' lang='lat' dir='ltr'>che</span> <span class='ocrx_word' id='word_1_118' title='bbox 817 2457 932 2518; x_wconf 83' lang='lat' dir='ltr'>anche</span> <span class='ocrx_word' id='word_1_119' title='bbox 956 2455 979 2516; x_wconf 92' lang='lat' dir='ltr'>il</span> <span class='ocrx_word' id='word_1_120' title='bbox 997 2475 1190 2538; x_wconf 79' lang='lat' dir='ltr'>componet</span> <span class='ocrx_word' id='word_1_121' title='bbox 1206 2453 1304 2536; x_wconf 80' lang='lat' dir='ltr'>degli</span> <span class='ocrx_word' id='word_1_122' title='bbox 1323 2453 1533 2533; x_wconf 83' lang='lat' dir='ltr'>Algoviensi</span> 
     </span>
    </p>
   </div>
   <div class='ocr_carea' id='block_1_5' title="bbox 249 2558 1354 2644">
    <p class='ocr_par' dir='ltr' id='par_1_5' title="bbox 249 2558 1354 2644">
     <span class='ocr_line' id='line_1_15' title="bbox 249 2558 1354 2644; baseline 0.006 -26"><span class='ocrx_word' id='word_1_123' title='bbox 249 2558 358 2620; x_wconf 90' lang='lat' dir='ltr'>molto</span> <span class='ocrx_word' id='word_1_124' title='bbox 382 2559 544 2640; x_wconf 90' lang='lat' dir='ltr'>importa.</span> <span class='ocrx_word' id='word_1_125' title='bbox 591 2560 631 2622; x_wconf 92' lang='lat' dir='ltr'>In</span> <span class='ocrx_word' id='word_1_126' title='bbox 654 2561 860 2644; x_wconf 90' lang='lat' dir='ltr'>Hinspruch</span> <span class='ocrx_word' id='word_1_127' title='bbox 885 2563 942 2624; x_wconf 91' lang='lat' dir='ltr'>die</span> <span class='ocrx_word' id='word_1_128' title='bbox 967 2561 1024 2624; x_wconf 88' lang='lat' dir='ltr'>XI</span> <span class='ocrx_word' id='word_1_129' title='bbox 1047 2561 1130 2641; x_wconf 91' lang='lat' dir='ltr'>Julii</span> <span class='ocrx_word' id='word_1_130' title='bbox 1154 2561 1354 2625; x_wconf 89' lang='lat' dir='ltr'>MDXXV.</span> 
     </span>
    </p>
   </div>
   <div class='ocr_carea' id='block_1_6' title="bbox 851 3076 928 3141">
    <p class='ocr_par' dir='ltr' id='par_1_6' title="bbox 851 3076 928 3141">
     <span class='ocr_line' id='line_1_16' title="bbox 851 3076 928 3141; baseline 0.026 -2"><span class='ocrx_word' id='word_1_131' title='bbox 851 3076 928 3141; x_wconf 82' lang='lat'><strong>230.</strong></span> 
     </span>
    </p>
   </div>
   <div class='ocr_carea' id='block_1_7' title="bbox 449 3200 1336 3283">
    <p class='ocr_par' dir='ltr' id='par_1_7' title="bbox 449 3200 1336 3283">
     <span class='ocr_line' id='line_1_17' title="bbox 449 3200 1336 3283; baseline 0.003 -3"><span class='ocrx_word' id='word_1_132' title='bbox 449 3200 699 3281; x_wconf 79' lang='lat' dir='ltr'>Fordinaudun</span> <span class='ocrx_word' id='word_1_133' title='bbox 727 3201 831 3282; x_wconf 81' lang='lat' dir='ltr'>truh.</span> <span class='ocrx_word' id='word_1_134' title='bbox 861 3201 1039 3282; x_wconf 77' lang='lat' dir='ltr'>lustriae</span> <span class='ocrx_word' id='word_1_135' title='bbox 1058 3201 1229 3283; x_wconf 74' lang='lat' dir='ltr'>Clementi</span> <span class='ocrx_word' id='word_1_136' title='bbox 1256 3202 1336 3283; x_wconf 76' lang='lat' dir='ltr'>vu</span> 
     </span>
    </p>
   </div>
   <div class='ocr_carea' id='block_1_8' title="bbox 665 3357 1117 3554">
    <p class='ocr_par' dir='ltr' id='par_1_8' title="bbox 665 3357 1117 3554">
     <span class='ocr_line' id='line_1_18' title="bbox 665 3357 1117 3432; baseline 0.004 -16"><span class='ocrx_word' id='word_1_137' title='bbox 665 3358 788 3426; x_wconf 69' lang='lat' dir='ltr'>(unu.</span> <span class='ocrx_word' id='word_1_138' title='bbox 805 3358 855 3416; x_wconf 67' lang='grc' dir='ltr'>τι</span> <span class='ocrx_word' id='word_1_139' title='bbox 873 3357 950 3432; x_wconf 72' lang='grc' dir='ltr'>σιμ.</span> <span class='ocrx_word' id='word_1_140' title='bbox 969 3358 991 3417; x_wconf 85' lang='lat' dir='ltr'>r</span> <span class='ocrx_word' id='word_1_141' title='bbox 1010 3358 1044 3417; x_wconf 84' lang='lat' dir='ltr'>n</span> <span class='ocrx_word' id='word_1_142' title='bbox 1063 3359 1117 3429; x_wconf 73' lang='lat' dir='ltr'>u)</span> 
     </span>
     <span class='ocr_line' id='line_1_19' title="bbox 764 3484 1017 3554; baseline -0.024 0"><span class='ocrx_word' id='word_1_143' title='bbox 764 3484 909 3554; x_wconf 75' lang='lat' dir='ltr'>(11·Ju1ii</span> <span class='ocrx_word' id='word_1_144' title='bbox 930 3490 1017 3550; x_wconf 72' lang='lat'>1525.)</span> 
     </span>
    </p>
   </div>
   <div class='ocr_carea' id='block_1_9' title="bbox 248 3615 1534 4987">
    <p class='ocr_par' dir='ltr' id='par_1_9' title="bbox 340 3615 1534 3685">
     <span class='ocr_line' id='line_1_20' title="bbox 340 3615 1534 3685; baseline 0.003 -4"><span class='ocrx_word' id='word_1_145' title='bbox 340 3615 570 3681; x_wconf 87' lang='lat' dir='ltr'>Sanctissime</span> <span class='ocrx_word' id='word_1_146' title='bbox 593 3639 635 3680; x_wconf 91' lang='lat' dir='ltr'>ac</span> <span class='ocrx_word' id='word_1_147' title='bbox 659 3618 870 3683; x_wconf 87' lang='lat' dir='ltr'>Beatissime</span> <span class='ocrx_word' id='word_1_148' title='bbox 894 3620 930 3681; x_wconf 92' lang='lat' dir='ltr'>in</span> <span class='ocrx_word' id='word_1_149' title='bbox 951 3619 1091 3684; x_wconf 85' lang='lat' dir='ltr'>Christo</span> <span class='ocrx_word' id='word_1_150' title='bbox 1108 3622 1217 3683; x_wconf 89' lang='lat' dir='ltr'>Pater</span> <span class='ocrx_word' id='word_1_151' title='bbox 1241 3628 1276 3683; x_wconf 90' lang='lat' dir='ltr'>et</span> <span class='ocrx_word' id='word_1_152' title='bbox 1291 3620 1444 3684; x_wconf 90' lang='lat' dir='ltr'>Domine</span> <span class='ocrx_word' id='word_1_153' title='bbox 1460 3642 1534 3685; x_wconf 90' lang='lat' dir='ltr'>ecc.</span> 
     </span>
    </p>

    <p class='ocr_par' dir='ltr' id='par_1_10' title="bbox 248 3723 1534 4987">
     <span class='ocr_line' id='line_1_21' title="bbox 340 3723 1534 3810; baseline 0.003 -23"><span class='ocrx_word' id='word_1_154' title='bbox 340 3723 544 3788; x_wconf 91' lang='lat' dir='ltr'>Subsidium</span> <span class='ocrx_word' id='word_1_155' title='bbox 577 3726 836 3809; x_wconf 89' lang='lat' dir='ltr'>descriptorum</span> <span class='ocrx_word' id='word_1_156' title='bbox 865 3728 993 3809; x_wconf 84' lang='lat' dir='ltr'>viginti</span> <span class='ocrx_word' id='word_1_157' title='bbox 1017 3727 1166 3791; x_wconf 91' lang='lat' dir='ltr'>Millium</span> <span class='ocrx_word' id='word_1_158' title='bbox 1197 3748 1400 3808; x_wconf 88' lang='lat' dir='ltr'>aureorum,</span> <span class='ocrx_word' id='word_1_159' title='bbox 1436 3730 1534 3810; x_wconf 88' lang='lat' dir='ltr'>quod</span> 
     </span>
     <span class='ocr_line' id='line_1_22' title="bbox 250 3832 1534 3917; baseline 0.002 -21"><span class='ocrx_word' id='word_1_160' title='bbox 250 3832 442 3896; x_wconf 88' lang='lat' dir='ltr'>Beatitudo</span> <span class='ocrx_word' id='word_1_161' title='bbox 467 3832 597 3896; x_wconf 90' lang='lat' dir='ltr'>Vestra</span> <span class='ocrx_word' id='word_1_162' title='bbox 629 3854 694 3915; x_wconf 91' lang='lat' dir='ltr'>pro</span> <span class='ocrx_word' id='word_1_163' title='bbox 726 3854 790 3896; x_wconf 90' lang='lat' dir='ltr'>suo</span> <span class='ocrx_word' id='word_1_164' title='bbox 820 3835 856 3897; x_wconf 89' lang='lat' dir='ltr'>in</span> <span class='ocrx_word' id='word_1_165' title='bbox 882 3834 956 3897; x_wconf 91' lang='lat' dir='ltr'>Nos</span> <span class='ocrx_word' id='word_1_166' title='bbox 986 3846 1137 3917; x_wconf 86' lang='lat' dir='ltr'>paterno</span> <span class='ocrx_word' id='word_1_167' title='bbox 1161 3855 1281 3897; x_wconf 91' lang='lat' dir='ltr'>amore</span> <span class='ocrx_word' id='word_1_168' title='bbox 1311 3835 1534 3899; x_wconf 85' lang='lat' dir='ltr'>adiuvandas</span> 
     </span>
     <span class='ocr_line' id='line_1_23' title="bbox 251 3940 1532 4023; baseline 0.003 -21"><span class='ocrx_word' id='word_1_169' title='bbox 251 3940 425 4002; x_wconf 83' lang='lat' dir='ltr'>maximas</span> <span class='ocrx_word' id='word_1_170' title='bbox 449 3940 692 4021; x_wconf 84' lang='lat' dir='ltr'>necessitates,</span> <span class='ocrx_word' id='word_1_171' title='bbox 717 3941 761 4003; x_wconf 91' lang='lat' dir='ltr'>de</span> <span class='ocrx_word' id='word_1_172' title='bbox 786 3941 913 4022; x_wconf 80' lang='lat' dir='ltr'>quibus</span> <span class='ocrx_word' id='word_1_173' title='bbox 938 3954 1010 4003; x_wconf 90' lang='lat' dir='ltr'>tum</span> <span class='ocrx_word' id='word_1_174' title='bbox 1028 3942 1296 4023; x_wconf 83' lang='lat' dir='ltr'>admonebatur,</span> <span class='ocrx_word' id='word_1_175' title='bbox 1320 3942 1376 4004; x_wconf 89' lang='lat' dir='ltr'>hic</span> <span class='ocrx_word' id='word_1_176' title='bbox 1393 3942 1532 4005; x_wconf 87' lang='lat' dir='ltr'>solven-</span> 
     </span>
     <span class='ocr_line' id='line_1_24' title="bbox 251 4046 1533 4131; baseline 0.002 -22"><span class='ocrx_word' id='word_1_177' title='bbox 251 4050 334 4109; x_wconf 93' lang='lat' dir='ltr'>dum</span> <span class='ocrx_word' id='word_1_178' title='bbox 358 4046 588 4109; x_wconf 87' lang='lat' dir='ltr'>demandavit</span> <span class='ocrx_word' id='word_1_179' title='bbox 612 4058 648 4109; x_wconf 88' lang='lat' dir='ltr'>et</span> <span class='ocrx_word' id='word_1_180' title='bbox 670 4055 797 4127; x_wconf 88' lang='lat' dir='ltr'>postea</span> <span class='ocrx_word' id='word_1_181' title='bbox 813 4046 954 4110; x_wconf 87' lang='lat' dir='ltr'>Romae</span> <span class='ocrx_word' id='word_1_182' title='bbox 969 4067 1035 4129; x_wconf 85' lang='lat' dir='ltr'>per</span> <span class='ocrx_word' id='word_1_183' title='bbox 1051 4068 1127 4113; x_wconf 90' lang='lat' dir='ltr'>eam</span> <span class='ocrx_word' id='word_1_184' title='bbox 1148 4048 1368 4110; x_wconf 85' lang='lat' dir='ltr'>reddendum</span> <span class='ocrx_word' id='word_1_185' title='bbox 1384 4050 1533 4131; x_wconf 88' lang='lat' dir='ltr'>recepit,</span> 
     </span>
     <span class='ocr_line' id='line_1_25' title="bbox 251 4153 1532 4237; baseline 0.003 -22"><span class='ocrx_word' id='word_1_186' title='bbox 251 4174 315 4216; x_wconf 87' lang='lat' dir='ltr'>nec</span> <span class='ocrx_word' id='word_1_187' title='bbox 341 4155 423 4216; x_wconf 92' lang='lat' dir='ltr'>dum</span> <span class='ocrx_word' id='word_1_188' title='bbox 447 4154 599 4215; x_wconf 91' lang='lat' dir='ltr'>solutum</span> <span class='ocrx_word' id='word_1_189' title='bbox 623 4165 686 4217; x_wconf 88' lang='lat' dir='ltr'>est.</span> <span class='ocrx_word' id='word_1_190' title='bbox 734 4153 821 4216; x_wconf 91' lang='lat' dir='ltr'>Cum</span> <span class='ocrx_word' id='word_1_191' title='bbox 846 4164 962 4217; x_wconf 89' lang='lat' dir='ltr'>autem</span> <span class='ocrx_word' id='word_1_192' title='bbox 987 4175 1053 4237; x_wconf 89' lang='lat' dir='ltr'>pro</span> <span class='ocrx_word' id='word_1_193' title='bbox 1079 4154 1132 4217; x_wconf 84' lang='lat' dir='ltr'>his</span> <span class='ocrx_word' id='word_1_194' title='bbox 1152 4153 1384 4237; x_wconf 80' lang='lat' dir='ltr'>popularibus</span> <span class='ocrx_word' id='word_1_195' title='bbox 1408 4159 1532 4220; x_wconf 89' lang='lat' dir='ltr'>tumul·</span> 
     </span>
     <span class='ocr_line' id='line_1_26' title="bbox 248 4260 1532 4344; baseline 0.002 -22"><span class='ocrx_word' id='word_1_196' title='bbox 248 4260 343 4322; x_wconf 91' lang='lat' dir='ltr'>tibus</span> <span class='ocrx_word' id='word_1_197' title='bbox 373 4261 714 4343; x_wconf 87' lang='lat' dir='ltr'>tempestatibusque</span> <span class='ocrx_word' id='word_1_198' title='bbox 749 4261 918 4324; x_wconf 89' lang='lat' dir='ltr'>sedandis</span> <span class='ocrx_word' id='word_1_199' title='bbox 948 4262 1266 4344; x_wconf 81' lang='lat' dir='ltr'>tranquillitatique</span> <span class='ocrx_word' id='word_1_200' title='bbox 1303 4262 1532 4325; x_wconf 88' lang='lat' dir='ltr'>restituendis</span> 
     </span>
     <span class='ocr_line' id='line_1_27' title="bbox 249 4366 1531 4452; baseline 0.002 -23"><span class='ocrx_word' id='word_1_201' title='bbox 249 4368 359 4429; x_wconf 90' lang='lat' dir='ltr'>multo</span> <span class='ocrx_word' id='word_1_202' title='bbox 384 4366 537 4429; x_wconf 79' lang='lat' dir='ltr'>maxima</span> <span class='ocrx_word' id='word_1_203' title='bbox 561 4388 582 4429; x_wconf 91' lang='lat' dir='ltr'>a</span> <span class='ocrx_word' id='word_1_204' title='bbox 604 4388 661 4431; x_wconf 88' lang='lat' dir='ltr'>me</span> <span class='ocrx_word' id='word_1_205' title='bbox 685 4377 834 4450; x_wconf 84' lang='lat' dir='ltr'>erogata</span> <span class='ocrx_word' id='word_1_206' title='bbox 858 4368 904 4431; x_wconf 91' lang='lat' dir='ltr'>sit</span> <span class='ocrx_word' id='word_1_207' title='bbox 925 4368 1157 4450; x_wconf 87' lang='lat' dir='ltr'>pecuniarum</span> <span class='ocrx_word' id='word_1_208' title='bbox 1181 4388 1330 4449; x_wconf 85' lang='lat' dir='ltr'>summa,</span> <span class='ocrx_word' id='word_1_209' title='bbox 1362 4389 1441 4432; x_wconf 90' lang='lat' dir='ltr'>cum</span> <span class='ocrx_word' id='word_1_210' title='bbox 1464 4390 1531 4452; x_wconf 92' lang='lat' dir='ltr'>pro</span> 
     </span>
     <span class='ocr_line' id='line_1_28' title="bbox 249 4473 1531 4558; baseline 0.003 -23"><span class='ocrx_word' id='word_1_211' title='bbox 249 4473 428 4536; x_wconf 83' lang='lat' dir='ltr'>ordinario</span> <span class='ocrx_word' id='word_1_212' title='bbox 452 4473 576 4553; x_wconf 87' lang='lat' dir='ltr'>Milite,</span> <span class='ocrx_word' id='word_1_213' title='bbox 601 4494 705 4555; x_wconf 91' lang='lat' dir='ltr'>quem</span> <span class='ocrx_word' id='word_1_214' title='bbox 731 4474 874 4537; x_wconf 85' lang='lat' dir='ltr'>Svevici</span> <span class='ocrx_word' id='word_1_215' title='bbox 899 4474 1056 4538; x_wconf 87' lang='lat' dir='ltr'>foederis</span> <span class='ocrx_word' id='word_1_216' title='bbox 1079 4475 1236 4557; x_wconf 86' lang='lat' dir='ltr'>ratione,</span> <span class='ocrx_word' id='word_1_217' title='bbox 1260 4486 1333 4538; x_wconf 89' lang='lat' dir='ltr'>tum</span> <span class='ocrx_word' id='word_1_218' title='bbox 1357 4478 1531 4558; x_wconf 86' lang='lat' dir='ltr'>peculiari</span> 
     </span>
     <span class='ocr_line' id='line_1_29' title="bbox 249 4581 1531 4664; baseline 0.002 -21"><span class='ocrx_word' id='word_1_219' title='bbox 249 4600 328 4643; x_wconf 92' lang='lat' dir='ltr'>meo</span> <span class='ocrx_word' id='word_1_220' title='bbox 353 4581 513 4643; x_wconf 85' lang='lat' dir='ltr'>exercitu</span> <span class='ocrx_word' id='word_1_221' title='bbox 530 4584 772 4663; x_wconf 89' lang='lat' dir='ltr'>sustentand0‚</span> <span class='ocrx_word' id='word_1_222' title='bbox 796 4601 901 4664; x_wconf 91' lang='lat' dir='ltr'>quem</span> <span class='ocrx_word' id='word_1_223' title='bbox 920 4582 955 4645; x_wconf 91' lang='lat' dir='ltr'>in</span> <span class='ocrx_word' id='word_1_224' title='bbox 972 4582 1150 4663; x_wconf 90' lang='lat' dir='ltr'>equitibus</span> <span class='ocrx_word' id='word_1_225' title='bbox 1167 4581 1308 4646; x_wconf 88' lang='lat' dir='ltr'>circiter</span> <span class='ocrx_word' id='word_1_226' title='bbox 1323 4582 1404 4645; x_wconf 92' lang='lat' dir='ltr'>Duo</span> <span class='ocrx_word' id='word_1_227' title='bbox 1420 4583 1531 4664; x_wconf 89' lang='lat' dir='ltr'>Mille,</span> 
     </span>
     <span class='ocr_line' id='line_1_30' title="bbox 250 4688 1532 4771; baseline 0.002 -22"><span class='ocrx_word' id='word_1_228' title='bbox 250 4698 285 4749; x_wconf 91' lang='lat' dir='ltr'>et</span> <span class='ocrx_word' id='word_1_229' title='bbox 310 4688 495 4751; x_wconf 89' lang='lat' dir='ltr'>Peditibus</span> <span class='ocrx_word' id='word_1_230' title='bbox 519 4689 660 4753; x_wconf 87' lang='lat' dir='ltr'>circiter</span> <span class='ocrx_word' id='word_1_231' title='bbox 683 4701 765 4752; x_wconf 88' lang='lat' dir='ltr'>octo</span> <span class='ocrx_word' id='word_1_232' title='bbox 789 4690 884 4752; x_wconf 90' lang='lat' dir='ltr'>mille</span> <span class='ocrx_word' id='word_1_233' title='bbox 908 4689 1032 4769; x_wconf 92' lang='lat' dir='ltr'>Viros,</span> <span class='ocrx_word' id='word_1_234' title='bbox 1065 4689 1196 4753; x_wconf 86' lang='lat' dir='ltr'>fiducia</span> <span class='ocrx_word' id='word_1_235' title='bbox 1221 4688 1405 4771; x_wconf 86' lang='lat' dir='ltr'>prestandi</span> <span class='ocrx_word' id='word_1_236' title='bbox 1428 4688 1532 4752; x_wconf 90' lang='lat' dir='ltr'>buius</span> 
     </span>
     <span class='ocr_line' id='line_1_31' title="bbox 249 4793 1531 4878; baseline 0.002 -22"><span class='ocrx_word' id='word_1_237' title='bbox 249 4793 303 4856; x_wconf 85' lang='lat' dir='ltr'>sui</span> <span class='ocrx_word' id='word_1_238' title='bbox 345 4794 494 4858; x_wconf 91' lang='lat' dir='ltr'>subsidii</span> <span class='ocrx_word' id='word_1_239' title='bbox 542 4798 776 4878; x_wconf 84' lang='lat' dir='ltr'>collegeram,</span> <span class='ocrx_word' id='word_1_240' title='bbox 821 4807 857 4859; x_wconf 89' lang='lat' dir='ltr'>et</span> <span class='ocrx_word' id='word_1_241' title='bbox 892 4816 984 4859; x_wconf 88' lang='lat' dir='ltr'>nunc</span> <span class='ocrx_word' id='word_1_242' title='bbox 1027 4805 1206 4871; x_wconf 86' lang='lat' dir='ltr'>sustent0;</span> <span class='ocrx_word' id='word_1_243' title='bbox 1246 4816 1361 4878; x_wconf 88' lang='lat' dir='ltr'>neque</span> <span class='ocrx_word' id='word_1_244' title='bbox 1405 4796 1531 4859; x_wconf 88' lang='lat' dir='ltr'>minori</span> 
     </span>
     <span class='ocr_line' id='line_1_32' title="bbox 249 4902 1533 4987; baseline -0.001 -22"><span class='ocrx_word' id='word_1_245' title='bbox 249 4912 390 4985; x_wconf 91' lang='lat' dir='ltr'>sumptu</span> <span class='ocrx_word' id='word_1_246' title='bbox 415 4902 556 4984; x_wconf 88' lang='lat' dir='ltr'>privata</span> <span class='ocrx_word' id='word_1_247' title='bbox 580 4905 658 4967; x_wconf 88' lang='lat' dir='ltr'>Res</span> <span class='ocrx_word' id='word_1_248' title='bbox 681 4926 780 4987; x_wconf 89' lang='lat' dir='ltr'>mea,</span> <span class='ocrx_word' id='word_1_249' title='bbox 805 4924 897 4986; x_wconf 88' lang='lat' dir='ltr'>quae</span> <span class='ocrx_word' id='word_1_250' title='bbox 920 4904 1093 4985; x_wconf 86' lang='lat' dir='ltr'>proximis</span> <span class='ocrx_word' id='word_1_251' title='bbox 1115 4904 1170 4967; x_wconf 91' lang='lat' dir='ltr'>his</span> <span class='ocrx_word' id='word_1_252' title='bbox 1194 4902 1320 4967; x_wconf 87' lang='lat' dir='ltr'>diebus</span> <span class='ocrx_word' id='word_1_253' title='bbox 1342 4905 1412 4967; x_wconf 89' lang='lat' dir='ltr'>hoc</span> <span class='ocrx_word' id='word_1_254' title='bbox 1436 4903 1533 4984; x_wconf 90' lang='lat' dir='ltr'>cepit</span> 
     </span>
    </p>
   </div>
   <div class='ocr_carea' id='block_1_10' title="bbox 0 0 1720 5700">
    <p class='ocr_par' dir='ltr' id='par_1_11' title="bbox 0 0 1720 5700">
     <span class='ocr_line' id='line_1_33' title="bbox 0 0 1720 5700; baseline 0 0"><span class='ocrx_word' id='word_1_255' title='bbox 0 0 1720 5700; x_wconf 95' lang='lat' dir='ltr'> </span> 
     </span>
    </p>
   </div>
  </div>
 </body>
</html>
