3425 5700
794 573 1039 636 *eritrea

278 723 464 792 elesiarum
489 745 530 790 ac
554 727 845 791 monasteriorum
872 729 1076 792 eversiones
1101 746 1177 791 curn
1202 727 1374 791 bonorum
1396 720 1557 809 direptio·

278 837 381 898 nibus
396 846 433 897 ut
448 837 516 897 iam
534 856 636 898 omne
661 839 788 897 malum
814 857 879 917 pro
905 837 1178 916 uniuscuiusque
1195 835 1340 898 libidine
1365 847 1401 897 et
1417 834 1563 898 sceleris

278 964 391 1025 genus
416 964 462 1004 ex
486 943 556 1004 illis
579 943 787 1024 regionibus
812 943 969 1004 auditum
994 942 1100 1004 fuerit
1125 955 1160 1004 et
1184 941 1297 1005 indies
1321 943 1501 1022 audiatur,
1527 955 1562 1002 et

278 1053 447 1141 precipue
472 1051 508 1112 id
532 1052 626 1132 quod
651 1052 695 1111 ad
726 1049 967 1110 ecclesiastice
1002 1049 1185 1130 dignitatis
1218 1052 1319 1112 simul
1349 1061 1384 1112 et
1412 1049 1560 1112 auctori·

278 1159 362 1220 tatis
387 1158 656 1240 oppressionem
680 1156 867 1218 manifeste
892 1155 1023 1236 tendit,
1049 1156 1131 1238 quin
1157 1157 1260 1219 etiam
1292 1160 1387 1237 quod
1412 1157 1564 1238 amplius

279 1277 333 1326 est
357 1274 391 1326 et
416 1265 556 1327 minime
581 1266 773 1325 verendum
800 1275 896 1342 erat,
928 1265 1052 1325 eadem
1078 1263 1204 1324 seditio
1229 1263 1394 1345 idemque
1419 1267 1564 1325 morbus

279 1372 428 1453 patriam
454 1372 556 1434 istam
582 1383 616 1433 et
641 1371 844 1433 comitatum
876 1372 1108 1452 Tyrolensem
1141 1369 1329 1434 novissime
1365 1370 1492 1432 invasit
1528 1380 1564 1431 et

279 1479 387 1541 veluti
413 1500 460 1541 ex
484 1481 636 1560 quadarn
662 1478 779 1540 subita
803 1478 1067 1558 conspiratione
1099 1479 1279 1558 usquead
1305 1478 1417 1558 ipsam
1443 1477 1564 1538 civita-

278 1596 349 1648 tem
374 1585 618 1649 Tridentinam
643 1585 876 1665 permanavit,
903 1586 947 1646 de
973 1605 1042 1665 qua
1067 1596 1164 1646 certo
1189 1605 1314 1665 parum
1340 1582 1454 1646 abfuit
1479 1603 1564 1663 quo·

279 1692 392 1755 minus
416 1693 623 1755 audirentur
647 1713 715 1773 que
740 1691 825 1753 alibi
857 1702 999 1772 patrata
1030 1690 1241 1754 referuntur.
1289 1691 1411 1754 Voluit
1445 1701 1564 1752 tamen

281 1800 378 1860 Deus
402 1797 636 1878 Omnipotens
660 1798 729 1879 mei
753 1809 789 1859 et
813 1818 971 1860 meorum
996 1799 1176 1878 aliquanto
1201 1797 1360 1860 misereri
1385 1812 1422 1860 ut
1446 1817 1566 1877 neque

280 1907 374 1986 apud
400 1925 523 1966 omnes
547 1905 775 1969 Tridentinos
800 1926 843 1967 ea
867 1908 967 1967 labes
991 1907 1245 1983 invalesceret,
1278 1924 1392 1984 neque
1416 1904 1567 1966 ulterius

285 2032 393 2093 usque
419 2014 524 2073 modo
549 2025 719 2093 serperet,
745 2014 790 2075 ad
814 2034 919 2094 quam
944 2012 1245 2093 comprimendam
1270 2012 1358 2073 sicut
1375 2006 1564 2072 Serenissi·

282 2140 358 2180 mus
368 2120 539 2201 Princeps
549 2139 693 2200 operam
710 2141 829 2181 curam
847 2131 883 2180 et
896 2141 999 2182 omne
1011 2120 1162 2181 studium
1179 2139 1278 2180 suum
1295 2117 1567 2200 diligentissime

283 2247 423 2308 semper
455 2227 594 2288 navarit
625 2227 674 2289 ita
704 2227 1010 2308 impresentiarum
1045 2229 1227 2293 oculorum
1258 2225 1411 2288 maxime
1444 2227 1567 2287 studet

280 2342 386 2414 atque
400 2334 592 2414 contendit,
620 2335 710 2396 adeo
736 2344 773 2396 ut
793 2354 899 2415 quum
924 2334 1208 2415 religiosissimus
1232 2346 1267 2394 et
1291 2333 1392 2396 simul
1418 2331 1561 2413 pientis·

279 2445 385 2502 simus
409 2461 549 2523 semper
572 2440 678 2503 fuerit
705 2439 881 2522 Sedisque
912 2441 1119 2521 Apostolice
1156 2439 1449 2516 studiosissimus,
1484 2440 1562 2500 iarn

281 2548 433 2610 maxime
447 2548 567 2628 cupiat
579 2547 730 2629 intelligi
743 2569 823 2610 sese
836 2547 930 2610 vires
944 2569 1102 2629 quasque
1112 2569 1193 2610 suas
1208 2547 1393 2610 intendere
1407 2547 1452 2608 ad
1471 2548 1566 2607 hanc

281 2655 491 2716 seditionem
516 2654 803 2716 labefactandam
837 2668 872 2716 et
897 2656 1153 2728 cohibendam,
1186 2656 1236 2716 sic
1265 2654 1455 2716 arbitratus
1485 2651 1565 2714 fieri

280 2771 318 2822 ut
350 2759 558 2823 beneficium
585 2782 688 2841 quam
719 2761 909 2824 maximum
940 2761 1026 2822 ¹herli
1059 2762 1267 2842 Apostolice
1301 2770 1334 2821 et
1364 2759 1568 2822 Christiane

282 2869 465 2949 religionis
490 2890 511 2931 a
535 2890 573 2932 se
598 2872 767 2959 collatum¹
790 2891 868 2933 esse
894 2880 1090 2932 censeatur.
1125 2869 1210 2950 Quis
1227 2870 1318 2931 enim
1336 2868 1430 2930 haud
1455 2867 1568 2945 videt,

281 2977 449 3038 comitatu
497 2976 684 3058 Tyrolensi
738 2979 972 3038 tumultuante
1026 2988 1061 3038 et
1108 2977 1161 3037 his
1199 2976 1284 3057 ipsis
1330 2974 1568 3036 seditionibus

281 3087 548 3161 succumbente,
580 3083 663 3145 inde
693 3082 785 3146 viam
814 3084 946 3164 aperiri
979 3084 1024 3144 ad
1061 3104 1217 3164 quasque
1251 3082 1431 3164 proximas
1461 3079 1568 3141 Italie

281 3200 400 3270 partes
424 3190 485 3251 ubi
511 3210 637 3270 nempe
663 3210 769 3252 cause
795 3192 920 3251 eedem
944 3192 999 3251 vel
1027 3190 1178 3252 maiores
1203 3190 1281 3251 illos
1298 3190 1490 3270 populares
1519 3190 1568 3248 ad

280 3297 472 3359 seditiones
496 3297 694 3357 huiusmodi
719 3297 951 3373 suscitandas,
975 3307 1013 3358 ut
1038 3297 1132 3375 alibi,
1157 3296 1306 3357 invitare
1323 3296 1492 3375 possunt?
1527 3294 1567 3355 Si

284 3403 425 3484 quidem
451 3403 486 3464 in
512 3403 605 3465 omni
630 3404 733 3481 malo,
759 3414 795 3464 et
820 3403 854 3465 in
880 3406 947 3465 hoc
973 3403 1144 3479 maxime,
1170 3422 1234 3464 usu
1264 3401 1360 3463 venit
1389 3412 1427 3462 ut
1450 3400 1568 3481 primo

282 3511 485 3572 inchoatum
510 3510 681 3573 coaluerit
705 3520 741 3571 et
764 3510 973 3591 pauxilatim
998 3518 1068 3572 tam
1093 3511 1201 3591 longe
1226 3511 1368 3590 lateque
1393 3507 1569 3587 serpserit

282 3629 320 3679 ut
353 3618 423 3679 iam
455 3627 565 3679 totam
600 3612 826 3679 Germaniam
861 3616 1056 3679 Christiane
1097 3616 1292 3697 reipublice
1325 3624 1462 3697 partem
1493 3634 1567 3676 non

283 3724 456 3786 modicam
472 3724 636 3786 infecerit
652 3728 746 3785 etad
764 3722 866 3785 Italie
883 3722 971 3784 fines
987 3744 1099 3804 usque
1124 3722 1168 3783 sit
1191 3731 1436 3803 pervagatum.
1485 3720 1569 3801 Ego

283 3852 368 3892 vero
393 3832 476 3911 quid
501 3831 537 3893 in
561 3832 626 3892 has
650 3830 820 3911 temporis
845 3830 1065 3892 calamitates
1096 3828 1330 3910 prestiterim,
1355 3828 1569 3902 curaverim,

285 3939 510 4018 maximoque
534 3959 613 4000 meo
639 3949 779 4018 sumptu
804 3936 1016 4017 profecerim
1041 3936 1258 4017 opponendo
1284 3956 1339 3997 me
1363 3934 1488 4018 ipsum,
1514 3956 1568 3997 re·

284 4045 441 4106 sistendo
478 4044 634 4125 nihilque
670 4043 965 4123 pretermittenda
994 4055 1031 4105 ut
1063 4047 1128 4105 hos
1155 4042 1334 4105 sevientes
1355 4038 1505 4105 rusticos
1533 4054 1570 4105 et

284 4153 524 4213 debaccantes
547 4150 695 4211 lenirem
719 4160 956 4231 temperarem
990 4160 1025 4211 et
1056 4149 1277 4229 cohiberem,
1313 4151 1417 4211 mallo
1450 4149 1485 4211 id
1519 4170 1569 4212 ex

285 4258 361 4319 aliis
386 4269 540 4318 vestram
566 4256 809 4336 Sanctitatem,
835 4277 938 4337 quam
966 4277 1009 4319 ex
1036 4277 1090 4319 me
1115 4257 1203 4337 ips0,
1221 4254 1276 4319 cui
1293 4257 1328 4318 in
1349 4256 1402 4318 his
1417 4256 1570 4337 gloriari

284 4385 354 4426 non
379 4363 472 4441 licet,
497 4364 714 4443 intelligere;
740 4365 808 4425 hoc
832 4384 938 4425 unum
967 4363 1059 4425 inter
1083 4374 1202 4425 cetera
1227 4364 1368 4443 gaudeo
1392 4382 1447 4423 me
1472 4364 1572 4424 curis

286 4481 321 4533 et
345 4472 496 4532 assiduis
520 4470 606 4532 meis
631 4471 814 4532 laboribus
843 4472 922 4533 Deo
954 4471 1088 4551 optimo
1120 4469 1345 4551 maximoque
1376 4468 1572 4531 adiuvante

285 4578 320 4638 id
346 4598 424 4639 csse
449 4589 648 4639 assecutum
674 4586 711 4637 ut
735 4598 839 4657 quum
865 4578 1025 4658 plerique
1054 4597 1119 4659 per
1144 4576 1371 4640 Germaniam
1395 4596 1460 4657 per
1483 4596 1571 4637 suos

286 4683 429 4745 sedibus
453 4683 525 4744 suis
549 4684 641 4764 pulsi
666 4683 745 4758 sint,
770 4684 848 4763 ipsa
872 4703 927 4745 me
953 4684 1299 4747 civitasTridentina
1327 4682 1462 4745 crebris
1485 4702 1570 4747 cum

287 4789 418 4851 nuntiis
443 4799 516 4851 tum
541 4790 652 4852 literis
672 4790 877 4870 interpellat
902 4802 935 4851 et
960 4800 1064 4871 rogat
1089 4794 1134 4852 ad
1157 4792 1320 4871 reditum,
1344 4790 1573 4871 pollicentes,

287 4896 453 4979 quicquid
479 4899 524 4958 ad
548 4896 674 4959 fideles
698 4898 858 4958 subditos
884 4898 1007 4959 attinet
1025 4920 1104 4961 sese
1121 4898 1409 4981 diligentissimos
1433 4912 1569 4979 presta-
