3425 5700
708 514 1024 606 ’111111οψ

262 710 330 773 que
355 689 505 775 gloriam
537 702 571 755 et
596 694 674 757 Deo
708 705 743 757 et
775 696 908 760 mundo
940 707 976 761 et
1000 692 1171 781 singulari
1196 698 1318 762 virtuti
1342 710 1483 764 vestrae
1508 709 1547 764 et

263 800 503 881 expectationi
536 811 741 864 cunctarum
773 804 931 885 gentium
956 806 1139 869 exhibere.
1161 807 1292 869 Datum
1317 806 1449 870 XXIII
1472 810 1548 870 Au-

262 907 357 988 gusti
380 908 582 971 MDXXV.
630 909 737 971 Anno
763 912 931 975 seeundo.

863 1438 927 1502 248

544 1561 704 1643 1111111111
732 1562 810 1643 Vll.
840 1562 1050 1643 Tnevarensi
1078 1563 1272 1645 cardinali.

336 1719 479 1791 (1111111111.
497 1718 558 1777 vu
576 1718 717 1793 apuam
736 1718 773 1777 ad
790 1718 928 1793 principer
946 1735 996 1793 por
1014 1719 1178 1779 dedolatum
1195 1721 1320 1794 scriptae
1337 1722 1381 1781 101
1400 1721 1468 1792 101.)

751 1845 804 1915 (23.
825 1848 941 1911 Augusti
962 1852 1047 1910 1525.)

350 1991 453 2055 Ven¹⁸
478 1990 605 2055 Frater
632 1992 782 2054 salutem
806 1999 873 2054 etc.
928 1988 1106 2071 Quantum
1141 1990 1336 2072 profecerit
1368 1992 1403 2055 in
1434 1995 1546 2057 tantis

262 2099 475 2163 Germaniae
506 2098 661 2161 motibus
689 2108 771 2160 tuae
803 2096 1038 2161 fraternitatis
1067 2098 1180 2161 virtus
1211 2108 1248 2161 et
1277 2100 1466 2181 prudentia
1495 2104 1544 2164 ad

262 2207 449 2289 impiorum
472 2206 653 2268 hominum
677 2206 846 2267 tumultus
871 2204 1066 2284 sedandos,
1101 2214 1163 2267 aut
1195 2206 1302 2268 etiam
1333 2207 1438 2269 armis
1467 2208 1544 2270 vin-

263 2313 445 2393 dicandos
471 2322 525 2375 est
548 2312 651 2375 nobis
676 2312 782 2393 plane
808 2308 1000 2393 cognitum,
1021 2310 1178 2392 nihilque
1194 2333 1323 2376 novum
1340 2316 1386 2377 de
1399 2315 1544 2396 virtute,

262 2430 298 2483 et
321 2420 494 2501 religione
518 2429 579 2481 tua
601 2419 849 2481 intelleximus
897 2416 1025 2480 Sumus
1056 2419 1149 2481 enim
1173 2418 1304 2482 iamdiu
1335 2420 1371 2483 in
1402 2442 1445 2483 ea
1468 2422 1544 2504 opi-

261 2530 382 2605 nione,
411 2537 449 2589 ut
478 2527 514 2588 in
548 2536 583 2589 te
607 2525 801 2588 iudicemus
826 2524 951 2607 vigere
982 2528 1184 2606 exemplum
1218 2537 1254 2589 et
1280 2527 1423 2609 pietatis
1454 2549 1544 2612 erga

262 2636 387 2714 Deum,
412 2644 449 2696 et
472 2632 686 2713 integritatis
711 2631 873 2693 eximiae.
922 2631 1012 2694 Illud
1038 2634 1189 2695 0101111116
1214 2634 1357 2714 quidem
1389 2656 1454 2698 nos
1482 2639 1542 2699 de-

261 2741 407 2806 lectavit
431 2739 464 2802 in
490 2750 590 2802 tanta
614 2738 822 2801 confusione
854 2759 970 2802 rerum
1002 2740 1174 2819 omnium,
1206 2753 1242 2803 et
1272 2743 1544 2823 perturbatione

260 2859 373 2912 status
397 2846 627 2912 ecclesiastici
650 2846 699 2909 ita
723 2844 890 2909 enituisse
914 2845 1081 2910 virtutem
1104 2859 1211 2928 tuam,
1229 2860 1266 2910 ut
1290 2848 1542 2932 intelligerent,

263 2967 298 3019 et
327 2956 497 3019 sentirent
520 2954 690 3036 improbi,
725 2953 858 3016 Summi
895 2953 963 3016 Dei
1001 2951 1217 3018 Sacerdotes
1256 2957 1362 3020 etiam
1401 2960 1446 3020 ad
1482 2979 1544 3022 res

262 3083 410 3145 magnas
450 3063 665 3142 temporales
704 3063 883 3141 gerendas
924 3061 1074 3124 inveniri
1113 3061 1270 3126 idoneas.
1333 3063 1542 3146 Quanquam

261 3173 432 3234 nollemus
457 3189 546 3251 opus
569 3167 679 3230 fuisse
703 3167 825 3230 armis:
851 3169 914 3230 sed
938 3168 967 3230 si
991 3188 1089 3230 arma
1117 3169 1318 3231 necessaria
1341 3181 1439 3252 sunt,
1469 3191 1541 3235 non

261 3287 343 3342 sunt
373 3277 433 3339 illa
464 3275 703 3357 repudianda,
735 3275 923 3355 presertim
956 3275 986 3337 si
1016 3275 1062 3336 ad
1094 3275 1403 3340 conservationem
1432 3298 1543 3340 verae

262 3397 297 3448 et
314 3405 422 3447 sanae
447 3382 575 3446 Christi
600 3381 704 3462 fidei,
734 3393 769 3444 et
793 3384 838 3442 ad
863 3381 1081 3462 reipublicae
1107 3381 1329 3446 Christianae
1354 3385 1543 3448 utilitatem

261 3502 401 3573 sumpta
425 3490 577 3553 fuerunt.
626 3487 729 3568 Quod
753 3488 788 3550 in
814 3499 849 3550 te
874 3488 1053 3569 evenisse,
1085 3500 1251 3571 tuamque
1276 3490 1383 3552 animi
1407 3493 1527 3572 magni

262 3599 418 3662 tudinem
443 3618 521 3660 cum
547 3597 624 3658 Deo
650 3605 685 3658 et
709 3615 787 3657 cum
811 3596 987 3677 religione
1016 3595 1125 3658 fuisse
1159 3595 1400 3676 coniunctam,
1433 3599 1542 3677 pluri-

261 3726 353 3770 mum
378 3706 584 3786 gaudemus,
609 3704 778 3784 'suaeque
803 3702 1032 3765 Fraternitati
1056 3706 1101 3766 de
1118 3713 1218 3766 tanta
1233 3703 1411 3785 exquisita
1435 3707 1543 3768 laude

260 3815 490 3894 gratulamur.
547 3811 620 3874 Nos
653 3811 812 3892 quidem,
843 3810 901 3892 qui
929 3810 993 3873 tibi
1025 3831 1166 3893 semper
1194 3832 1241 3873 ex
1271 3811 1387 3874 animo
1419 3811 1541 3875 affecti

259 3919 408 4000 suimuS,
440 3919 687 4001 insignemque
721 3938 809 4000 erga
840 3927 875 3981 16
910 3919 1085 3999 gessimus
1115 3919 1414 3998 benivolentiam,
1446 3921 1542 3983 hanc

260 4041 356 4090 tuam
379 4027 520 4088 laudem
546 4025 705 4088 ducimus
729 4025 833 4087 nobis
857 4045 950 4106 pene
967 4046 1187 4089 communem
1203 4047 1281 4089 esse
1297 4038 1424 4107 tecum,
1449 4047 1543 4109 quae

260 4144 295 4198 et
320 4133 349 4196 si
372 4133 512 4215 magnis
536 4133 729 4212 laboribus,
746 4143 781 4195 et
797 4133 1092 4195 sollicitudinibus
1109 4134 1175 4196 fuit
1196 4133 1315 4214 mixta,
1339 4136 1407 4196 hoc
1421 4145 1544 4199 tamen

258 4240 324 4304 fuit
347 4240 539 4322 insignior,
576 4242 670 4322 quod
702 4239 893 4303 illustriore
926 4242 1139 4303 documento
1171 4240 1353 4322 patefacta
1381 4251 1451 4315 est;
1486 4255 1546 4304 est

259 4347 353 4412 enim
377 4348 489 4410 virtus
513 4347 548 4410 111
578 4346 847 4409 difficultatibus
878 4346 1083 4428 perfectior.
1142 4347 1314 4410 Volumus
1337 4347 1457 4430 itaque
1481 4368 1560 4412 ex·-

259 4455 415 4519 istimare
444 4455 718 4518 Fraternitatem
749 4462 844 4516 tuam
880 4474 943 4516 nos
977 4464 1013 4516 et
1046 4453 1163 4516 multis
1186 4453 1389 4536 praeteritis
1413 4453 1545 4519 officiis

259 4562 323 4625 tibi
354 4583 432 4624 esse
462 4562 647 4624 devinctos
657 4609 666 4642 ,
707 4573 743 4624 et
777 4563 844 4624 hoc
877 4561 1011 4624 recenti
1044 4571 1174 4624 eventu
1204 4561 1254 4622 ita
1290 4561 1456 4624 incitatos
1492 4563 1544 4624 ad

259 4688 415 4732 amorem
440 4679 475 4731 61
495 4667 704 4731 charitatem
728 4668 789 4748 tui,
813 4678 851 4731 ut
866 4667 950 4731 nihil
976 4668 1030 4747 sit,
1055 4670 1151 4748 quod
1175 4678 1232 4730 tua
1250 4688 1369 4747 causa,
1385 4667 1544 4732 Domino

260 4775 461 4855 adiuvante,
485 4795 557 4837 non
594 4773 748 4838 libenter
778 4775 907 4838 facturi
936 4775 1044 4837 simus
1110 4775 1185 4838 Nec
1222 4797 1307 4838 vero
1340 4796 1429 4858 opus
1459 4796 1546 4840 esse

214 4944 218 4954 ,
259 4892 423 4968 putamus
448 4881 666 4962 tehortari,
704 4891 743 4943 ut
772 4882 807 4942 in
839 4881 1006 4963 pristina,
1047 4892 1082 4944 et
1111 4882 1180 4945 iam
1212 4893 1378 4969 suscepta
1408 4883 1546 4948 virtute
