3425 5700
841 453 1087 509 &elisue

325 621 415 663 anae
448 600 632 683 religionis
663 597 791 663 iniuria
815 599 886 664 fiat.
941 600 983 662 Id
1013 610 1200 681 utrumque
1231 612 1482 682 praeterquam
1507 600 1597 680 quod

325 708 369 769 ad
403 708 676 770 illustrissimam
706 707 995 770 Dominationem
1019 708 1131 770 Tuam
1163 728 1208 770 ex
1233 706 1352 770 officio
1382 706 1506 787 optimi
1537 706 1599 767 viri

210 847 214 850 ·
325 817 507 879 christiani
530 816 682 879 hominis
715 826 751 878 et
782 814 1022 898 intergerrimi
1053 815 1256 878 cancellarii
1286 813 1457 895 imprimis
1480 834 1600 876 curare

325 933 475 1004 spectat,
499 935 535 986 ut
559 934 676 986 tamen
702 923 809 985 etiam
841 923 975 1005 aliquid
997 943 1083 993 ⁴mea
1113 943 1220 985 causa
1250 922 1408 1002 meisque
1438 921 1600 1001 precibus

324 1030 454 1111 faciat,
486 1030 591 1093 etiam
626 1038 730 1109 atque
762 1029 869 1091 etiam
905 1050 967 1092 oro
1001 1040 1037 1092 et
1072 1031 1222 1091 obsecro
1259 1038 1293 1090 et
1329 1049 1384 1090 me
1417 1028 1600 1108 plurimum

326 1138 545 1201 commendo,

566 1682 745 1763 lleundu
773 1680 940 1783 illapioni
972 1681 1172 1763 0001110011.
1202 1680 1371 1761 Caesaris.

749 1813 865 1884 (1111111.
886 1813 1039 1872 German.
1065 1810 1095 1869 Ii.
1115 1810 1183 1880 roi)

821 1912 875 1982 (17.
898 1915 1001 1979 Aprilis
1024 1911 1110 1980 1521.)

415 2039 545 2101 Revde
570 2039 679 2101 Pater
703 2048 739 2101 et
762 2037 914 2101 Domine
939 2039 1158 2120 Praeceptor
1182 2037 1418 2101 observande.
1467 2036 1604 2098 Rumor

327 2157 379 2208 est
411 2146 467 2208 hic
500 2146 667 2228 frequens
699 2146 891 2209 Martinum
921 2148 988 2208 huc
1020 2147 1089 2208 iam
1128 2148 1334 2228 appulsum;
1373 2145 1468 2206 unde
1500 2143 1540 2205 fit
1570 2150 1603 2202 ut

327 2253 481 2314 maxime
496 2274 622 2316 verear
637 2274 682 2315 ne
700 2255 746 2315 ob
762 2254 854 2315 hanc
871 2273 1011 2315 causam
1036 2254 1118 2315 Dux
1144 2251 1242 2315 Saxo
1265 2252 1441 2315 hodierna
1465 2250 1604 2313 comitia

327 2360 497 2422 indixerit
527 2370 565 2422 ut
588 2361 623 2422 in
648 2360 703 2423 his
727 2359 902 2423 Martinus
926 2381 1027 2422 suum
1055 2360 1152 2422 virus
1184 2360 1353 2424 effundat.
1406 2359 1605 2440 Eapropter

327 2465 495 2547 dignetur
518 2467 720 2529 Paternitas
736 2477 857 2529 vestra
873 2468 966 2530 Rev.
990 2467 1046 2529 his
1064 2467 1204 2529 casibus
1220 2466 1279 2548 qui
1304 2468 1432 2529 obesse
1457 2473 1604 2546 possunt

327 2592 523 2637 occurrere.
572 2573 652 2635 Non
678 2573 770 2636 enim
795 2575 839 2636 de
865 2595 903 2637 re
926 2594 1040 2655 parva
1064 2575 1193 2655 agitur,
1217 2575 1281 2636 sed
1306 2594 1397 2654 quae
1423 2573 1469 2635 ad
1486 2572 1602 2634 Eccle-

328 2678 416 2741 siam
440 2678 508 2742 Dei
542 2689 577 2741 et
601 2679 785 2743 Pontificis
810 2680 1054 2743 auctoritatem
1080 2690 1116 2743 et
1139 2680 1302 2743 Caesaris
1326 2680 1391 2741 Tui
1417 2681 1526 2741 decus
1550 2679 1604 2739 de-

328 2787 482 2848 decusve
507 2786 701 2869 contingat.
749 2787 879 2849 Valeat
903 2787 1099 2869 paternitas
1123 2796 1243 2849 vestra
1267 2787 1359 2848 Rev.
1386 2786 1439 2847 cui
1462 2806 1518 2847 me
1534 2785 1605 2867 plu·

329 2892 454 2955 rimum
478 2895 697 2957 commendo

868 3094 873 3101 s
899 3093 901 3095 .
920 3091 1019 3101 Μυννν..
1028 3091 1070 3101 [μή

938 3321 989 3383 ssi.

660 3435 869 3516 Aleander
897 3434 1269 3522 vicecancellarii.

778 3583 920 3655 (limitat.
940 3583 1030 3642 Germ.
1048 3581 1078 3641 li.
1096 3582 1166 3654 204)

826 3696 880 3759 (18.
901 3695 1003 3759 Aprilis
1027 3693 1114 3763 1521.)

417 3818 552 3899 Questa
582 3840 685 3882 mane
716 3819 767 3881 fui
801 3838 867 3881 con
900 3821 933 3881 el
961 3820 1145 3883 confessor
1173 3823 1243 3883 ben
1275 3820 1422 3883 mattino
1453 3841 1518 3902 per
1548 3821 1611 3882 dar

328 3928 445 4007 quelle
471 3926 686 3988 instruitioni
719 3946 832 4008 parea
863 3926 1007 3989 fusseno
1038 3928 1071 3990 al
1096 3928 1281 4008 proposito
1306 3938 1438 3991 nostro.
1486 3927 1552 3989 Poi
1576 3927 1610 3989 in

327 4033 464 4116 palatio
490 4034 582 4096 dove
607 4034 693 4116 ogni
717 4053 801 4096 cosa
826 4054 887 4096 era
912 4033 1080 4115 ambigua
1104 4033 1269 4115 procurai
1300 4038 1327 4097 sl
1361 4035 1426 4097 che
1458 4034 1609 4096 11100111-

331 4141 497 4202 mandato
523 4141 588 4202 che
613 4162 634 4202 a
658 4140 727 4202 due
751 4141 838 4202 hore
863 4140 921 4221 po’
936 4141 1081 4222 meggio
1106 4141 1140 4202 dl
1166 4140 1190 4202 li
1215 4140 1355 4203 elettori
1380 4140 1519 4203 iussero
1546 4161 1610 4203 con

332 4245 443 4309 Cesar
466 4256 502 4308 et
526 4267 547 4308 a
572 4257 715 4327 quattro
741 4247 764 4308 li
790 4247 871 4309 altri
904 4247 1056 4328 principi
1091 4257 1127 4308 et
1157 4249 1238 4309 tutti
1268 4245 1361 4309 Stati
1392 4256 1428 4308 et
1457 4247 1612 4309 Martino

335 4373 560 4434 comparesse
592 4375 614 4415 a
646 4356 844 4434 respondet
868 4354 980 4415 solum
1005 4353 1105 4415 iuxta
1122 4354 1343 4434 interrogata
1367 4363 1402 4416 et
1426 4373 1496 4416 non
1522 4357 1611 4416 altre

334 4462 468 4541 parole.
516 4460 554 4521 lo
579 4462 625 4522 ho
651 4470 834 4542 composto
869 4461 892 4522 li
927 4460 1064 4522 articoli
1090 4481 1221 4523 ancora
1251 4462 1316 4524 che
1349 4461 1508 4542 produtti
1542 4480 1612 4522 non

332 4576 454 4630 nostro
472 4566 623 4647 nomine,
649 4568 779 4650 perche
807 4568 840 4629 la
860 4567 1011 4648 petition
1030 4577 1150 4631 nostra
1167 4568 1202 4631 in
1221 4567 1363 4650 scriptis
1379 4589 1440 4630 era
1456 4568 1612 4630 secundo

330 4675 364 4735 la
388 4673 502 4736 forma
528 4676 622 4737 della
652 4675 751 4736 bulla
774 4675 906 4754 perch&
932 4676 1141 4738 altramente
1166 4697 1236 4738 non
1263 4675 1455 4738 habbiamo
1487 4695 1508 4737 a
1542 4674 1612 4739 far;

332 4783 660 4862 quomodocumque
685 4781 767 4862 qual
792 4779 851 4843 via
876 4781 911 4841 di
938 4782 995 4843 doi
1022 4783 1049 4844 si
1075 4782 1190 4845 faccia
1214 4783 1232 4844 ὲ
1258 4783 1462 4846 bonissima.
