3425 5700
819 564 1067 633 *ormo*

302 732 338 786 et
361 720 458 805 poeti
482 724 549 787 cbe
574 740 662 786 sono
686 720 775 787 costi
800 744 820 785 a
837 723 968 803 Roma,
992 726 1058 786 che
1083 732 1210 786 stanno
1226 720 1303 785 solo
1320 720 1356 786 in
1372 717 1428 787 sar
1442 730 1582 805 quattro

300 831 434 894 verseti
458 833 493 893 al
517 850 614 893 mese
639 840 675 893 et
698 829 895 893 calumnier
917 829 940 892 l'
954 851 1000 894 un
1025 830 1046 893 l’
1062 831 1152 893 altro
1177 850 1285 921 sopra
1312 850 1383 893 una
1398 832 1582 912 paroletta,

301 940 366 1002 che
391 939 643 1027 qeverebbeno
669 958 768 1001 esser
790 936 958 1018 unanimi,
982 946 1019 1000 et
1041 936 1201 1000 horamai
1225 956 1334 1000 ancor
1358 940 1436 1000 loro
1450 938 1583 1001 scriver
1685 1006 1686 1033 ¹

302 1047 480 1108 daccordo
503 1045 539 1108 in
563 1044 749 1109 defension
775 1045 871 1107 della
894 1044 977 1108 sede
1011 1066 1089 1107 cum
1114 1044 1222 1127 quelli
1246 1044 1355 1107 buoni
1379 1043 1525 1127 ingegni
1550 1054 1584 1107 et

300 1152 420 1216 iudicii
444 1154 511 1216 che
535 1152 734 1215 farebbeno
757 1172 840 1215 cose
857 1151 1049 1215 excellenti
1072 1161 1107 1214 et
1124 1154 1366 1215 sarerebbeno
1384 1152 1420 1214 la
1435 1154 1548 1215 bocca
1564 1173 1584 1213 a

302 1260 362 1343 pib
386 1259 422 1321 di
446 1268 537 1322 sette
561 1258 597 1322 di
621 1268 810 1341 questor0,
834 1258 860 1321 li
884 1258 979 1341 quali
1004 1259 1116 1321 solum
1140 1277 1219 1321 cum
1244 1260 1279 1321 la
1302 1258 1426 1339 poesia
1449 1266 1486 1321 et
1510 1268 1585 1321 arte

301 1366 458 1430 oratoria
489 1364 534 1452 (si
557 1367 637 1429 Deo
661 1367 793 1449 placet)
826 1367 860 1429 al
884 1376 1053 1447 presente
1077 1384 1250 1448 appresso
1283 1364 1308 1427 il
1332 1366 1443 1446 vulgo
1466 1366 1585 1429 hanno
1686 1390 1687 1453 y

302 1494 407 1556 preso
432 1476 481 1537 tal
505 1473 642 1537 credito
662 1492 763 1536 corne
781 1474 976 1536 havessero
1000 1482 1105 1554 posto
1125 1473 1160 1535 la
1174 1470 1261 1535 vera
1277 1471 1476 1555 Theologia
1492 1482 1586 1535 sotto
1686 1454 1687 1459 ἵ

301 1581 408 1664 piedi.
456 1581 508 1644 Ns
542 1580 571 1643 si
595 1579 698 1662 pensi
731 1580 861 1643 alcuno
885 1581 950 1643 che
983 1580 1013 1642 si
1036 1579 1220 1661 venghino
1253 1598 1318 1661 per
1347 1580 1588 1659 scomuniche,

301 1689 395 1751 delle
429 1688 525 1769 quali
560 1709 599 1751 se
633 1708 679 1751 ne
710 1686 854 1768 ridono,
890 1706 948 1750 ma
982 1687 1097 1750 solum
1132 1688 1272 1750 clavum
1300 1689 1405 1750 clavo
1440 1688 1589 1749 trudere

301 1802 445 1876 oportet
468 1802 505 1858 et
520 1815 653 1858 vencer
676 1803 818 1857 costoro
842 1814 910 1857 con
932 1792 1036 1857 simili
1051 1813 1148 1857 armo
1173 1802 1209 1857 et
1232 1802 1358 1876 questo
1376 1792 1420 1858 V.
1436 1791 1472 1869 S.
1489 1794 1588 1859 Rma

302 1901 331 1963 si
356 1900 465 1983 degni
488 1901 712 1964 intercedere
741 1920 915 1984 appresso
940 1899 982 1965 N.
1008 1897 1044 1965 S.
1074 1900 1141 1963 che
1165 1900 1251 1963 doni
1281 1900 1400 1965 animo
1424 1910 1460 1963 et
1483 1900 1590 1964 favor
1687 1890 1688 1901 ¹

302 2017 338 2071 et
361 2008 498 2090 premio
522 2008 568 2071 ad
591 2007 709 2072 alcuni
733 2006 841 2071 buoni
866 2006 1027 2089 ingegnii
1056 2028 1077 2071 a
1100 2007 1213 2071 veder
1236 2009 1271 2069 la
1294 2007 1413 2071 Biblia
1436 2007 1608 2091 diligen?

302 2125 459 2178 tomento
493 2124 530 2178 et
553 2115 709 2178 scrivere
734 2135 834 2177 corne.
867 2114 927 2177 san
964 2122 1132 2196 questoro
1144 2163 1153 2195 ,
1185 2115 1221 2178 in
1253 2114 1439 2183 defension
1472 2116 1592 2197 perho

302 2224 399 2286 della
424 2221 517 2303 fede,
541 2224 608 2285 che
623 2221 693 2285 Dio
710 2221 874 2285 adiutaret
889 2223 976 2302 loro,
1001 2221 1045 2285 ne
1061 2223 1223 2302 besogna
1238 2222 1397 2285 horamai
1421 2222 1480 2304 piu
1497 2223 1592 2286 tanti

305 2328 437 2393 dottori
462 2328 646 2410 theologhi
677 2350 698 2393 a
722 2332 884 2392 rebuttar
914 2329 1029 2411 questi
1053 2327 1201 2409 ribaldi,
1237 2329 1261 2392 li
1293 2329 1388 2412 quali
1413 2350 1592 2406 recusano
1688 2372 1689 2387 r

303 2436 383 2500 tutti
414 2436 439 2499 li
463 2436 596 2499 dottori
620 2436 773 2499 comesi
798 2438 900 2501 vede.
948 2436 1029 2499 Non
1054 2437 1072 2501 ὲ
1095 2436 1184 2519 pero
1219 2438 1265 2500 da
1288 2436 1365 2499 dire
1390 2438 1455 2505 che
1481 2438 1542 2501 chi
1569 2439 1593 2500 li

302 2545 386 2606 vole
410 2543 566 2606 scrivere
590 2554 716 2607 contra
740 2543 781 2605 sii
806 2552 898 2606 tutto
923 2545 1019 2607 nudo
1043 2543 1128 2606 delli
1151 2542 1233 2606 libri
1248 2544 1350 2624 sacri,
1375 2544 1476 2608 masi
1495 2548 1594 2609 vede

301 2652 381 2714 chel
406 2651 488 2713 stilo
519 2670 585 2732 per
608 2651 736 2715 adesso
761 2651 782 2714 ὲ·
803 2652 914 2714 molto
939 2650 1160 2732 necessario,
1192 2650 1273 2714 dico
1298 2671 1363 2733 per
1387 2662 1514 2733 questa
1542 2655 1595 2715 tal

302 2758 466 2841 impresa.
513 2758 552 2821 lo
583 2778 648 2840 per
679 2778 753 2837 me,
789 2779 828 2822 se
851 2758 922 2821 Dio
954 2758 1000 2821 mi
1032 2757 1079 2820 da
1102 2756 1219 2840 gratia
1251 2759 1317 2821 che
1341 2758 1507 2821 resummi
1545 2780 1596 2822 un

303 2887 417 2950 pocco
442 2869 476 2928 le
499 2865 608 2949 forze,
633 2847 800 2929 come'sii
823 2874 1007 2929 retornato
1033 2886 1088 2929 me
1112 2865 1270 2930 sforzarb
1295 2867 1434 2930 adiutar
1457 2867 1482 2930 li
1506 2869 1598 2932 altri
1689 2899 1690 2914 l

303 2973 364 3057 piu
398 2977 464 3035 che
489 2973 594 3054 porro
627 2972 662 3036 in
687 2974 838 3054 qualche
872 2972 1076 3054 perticella,
1112 2983 1148 3034 et
1178 2973 1225 3035 ad
1249 2983 1375 3054 questo
1409 2993 1498 3036 sono
1532 2977 1598 3038 del

302 3090 394 3143 tutto
419 3078 670 3161 determinato,
695 3079 718 3141 il
742 3081 809 3142 che
832 3079 952 3142 harrei
977 3078 1037 3162 gia
1061 3078 1307 3142 comminciato
1331 3083 1441 3144 molto
1465 3091 1598 3165 tempo

303 3187 341 3250 fa
371 3208 410 3250 se
442 3207 511 3249 non
537 3207 592 3249 me
624 3189 776 3250 havesse
800 3187 983 3250 retardato
1017 3196 1144 3268 questa
1172 3187 1328 3269 impresa
1358 3208 1425 3270 pur
1455 3198 1598 3272 troppo

303 3293 449 3356 difficile
473 3315 494 3356 a
517 3293 663 3359 homini.

392 3401 562 3481 Besogna
575 3399 632 3463 far
648 3399 807 3463 advertir
822 3421 844 3463 a
860 3401 979 3464 Roma
996 3402 1063 3463 che
1077 3420 1147 3463 uno
1164 3400 1257 3464 frate
1274 3401 1430 3465 Martino
1446 3401 1601 3485 Putzer‚

303 3511 336 3572 el
360 3510 443 3590 qual
467 3517 569 3570 stava
592 3509 651 3570 nel
675 3517 855 3570 convento
880 3507 925 3570 de
943 3505 1188 3588 Heidelberga
1209 3508 1267 3570 del
1288 3517 1393 3571 conte
1409 3509 1601 3592 Palatino,

303 3619 403 3680 dotto
427 3619 497 3678 ben
521 3614 556 3677 in
579 3613 691 3677 latino
715 3624 752 3677 et
767 3616 937 3697 alquanto
953 3615 988 3676 in
1005 3634 1149 3696 graeco,
1173 3614 1330 3696 giovine,
1354 3615 1390 3677 di
1407 3635 1479 3678 uno
1496 3637 1601 3699 capo

302 3722 461 3786 terribile
485 3721 681 3804 brongino,
719 3721 904 3804 ifuggito
928 3722 987 3805 gii
1012 3743 1058 3785 un
1083 3709 1179 3785 mese
1203 3730 1239 3785 et
1264 3723 1408 3805 meggio
1434 3724 1480 3786 de
1507 3743 1600 3790 con-

302 3839 420 3910 vento,
445 3829 464 3892 ὲ
488 3828 537 3891 ito
562 3849 584 3891 a
607 3836 681 3891 star
704 3849 770 3890 con
787 3829 940 3908 Hutten,
966 3839 1001 3891 et
1025 3849 1134 3891 ancor
1158 3831 1203 3892 ha
1227 3830 1248 3892 l'
1262 3829 1399 3909 habito,
1424 3850 1483 3893 ma
1509 3851 1601 3912 pro-

302 3956 387 3998 cura
419 3954 485 4017 per
516 3935 576 3997 via
610 3935 644 3997 di
669 3935 788 3998 Roma
812 3937 980 4006 iassarlo;
1017 3936 1083 3998 che
1117 3955 1187 3999 non
1221 3935 1250 3998 si
1285 3935 1367 4000 lassi
1392 3957 1523 4019 passar
1563 3941 1603 4004 la

302 4041 563 4125 supplicatione
588 4062 609 4103 o
633 4044 755 4104 breve.
803 4040 869 4103 Lui
893 4041 911 4104 ὲ
937 4042 982 4104 de
996 4039 1201 4134 Seltstadio,
1225 4051 1322 4105 terra
1346 4042 1381 4105 di
1398 4040 1602 4128 Spieghel‚

303 4171 360 4212 ma
384 4151 417 4212 el
440 4157 606 4230 presente
630 4147 754 4212 habita
776 4148 812 4211 in
830 4147 1049 4230 Argentina;
1076 4169 1147 4211 non
1171 4168 1210 4211 so
1234 4151 1268 4211 el
1293 4170 1397 4212 nome
1420 4169 1495 4212 non
1522 4153 1603 4218 fra-

302 4269 419 4337 tesco,
456 4255 578 4319 sedin
603 4254 799 4338 Religione
830 4254 883 4341 (ut
906 4255 994 4338 dixi)
1023 4277 1061 4318 se
1086 4256 1225 4318 chiama
1248 4255 1304 4319 fra
1326 4257 1502 4332 Martium
1544 4283 1604 4324 es·

302 4364 415 4427 sendo
439 4382 549 4424 ancor
572 4361 620 4424 lui
644 4362 679 4425 in
705 4363 900 4444 Religione
929 4362 1008 4426 fece
1032 4363 1102 4426 mia
1126 4363 1297 4444 amicitia,
1328 4363 1362 4426 io
1386 4365 1410 4427 li
1435 4363 1509 4428 ieci
1540 4391 1605 4434 ca-

302 4489 401 4532 rezze
435 4470 695 4532 exhortandolo
728 4471 773 4532 ad
797 4489 881 4531 usar
915 4469 938 4532 il
963 4489 1027 4532 suo
1060 4470 1218 4552 ingegno
1253 4481 1288 4532 et
1321 4491 1384 4533 sue
1412 4473 1553 4539 lettere
1582 4499 1607 4542 a

302 4577 428 4639 melior
450 4596 561 4658 opera
584 4576 651 4638 che
669 4575 821 4649 Luther;
846 4594 951 4657 parse
976 4577 1042 4639 che
1066 4578 1100 4639 lo
1125 4575 1296 4658 pigliasse
1319 4598 1341 4640 a
1365 4581 1444 4660 ben,
1470 4590 1510 4643 et
1539 4605 1606 4648 me

302 4704 396 4746 vene
419 4683 479 4746 doi
504 4702 525 4745 o
549 4692 604 4744 tre
627 4681 711 4745 {iate
735 4702 756 4744 a
780 4681 915 4763 visitar,
939 4703 996 4746 ma
1019 4682 1078 4765 poi
1101 4705 1140 4746 se
1156 4684 1188 4746 n’
1203 4684 1222 4747 ὲ
1239 4684 1392 4768 suggito.
1431 4685 1607 4756 Intendo
1633 4665 1636 4672 Δ

303 4810 401 4853 esser
430 4791 536 4852 homo
567 4787 725 4870 inquieto
757 4798 793 4852 et
816 4789 1035 4871 periculoso,
1067 4773 1230 4872 qualibus
1262 4792 1397 4873 gaudet
1428 4797 1604 4864 maxime

302 4897 491 4964 HuttenuS.
