3425 5700
636 584 884 643 0-’3359ῢ-0

157 724 204 788 Dei
212 726 373 791 adiutorio
385 732 669 811 prosequendam
683 732 834 795 meditor
845 733 915 795 iam
929 730 1049 795 futuro
1061 750 1169 809 anno,
1182 730 1281 792 cuius
1291 748 1400 791 causa

157 852 197 895 ne
215 835 251 896 ad
271 835 335 897 has
360 837 495 918 patrias
519 838 639 920 recepi
664 839 699 901 in
724 839 868 920 Imperii
885 838 1034 920 aliisque
1049 836 1291 919 superioribus
1315 834 1402 897 meis

156 940 313 1019 provinciis
330 943 555 1023 quantumvis
579 965 657 1007 mea
682 947 885 1027 praesentia
910 965 1019 1028 aegre
1044 945 1233 1025 caruerint,
1258 952 1296 1005 ut
1320 943 1401 1005 dem

157 1047 281 1110 ordinem
306 1069 385 1111 cum
409 1050 464 1113 his
487 1050 765 1131 provincialibus
790 1054 888 1132 meis²
914 1072 1002 1134 quos
1026 1053 1215 1135 Tyrannus
1239 1051 1299 1113 ille
1315 1068 1402 1133 prae

156 1155 273 1217 caeteris
296 1155 444 1219 infestat
467 1158 599 1240 magis,
635 1169 705 1221 tam
743 1161 837 1222 circa
869 1160 1069 1243 parandum
1104 1165 1336 1221 commeatum
1367 1167 1404 1219 et

154 1259 290 1325 victualia
315 1283 420 1345 quam
444 1264 688 1329 instruendam
714 1267 928 1329 Artelariam
963 1274 999 1329 et
1028 1286 1120 1348 quae
1151 1266 1196 1328 ad
1220 1265 1317 1327 illam
1340 1284 1397 1326 ne-

150 1369 277 1431 cessaria
309 1380 408 1450 sunt,
444 1371 521 1434 sine
554 1372 681 1455 quibus
712 1382 811 1437 tanta
840 1395 898 1437 res
931 1374 1073 1455 penitus
1107 1371 1233 1436 confici
1270 1371 1401 1453 nequit.

147 1473 248 1555 ltaque
270 1476 437 1539 subsidiis
459 1479 673 1561 pecuniariis
697 1480 849 1560 adiutus,
874 1480 1000 1561 positis
1029 1481 1065 1543 in
1094 1480 1218 1543 ordine
1248 1487 1321 1540 tam
1345 1497 1401 1539 ne·

145 1582 285 1645 cessariis
310 1584 635 1667 commoditatibus,
661 1595 697 1649 et
730 1586 994 1668 provisionibus
1023 1585 1142 1666 factis,
1177 1588 1295 1649 alacer
1329 1605 1403 1646 rem

142 1688 275 1769 aggredi
298 1691 440 1772 possim.
476 1692 610 1773 'Atque
638 1694 770 1757 utinam
804 1694 840 1756 id
874 1692 1028 1775 propriis
1057 1692 1254 1774 sumptibus
1281 1691 1402 1753 facere

139 1794 263 1876 liceret,
295 1806 369 1860 tum
398 1818 514 1880 neque
545 1798 764 1862 Beatitudi'ni
795 1800 949 1864 Vestrae
975 1819 1088 1881 neque
1111 1799 1175 1861 ulli
1204 1798 1402 1861 mortalium

140 1921 237 1965 essem
261 1922 442 1967 onerosus
493 1906 777 1988 Quamprimum,
802 1906 971 1970 maiorem
995 1906 1030 1969 in
1055 1908 1197 1969 modum
1222 1917 1257 1968 et
1280 1905 1404 1968 hortor

138 2018 167 2071 et
186 2030 272 2091 rogo
297 2019 336 2073 ut
369 2030 425 2074 me
449 2012 519 2075 iam
545 2016 641 2076 velut
665 2014 904 2095 importunum
929 2025 1134 2078 exactorem
1158 2034 1228 2076 non
1252 2014 1404 2093 repellat

141 2116 262 2179 alacie
286 2137 361 2199 sua,
385 2122 448 2180 sed
477 2121 744 2183 mansuetudine
770 2133 805 2185 et
829 2121 1018 2184 clementia
1041 2141 1105 2184 sua
1134 2119 1404 2201 incomparabili

142 2242 200 2285 non
222 2226 332 2287 solum
356 2224 532 2307 benignas
557 2247 660 2290 aures
683 2238 869 2309 praestare
893 2231 956 2290 sed
981 2228 1104 2307 etiam,
1135 2237 1173 2289 ut
1201 2228 1326 2290 iterum
1355 2235 1402 2287 at-

144 2350 199 2410 que
221 2329 346 2394 iterum
370 2330 521 2413 imploro
547 2343 582 2397 et
606 2354 711 2415 quam
734 2334 888 2398 maxime
912 2354 1056 2416 possum
1081 2334 1174 2397 serio
1208 2342 1243 2396 et
1273 2333 1307 2395 in
1331 2334 1403 2413 ple·

144 2436 283 2499 nitudine
308 2438 387 2519 spei
420 2450 456 2501 et
477 2438 629 2504 fiduciae
660 2462 761 2505 meae
785 2462 892 2522 quam
921 2440 1025 2523 posui
1049 2440 1084 2503 in
1111 2460 1207 2507 eam.
1243 2442 1403 2517 obsecro,

145 2553 294 2624 quantum
320 2545 493 2609 eiusmodi
517 2548 638 2610 auxilii
662 2548 774 2631 possit
797 2548 892 2611 ferre
921 2547 1004 2609 mihi
1031 2547 1228 2630 impartire,
1259 2546 1404 2627 eiusque

145 2652 267 2713 modum
292 2661 328 2715 et
351 2654 525 2716 rationem
549 2654 584 2717 in
613 2665 773 2736 tempore
809 2654 949 2736 aperire
982 2654 1165 2736 dignetur,
1197 2662 1235 2715 ut
1267 2651 1405 2714 collatis

145 2758 201 2820 huc
222 2758 382 2821 omnibus
405 2760 534 2841 opibus
565 2770 600 2825 et
622 2762 756 2824 viribus
774 2760 872 2841 meis,
896 2761 1059 2843 proximo
1084 2780 1176 2823 anno
1200 2754 1406 2840 propulsem

146 2867 199 2928 hoc
221 2868 314 2947 quod
338 2866 495 2931 imminet
519 2869 717 2932 cervicibus
742 2869 963 2932 subditorum
985 2889 1143 2931 meorum
1168 2867 1311 2930 exitiale
1335 2888 1403 2929 ma-

145 2973 217 3045 lum;
240 2973 394 3036 vicissim
420 2976 566 3038 daturus
591 2996 735 3057 operam
760 2986 798 3038 ut
822 2996 900 3038 eam
923 2975 1024 3038 istius
1049 2974 1170 3038 auxilii
1192 2995 1263 3037 non
1286 2973 1405 3055 paeni·

143 3086 213 3158 teat,
236 3081 295 3162 qui
319 3081 435 3163 brevi,
459 3083 616 3163 propitio
639 3085 718 3146 Deo
742 3084 810 3146 hoc
834 3092 930 3145 metu
953 3082 1093 3164 hocque
1116 3083 1208 3145 malo
1233 3081 1404 3144 liberatus

142 3195 171 3248 et
191 3188 345 3251 securior
374 3188 507 3270 factus,
541 3198 653 3253 totum
686 3191 814 3253 deinde
846 3210 903 3252 me
933 3188 1048 3271 ipsum
1079 3208 1121 3251 ac
1151 3198 1259 3269 caput
1290 3206 1405 3249 meum

140 3304 332 3358 convertam
356 3296 403 3357 ad
436 3296 678 3359 defensionem
713 3306 858 3360 sanctae
883 3295 989 3359 Sedis
1019 3304 1055 3358 et
1081 3295 1182 3358 istius
1212 3294 1402 3376 dignitatis

139 3397 240 3480 Quem
264 3401 406 3465 interim
425 3411 593 3485 protegat
609 3413 643 3465 et
658 3413 799 3466 tueatur
821 3403 881 3466 ille
903 3403 963 3485 qui
987 3402 1062 3465 eius
1078 3411 1203 3464 auctor
1227 3413 1290 3480 est,
1307 3401 1405 3463 Deus

137 3517 248 3570 noster
272 3506 440 3574 Christus,
488 3509 543 3572 Ex
568 3509 719 3592 Vienna,
745 3509 802 3572 die
826 3509 1021 3573 Tricesima
1044 3507 1178 3570 Mensis
1190 3506 1274 3586 Julii
1298 3510 1404 3570 Anno

137 3612 271 3678 Domini
294 3615 512 3682 MDXXIV.

340 3749 380 3813 E.
406 3749 442 3812 S.
466 3749 512 3814 V.

670 3885 787 3934 Humilis
806 3891 832 3933 et
851 3886 999 3949 obsequens
1017 3883 1087 3933 tilius

643 3989 836 4053 lombardus
866 3998 1112 4047 manuascae.

1158 4111 1198 4174 ln.
1216 4111 1340 4185 tulerat.
