3425 5700
674 581 921 637 &olibe

163 727 221 787 vel
244 726 398 790 incertus
414 726 459 789 sit
482 730 541 791 vel
566 729 801 791 tardiusculus
817 729 956 791 futurus
971 738 1144 810 speretur,
1168 728 1278 791 satius
1294 728 1434 811 quidem

161 834 358 914 putaverim
381 834 561 917 principes
585 834 723 916 imperii
748 835 940 898 convenire
976 857 1080 917 quam
1108 837 1296 917 negocium
1318 837 1433 900 huius·

160 942 255 1003 modi
280 942 431 1016 differri;
456 952 605 1023 possunt
639 943 783 1005 ettenim
820 962 866 1008 ex
896 943 1098 1025 praeteritis
1123 944 1305 1007 admoneri
1329 964 1434 1025 quam

163 1048 494 1131 perniciosissimum
508 1050 613 1112 fuerit
629 1053 675 1112 ab
691 1050 791 1113 initio
808 1071 879 1113 non
898 1050 1078 1130 restitisse,
1096 1060 1132 1113 et
1139 1051 1279 1133 quantis
1295 1052 1433 1134 quibus·

159 1176 228 1236 que
252 1156 417 1239 periculis
435 1158 582 1239 quisque
605 1178 725 1220 eorum
743 1157 897 1237 agitatus
913 1158 967 1238 sit,
994 1158 1155 1239 aquibus
1173 1158 1313 1221 omnino
1330 1157 1434 1221 liberi

159 1284 236 1325 esse
260 1264 457 1345 potuissent
481 1265 509 1326 si
535 1266 583 1346 (ut
607 1284 672 1346 par
697 1262 786 1349 erat)
811 1285 917 1327 cause
941 1265 1152 1347 gravitatem
1175 1265 1290 1327 metiri
1306 1265 1433 1328 voluis·

158 1382 246 1451 sent,
272 1392 339 1452 que
364 1392 469 1453 quum
494 1372 580 1434 nihil
605 1373 687 1435 dum
713 1372 830 1455 sopita
854 1372 1069 1453 conspicitur
1092 1382 1128 1435 et
1150 1372 1244 1434 illius
1267 1372 1435 1453 reliquias

156 1479 289 1561 ubique
313 1480 434 1543 audire
457 1480 559 1561 licet,
593 1479 699 1543 facile
731 1480 808 1543 fore
838 1480 1048 1543 crediderim
1080 1481 1176 1561 quod
1206 1499 1294 1561 quos
1328 1490 1433 1543 antea

157 1585 209 1647 rei
233 1586 373 1649 novitas
401 1606 545 1649 movere
574 1608 644 1649 non
673 1596 816 1669 poterat
849 1588 992 1650 eosdem
1020 1588 1089 1649 iarn
1114 1596 1234 1649 teneat
1256 1586 1433 1668 posterior

157 1693 326 1755 malorum
352 1694 536 1774 acerbitas
562 1714 607 1757 ex
632 1715 702 1775 qua
726 1695 909 1757 cauciores
932 1695 1141 1774 reddantur,
1164 1702 1203 1757 ut
1226 1695 1350 1757 eadem
1373 1696 1431 1757 vel

157 1800 335 1863 deteriora
349 1800 617 1882 pertimescant;
643 1802 717 1879 sed,
742 1814 778 1864 et
803 1801 832 1863 si
849 1800 943 1864 idem
960 1812 1156 1864 conventus
1171 1800 1346 1883 proficere
1362 1820 1432 1862 non

156 1906 289 1987 poterit
313 1908 357 1969 ad
382 1928 438 1970 res
462 1908 603 1989 penitus
626 1908 831 1989 firmandas,
854 1918 956 1991 peste
980 1910 1067 1971 hae·
1094 1908 1283 1989 eradicata,
1307 1910 1432 1971 saltem

155 2014 287 2095 poterit
310 2016 434 2077 modus
458 2014 631 2097 quispiam
655 2015 806 2079 inveniri
838 2035 909 2097 quo
940 2036 998 2079 res
1028 2018 1264 2097 undequaque
1287 2016 1433 2078 solidior

155 2119 202 2183 sit
225 2141 337 2203 usque
360 2124 485 2185 saltem
508 2124 556 2185 ad
579 2122 722 2204 aliquod
748 2121 943 2186 Concilium
960 2124 1055 2205 quod
1072 2125 1262 2204 aliquando
1277 2124 1432 2185 futurum

155 2237 366 2309 expectatur
389 2238 551 2311 tempore
573 2229 747 2311 quietiori.
785 2229 918 2294 Verum
943 2231 1085 2311 quidem
1110 2230 1139 2293 si
1162 2229 1220 2292 hic
1236 2239 1432 2293 conventus

155 2334 221 2397 erit
252 2334 473 2417 indicendus,
507 2336 630 2420 putavi
661 2334 706 2399 St*
741 2337 788 2399 V⁰
820 2338 971 2419 quedam
1002 2358 1081 2399 esse
1113 2337 1329 2420 exponenda
1363 2358 1431 2419 que

155 2444 205 2521 (ut
226 2440 327 2527 puto)
352 2444 563 2525 cognovisse
594 2464 665 2507 non
698 2444 764 2507 erit
795 2444 918 2506 inutile
943 2445 1001 2507 vel
1024 2445 1212 2526 ingratum.
1258 2443 1372 2507 Erunt
1393 2444 1430 2507 in

157 2548 218 2611 illo
242 2562 419 2613 conventu
444 2552 617 2633 speciales
642 2551 844 2619 comissarii,
865 2560 1032 2633 quattuor
1054 2571 1119 2632 pro
1142 2571 1287 2614 cesarea
1311 2550 1431 2631 Maye·

156 2665 267 2735 state,
299 2654 494 2720 Guilelmus
524 2658 677 2722 Bavarie
710 2671 744 2720 et
769 2658 958 2721 Heinricus
983 2656 1278 2721 Braunsbicensis
1301 2657 1430 2737 Duces,

155 2762 344 2827 Casimirus
366 2766 724 2849 Brandenburgensis
740 2777 776 2829 et
790 2766 978 2849 Philippus
994 2765 1168 2828 Badensis
1185 2765 1429 2837 Marchiones;

154 2871 217 2934 sed
230 2893 335 2953 quum
349 2867 440 2936 inter
463 2885 583 2936 cetera
598 2875 784 2937 tractanda
798 2875 865 2937 hoc
882 2894 989 2936 unum
1006 2873 1073 2936 erit
1089 2871 1329 2954 praecipuum,
1352 2872 1431 2953 ipsa

154 2978 289 3042 heresis
312 2982 483 3061 luterana,
509 2991 544 3043 et
567 2982 633 3044 hec
658 2983 736 3063 ipsa
760 3001 960 3063 quanquam
985 2979 1212 3043 Germaniam
1236 2988 1347 3042 totam
1370 2979 1429 3041 im·

156 3085 414 3167 presentiarum
439 3091 682 3151 tantummodo
707 3089 879 3168 infecerit,
902 3108 1008 3169 quum
1028 3097 1145 3150 tamen
1170 3088 1215 3148 ad
1231 3085 1302 3148 alia
1318 3105 1430 3166 regna

154 3204 344 3276 penetrare
357 3195 478 3276 possit,
494 3216 678 3258 commune
691 3195 832 3258 videtur
845 3193 1033 3277 negocium
1047 3205 1245 3256 ceterorum
1258 3193 1364 3255 etiam
1378 3213 1428 3255 re-

155 3319 303 3380 gnorum
314 3301 380 3380 cui,
391 3310 426 3363 et
434 3302 589 3384 reliquos
601 3311 805 3383 potentatus
817 3302 988 3364 interesse
1002 3301 1154 3364 maxime
1169 3299 1366 3378 conveniat,
1379 3299 1428 3361 sic

157 3419 316 3470 oratores
350 3408 498 3472 Francie
529 3410 662 3490 Anglie
693 3409 879 3492 Hungarie
907 3409 1055 3471 Polonie
1088 3407 1306 3470 Venetorum
1331 3406 1430 3468 ducis

153 3515 347 3578 Mediolani
365 3527 399 3578 et
414 3517 513 3597 alioS,
535 3527 699 3600 preterea
723 3537 830 3580 unum
855 3528 916 3579 aut
940 3519 1089 3578 alterum
1113 3515 1173 3597 qui
1195 3534 1261 3596 pro
1285 3512 1429 3594 reliquis

153 3621 315 3684 dominiis
339 3621 440 3686 Italie
464 3623 543 3686 huic
568 3624 661 3705 pesti
684 3624 914 3706 proximioris
944 3623 1041 3684 vices
1072 3632 1197 3702 agant,
1231 3619 1266 3682 in
1303 3621 1428 3683 eodem

152 3739 347 3802 conventu;
372 3741 478 3812 atque
502 3731 584 3793 ideo
606 3739 645 3792 ut
662 3750 769 3812 quum
784 3731 828 3791 de
845 3751 952 3792 causa
967 3729 1050 3791 fidei
1066 3726 1263 3790 Christiane
1279 3735 1429 3789 tractan-

153 3836 232 3897 dum
265 3834 311 3896 sit
342 3837 438 3917 quod
469 3837 583 3900 eidem
611 3837 742 3918 prefati
775 3847 980 3919 potentatus
1020 3856 1102 3898 suos
1133 3835 1258 3897 adesse
1291 3842 1427 3915 putent,

151 3943 240 4004 sicut
264 3943 299 4005 in
314 3944 475 4026 negocio,
500 3947 595 4026 quod
613 3964 683 4006 non
702 3955 755 4007 est
772 3943 962 4008 Germanic
978 3943 1160 4025 proprium
1178 3961 1298 4003 verum
1323 3939 1428 4002 etiarn

151 4051 313 4113 omnibus
341 4051 462 4133 regnis
494 4051 773 4115 Christianorum
803 4072 1007 4132 commune,
1040 4061 1079 4112 ut
1114 4069 1203 4130 quos
1231 4068 1301 4110 una
1337 4046 1427 4110 fides

151 4158 353 4238 connexuit,
384 4160 549 4221 studeant
573 4171 609 4223 et
639 4160 766 4241 quibus
797 4168 947 4240 possunt
977 4157 1132 4221 consiliis
1165 4156 1314 4217 eandem
1347 4173 1425 4235 pro·

151 4283 313 4345 pugnare
344 4275 380 4327 et
414 4267 530 4330 tutari.
587 4267 644 4328 Ad
675 4268 770 4348 quod
800 4266 907 4329 etiam
938 4266 1124 4347 plurimum
1157 4262 1373 4324 conduceret
1397 4261 1426 4322 si

151 4369 312 4433 Helvecii
339 4373 499 4436 nunctios
523 4393 604 4435 suos
630 4375 756 4436 eodem
779 4373 1014 4444 destinarent;
1047 4373 1091 4433 de
1119 4370 1189 4431 illis
1222 4367 1336 4431 sentio
1368 4367 1427 4449 qui

149 4477 203 4540 his
229 4478 408 4542 erroribus
432 4501 502 4542 non
526 4481 758 4560 adheserunt,
785 4500 944 4562 quosque
976 4480 1098 4542 eadem
1126 4475 1236 4559 pestis
1268 4475 1426 4538 nonnihil

148 4584 241 4646 inter
276 4605 358 4648 suos
388 4585 528 4650 afflixit:
555 4589 618 4649 sed
643 4597 725 4649 ante
751 4586 868 4667 omnia
891 4593 1051 4668 putarem
1077 4583 1242 4647 Cesarem
1266 4601 1344 4644 esse
1368 4584 1425 4644 ad-

149 4693 359 4773 ducendum,
385 4694 479 4774 quod
493 4703 613 4774 preter
630 4693 708 4756 illos
724 4693 949 4756 comissarios
964 4713 1046 4754 suos
1062 4689 1293 4754 Germanicos
1308 4708 1423 4770 quem-

148 4799 245 4880 piam
269 4800 455 4880 hispanum
484 4801 598 4862 virum
630 4821 776 4881 grauem
808 4810 844 4862 et
875 4802 1057 4862 cordatum
1089 4797 1261 4878 mitteret,
1294 4795 1353 4877 qui
1388 4793 1424 4858 in

150 4917 330 4968 conventu
354 4907 432 4989 ipso
457 4908 655 4990 explicaret
679 4927 791 4989 regna
814 4908 875 4969 illa
898 4904 1163 4988 Hyspaniarum
1186 4903 1422 4976 attrocitatem
