3425 5700
821 555 1067 619 ΗΒΒΒΗῊ

308 712 431 775 simum
457 731 561 792 quam
587 719 622 771 et
646 710 823 771 servulum
848 706 1167 790 vigilantissimum.
1213 706 1268 768 Ex
1282 704 1447 786 Tubinga
1465 703 1592 784 quinto

308 818 386 881 idus
411 814 510 899 Sept.
535 836 629 878 anno
654 836 675 877 a
699 816 766 878 Ch⁰
786 824 886 883 ,nato
909 812 1111 877 MDXXV.

441 924 481 988 E.
507 922 543 987 S.
568 922 613 986 V.

1298 1026 1471 1075 numillimus

1205 1117 1325 1181 lemn
1343 1113 1427 1177 rubri
1445 1111 1555 1175 doctor.

847 1317 1009 1329 uwuwnuxtnm
1018 1317 1024 1325 ι
1042 1318 1047 1325 ι

917 1550 991 1616 255.

724 1686 856 1767 Eclduu
884 1684 1057 1765 Clementi
1084 1683 1162 1766 VIL

619 1842 730 1915 (Pontii
750 1844 804 1901 eto.
823 1841 903 1900 Eoldi
922 1840 976 1900 eto.
994 1840 1136 1913 llplrtohr
1152 1838 1199 1897 lol.
1218 1838 1285 1909 242.)

819 1966 874 2038 (17.
894 1970 966 2034 Sept.
990 1968 1078 2033 1525.)

399 2122 610 2185 Beatissimo
635 2122 733 2185 Patri
757 2142 798 2184 ac
823 2121 988 2201 Domin0,
1005 2120 1161 2183 Domino
1179 2117 1351 2182 Clementi
1365 2117 1444 2179 VII.
1469 2113 1593 2178 divina

309 2230 535 2313 providentia
559 2226 595 2292 S.
620 2229 819 2309 Romanae,
844 2249 886 2290 ac
910 2225 1123 2290 universalis
1147 2224 1329 2288 Ecclesiae
1347 2222 1520 2302 Pontifici,
1547 2243 1593 2284 ac

309 2336 507 2399 Salvatoris
530 2335 642 2399 nostri
666 2335 811 2399 Vicario
836 2335 970 2416 optimo
993 2334 1163 2397 Maximo,

398 2444 486 2505 Post
509 2443 630 2505 oscula
654 2442 785 2523 pedum
807 2444 1003 2504 beatorum.
1055 2439 1243 2503 Profectus
1263 2458 1350 2518 sum,
1380 2437 1594 2500 Beatissime

310 2551 428 2629 Pater,
452 2548 564 2613 tribus
580 2549 822 2633 superioribus
844 2547 1022 2611 mensibus
1046 2567 1110 2629 per
1124 2547 1244 2609 Rheni
1267 2556 1418 2609 tractum
1443 2546 1488 2606 ad
1505 2545 1594 2606 Bra-

309 2657 476 2737 bantiam,
502 2667 537 2719 et
560 2656 774 2736 Flandriam,
800 2665 835 2718 et
858 2657 903 2717 ad
928 2655 1041 2737 ipsam
1066 2674 1206 2736 quoque
1224 2653 1401 2735 Angliam,
1425 2672 1595 2714 reversus

310 2784 374 2845 per
399 2764 589 2844 Leodlum,
618 2772 654 2826 et
684 2763 888 2841 Treverim,
921 2764 987 2825 hac
1011 2762 1132 2843 utique
1156 2761 1312 2841 ratione,
1343 2771 1383 2822 ut
1406 2758 1595 2841 experirer

308 2891 400 2934 anne
425 2880 461 2934 et
483 2871 520 2933 in
544 2871 622 2934 aliis
645 2871 840 2952 provinciis
865 2870 968 2933 simili
993 2869 1083 2933 furia
1115 2869 1310 2932 insanirent
1334 2868 1494 2930 homines
1502 2915 1510 2947 ,
1549 2866 1595 2928 si-

309 2989 369 3040 cut
391 2977 498 3041 vicini
522 2978 649 3041 nostri:
683 2988 718 3041 et
749 2987 786 3039 ut
811 2978 1010 3041 conferrem
1033 2977 1117 3040 fidei
1141 2978 1328 3058 negocium
1353 2995 1432 3038 curn
1456 2973 1595 3056 optimo

310 3105 462 3167 quoque,
486 3083 656 3167 precipue
681 3095 797 3147 autem
822 3104 900 3147 cum
933 3083 1258 3147 Reverendissimis
1293 3094 1329 3145 et
1361 3082 1440 3145 Deo
1473 3101 1595 3143 aman-

309 3191 451 3255 tissimis
479 3190 665 3274 Episcopis
689 3191 902 3254 Treverensi
926 3200 962 3253 et
993 3190 1178 3272 Roffensi,
1211 3211 1252 3253 ac
1285 3210 1362 3253 cum
1395 3187 1596 3270 Theologis

312 3297 530 3380 generalium
548 3298 744 3361 studiorum
757 3297 989 3378 Coloniensis,
1003 3297 1248 3377 Lovaniensis,
1261 3295 1596 3377 Heidelbergensis,

310 3416 345 3468 et
353 3405 565 3488 Moguntini,
580 3424 668 3486 quos
681 3405 799 3486 reperi
807 3407 965 3468 zelantes
972 3425 1039 3488 pro
1051 3404 1267 3487 synceritate
1280 3403 1363 3466 fidei
1372 3402 1597 3482 Catholicae,

309 3532 351 3575 ac
366 3515 501 3575 honore
518 3509 622 3575 Sedis
638 3511 858 3594 Apostlicae.
894 3511 1075 3575 Intellexit
1089 3513 1214 3593 procul
1242 3511 1350 3574 dubio
1367 3510 1403 3575 S.
1417 3510 1455 3573 T.
1472 3511 1597 3573 denuo

311 3619 431 3681 divum
456 3618 644 3682 Caesarem
668 3637 885 3682 convocasse
910 3619 1095 3701 Principes
1127 3617 1271 3701 Imperii
1302 3619 1348 3681 ad
1379 3617 1597 3700 Augustam,

311 3727 356 3788 ad
381 3725 475 3788 diem
500 3723 546 3787 8²¹
577 3725 733 3807 Martini,
757 3727 817 3789 ubi
842 3747 989 3789 necesse
1015 3736 1079 3806 est,
1103 3736 1139 3789 et
1163 3724 1199 3788 S.
1224 3725 1263 3790 T.
1289 3724 1440 3806 aliquem
1465 3745 1507 3786 eo
1533 3725 1597 3788 de-

310 3832 452 3896 stinare.
487 3833 626 3895 Vereor
650 3832 742 3895 enim
758 3835 1003 3913 vehementer,
1032 3852 1078 3896 ne
1101 3831 1281 3914 principes
1305 3833 1505 3894 saeculares
1530 3833 1597 3894 ab·

310 3949 411 4002 sente
443 3938 595 4002 Caesare
620 3938 753 4021 aliquid
777 3949 934 4003 statuant
957 3940 993 4002 in
1017 3939 1155 4002 ruinam
1182 3937 1422 4001 Ecclesiastici
1446 3937 1597 4002 ordinis.

310 4046 434 4128 Auget
456 4047 548 4108 hunc
573 4055 704 4108 metum
736 4046 964 4110 conniventia
988 4046 1205 4109 Ferdinandi
1229 4043 1464 4122 Archiducis,
1494 4043 1599 4108 circa

310 4131 1597 4234 Saltzburgensem,etBrixinensemEpiscopOS,tolerantiaitemMarchi-

311 4257 389 4320 onis
398 4257 553 4337 Casmiri,
565 4279 635 4320 non
649 4260 754 4322 modo
769 4280 877 4341 super
888 4259 1131 4340 impietatibus
1145 4258 1351 4337 lutheraniS,
1364 4259 1427 4320 sed
1441 4269 1477 4320 et
1488 4277 1597 4339 prae—

310 4367 412 4444 lat0S,
437 4385 478 4427 ac
502 4367 695 4428 monachos
719 4374 903 4447 apostatas
926 4366 1037 4447 fovet,
1053 4386 1095 4428 ac
1108 4365 1227 4429 nutrit.
1265 4366 1373 4428 Addo
1390 4364 1599 4431 Palatinum

310 4470 509 4534 Electorem
534 4471 736 4534 describere
760 4473 855 4554 apud
872 4494 993 4535 omnes
1010 4473 1244 4536 dominiorum
1264 4493 1404 4536 suorum
1429 4473 1599 4538 subditos

311 4597 448 4655 censue,
473 4587 509 4640 et
532 4577 691 4641 redditus
715 4578 1052 4654 ecclesiasticorum;
1084 4590 1120 4643 et
1153 4601 1319 4663 quorsum
1350 4583 1440 4643 hoc?
1469 4581 1599 4661 potius

310 4695 417 4762 certe,
442 4695 480 4746 ut
505 4695 674 4747 extenuet
698 4705 802 4766 quam
826 4696 973 4767 augeat,
1003 4696 1039 4748 et
1062 4687 1181 4750 odium
1204 4687 1373 4750 laicorum
1397 4687 1432 4749 in
1456 4687 1599 4753 clerum

310 4791 490 4854 ardentius
514 4789 714 4854 incalescat.
754 4792 906 4854 Accedit
922 4792 1004 4855 huic
1019 4795 1113 4856 malo
1129 4796 1316 4857 multorum
1332 4795 1599 4876 Episcoporum

310 4896 493 4980 segnitieS,
524 4907 561 4960 et
591 4897 771 4979 tepiditas
824 4899 926 4961 Unus
957 4898 1260 4982 Archiepiscopus
1284 4902 1475 4965 Treveren.
1507 4905 1598 4968 hac·
