3425 5700
651 569 898 626 θ-έΒῙΟΙΕβ-0

144 725 256 779 contra
278 718 314 779 la
333 716 430 796 fede,
455 716 520 778 che
545 737 566 777 a
588 736 645 779 me
669 717 736 779 che
760 718 806 780 mi
831 717 867 780 fo
897 726 1060 799 squartar
1083 738 1148 799 per
1172 721 1221 781 tal
1237 740 1334 783 cosa:
1360 742 1417 785 ma

142 824 221 906 sapii
237 825 371 887 Vostra
387 822 556 906 Signoria
569 824 888 888 Reverendissima
903 825 969 888 che
986 824 1133 888 Erasmo
1150 826 1264 907 piglia
1279 827 1300 889 l'
1312 832 1416 891 av'an·

143 932 229 1013 tagio
254 951 356 994 come
380 933 414 992 la
438 930 570 1012 moglie
595 932 758 994 adultera
778 934 844 995 che
862 941 943 995 ante
960 940 1068 995 tratto
1083 932 1257 996 comincia
1272 954 1416 1015 repren-

143 1040 197 1102 der
223 1041 259 1103 el
286 1038 425 1100 marito.
472 1037 511 1099 Io
540 1058 681 1119 sempre
708 1040 756 1101 ho
779 1049 908 1120 saputo
933 1040 998 1102 che
1022 1040 1170 1103 Erasmo
1195 1049 1272 1104 erat
1303 1040 1417 1105 fomes

144 1146 285 1208 omnium
318 1144 489 1207 malorum
519 1155 555 1206 et
579 1146 644 1207 che
669 1145 718 1207 lui
746 1148 939 1209 subvertea
961 1148 997 1209 la
1020 1146 1177 1210 Fiandra
1200 1156 1236 1210 et
1259 1148 1283 1211 il
1307 1157 1416 1212 tratto

143 1254 192 1314 del
206 1251 355 1324 Rheno;
379 1252 569 1313 tuttavolta
593 1270 733 1332 sempre
758 1251 953 1315 dissimulai
977 1262 1013 1315 et
1027 1254 1111 1317 holo
1126 1255 1270 1317 laudato
1287 1256 1329 1318 ne
1346 1256 1416 1318 mai

142 1361 181 1420 ho
206 1360 340 1421 havuto
369 1357 615 1420 controversia
643 1377 741 1439 seco,
776 1358 819 1420 nd
849 1358 1091 1440 disputatione
1121 1380 1221 1424 come
1253 1381 1319 1443 par
1350 1364 1415 1424 che

144 1466 230 1547 vogli
245 1464 393 1527 innuere
410 1464 435 1527 il
453 1462 492 1526 Sr
513 1463 815 1546 Archiepiscopo;
841 1466 921 1528 anci
937 1485 1008 1528 una
1026 1467 1124 1529 volta
1140 1469 1347 1549 albergamo
1368 1469 1415 1530 in-

142 1573 240 1636 sieme
254 1594 276 1635 a
287 1571 453 1650 Venetia,
466 1570 614 1633 Erasmo
628 1571 672 1633 ed
686 1570 720 1633 io
735 1570 771 1633 in
785 1573 911 1634 eodem
925 1573 1089 1635 cubiculo
1103 1582 1139 1635 et
1154 1574 1262 1637 cubili
1278 1578 1348 1638 ben
1364 1576 1415 1638 sei

142 1681 229 1761 mesi,
253 1678 397 1761 quando
422 1678 456 1739 io
480 1678 614 1759 leggea
638 1677 663 1739 li
685 1678 812 1740 morali
837 1678 873 1741 di
889 1678 1082 1741 Plutarcho
1099 1700 1208 1761 greco
1227 1692 1262 1743 et
1278 1681 1326 1743 lui
1344 1702 1415 1744 non

140 1808 173 1851 se
198 1787 403 1869 dedignava
430 1785 604 1847 interesse
631 1784 844 1848 lectionibus
870 1786 956 1849 meis
980 1786 1213 1868 quotidianis,
1247 1797 1282 1850 et
1307 1788 1414 1869 dopoi

140 1914 270 1975 sempre
303 1893 415 1956 siamo
443 1891 598 1973 reputati
629 1890 731 1955 amici
756 1892 777 1955 l'
795 1913 867 1956 uno
892 1902 927 1955 et
950 1893 972 1955 l’
989 1895 1098 1973 altrO,
1131 1914 1197 1976 per
1220 1895 1244 1958 il
1269 1897 1334 1959 che
1358 1917 1414 1959 me

139 2000 325 2063 meraviliai
354 1999 447 2062 assai
478 2000 545 2061 che
577 2001 729 2062 essendo
761 2000 807 2061 mi
832 2000 867 2062 in
893 2001 1087 2081 Antversa,
1120 2002 1189 2064 mai
1213 2002 1360 2066 Erasmo
1384 2003 1413 2065 si

139 2108 225 2171 lasso
248 2117 371 2170 trovar
393 2106 438 2169 nd
461 2126 588 2169 manco
605 2127 661 2168 me
678 2126 796 2169 venne
811 2128 832 2169 a
846 2108 975 2181 veder;
1002 2108 1025 2170 il
1042 2107 1133 2171 simil
1148 2108 1209 2190 poi
1224 2129 1246 2171 a
1262 2110 1413 2183 Loanio;

139 2217 202 2277 ben
224 2216 393 2277 intendes
411 2213 457 2276 da
472 2211 555 2275 tutti
571 2215 637 2275 che
652 2213 701 2275 lui
717 2214 849 2294 passim
866 2215 1020 2278 seducea
1045 2217 1077 2278 el
1094 2216 1236 2296 mund0‚
1261 2215 1414 2279 dicendo

141 2323 199 2384 che
222 2326 257 2386 la
270 2322 376 2384 Bulla
400 2330 525 2383 contra
540 2320 674 2382 Luther
698 2341 760 2383 era
783 2321 875 2383 salsa
900 2330 935 2383 et
959 2342 1030 2384 non
1055 2322 1113 2384 del
1130 2322 1231 2404 Papa
1255 2332 1290 2385 et
1313 2322 1347 2385 io
1368 2324 1413 2385 ad

139 2440 255 2509 questo
284 2450 354 2493 non
385 2428 488 2491 dicea
516 2429 607 2490 altro
636 2450 674 2490 se
703 2448 774 2491 non
801 2430 868 2491 che
891 2438 1072 2493 mostrava
1095 2429 1117 2491 l'
1135 2429 1287 2511 original
1312 2450 1333 2492 a
1357 2430 1414 2493 chi

137 2557 188 2599 me
208 2538 357 2619 parlava
381 2535 417 2598 di
440 2537 491 2597 tal
515 2554 609 2614 cosa,
635 2556 655 2597 0
680 2536 824 2617 quando
849 2537 1007 2599 accadea
1031 2536 1091 2598 alli
1108 2537 1171 2599 atti
1188 2537 1341 2609 solenni;
1368 2537 1413 2599 ad

138 2644 181 2704 tal
208 2644 273 2705 che
301 2663 323 2705 a
346 2642 482 2705 Loanio
512 2642 536 2703 li
566 2642 698 2704 dottori
726 2662 783 2704 me
808 2641 943 2705 dissero
971 2662 1069 2705 esser
1092 2652 1147 2705 sta
1169 2642 1342 2724 impressa
1364 2644 1414 2706 tal

137 2749 296 2829 opinione
329 2769 395 2831 per
419 2748 566 2811 Erasmo
596 2770 617 2811 a
650 2749 735 2810 tutti
769 2749 835 2811 che
860 2758 986 2829 questa
1009 2750 1107 2811 bulla
1131 2769 1192 2811 era
1215 2747 1323 2830 falsa,
1348 2750 1414 2812 che

137 2859 272 2937 quando
299 2860 334 2920 la
361 2856 507 2920 mostrai
534 2857 612 2919 loro
641 2867 791 2919 stavano
820 2857 961 2920 attoniti
994 2867 1029 2920 et
1053 2858 1087 2919 la
1110 2859 1289 2940 volgeano
1313 2875 1354 2920 su
1378 2866 1414 2920 et

137 2966 192 3045 giu
215 2986 314 3029 come
338 2985 424 3028 cosa
447 2983 557 3027 ancor
581 2964 726 3028 dubbia.
772 2963 838 3026 Poi
864 2984 885 3026 a
909 2963 1069 3044 Colonia,
1095 2963 1188 3026 dove
1211 2963 1248 3026 fu
1272 2972 1413 3026 trovato

137 3071 276 3135 Erasmo
299 3074 334 3135 la
357 3080 458 3150 notte
482 3071 595 3134 andar
619 3071 665 3133 ad
689 3079 876 3152 pervertet
898 3069 923 3132 li
948 3069 1088 3133 elettori
1107 3079 1142 3132 et
1156 3069 1211 3133 far
1229 3072 1261 3132 el
1278 3070 1412 3153 peggio

136 3180 196 3241 che
218 3180 268 3241 lui
291 3172 416 3261 po‘tea,
441 3188 476 3240 et
499 3198 567 3260 pur
589 3178 757 3240 vedendo
782 3179 848 3240 che-
872 3179 906 3240 le
932 3197 1015 3240 cose
1040 3186 1160 3240 nostre
1190 3180 1412 3242 succedeano

136 3285 200 3346 ben
224 3297 347 3348 contra
373 3285 517 3364 Luther,
548 3305 604 3347 me
628 3304 744 3346 venne
769 3305 790 3346 a
813 3285 935 3365 parler
946 3332 955 3364 ,
990 3293 1025 3347 et
1059 3283 1094 3346 io
1128 3284 1152 3346 li
1183 3284 1261 3348 fece
1290 3285 1323 3346 le
1351 3283 1412 3366 piu

136 3393 257 3469 grandi
287 3411 431 3455 carezze
459 3403 495 3453 et
522 3392 623 3454 onori
648 3395 713 3454 che
737 3391 773 3453 io
797 3391 895 3472 potei
919 3392 1190 3454 rememorando
1216 3390 1363 3453 insieme
1388 3391 1412 3454 li

136 3499 237 3579 tempi
263 3499 407 3580 passati,
432 3507 469 3561 et
492 3499 636 3561 tandem
661 3500 852 3562 deventum
876 3497 944 3560 fuit
967 3519 988 3560 a
1013 3507 1139 3579 questo
1158 3499 1228 3574 ,che
1244 3497 1293 3560 lui
1311 3497 1414 3560 dicea

135 3604 238 3667 havet
262 3605 376 3668 inteso
400 3607 466 3668 che
490 3605 524 3668 io
549 3607 698 3686 parlava
721 3605 790 3667 mal
815 3604 850 3666 di
875 3605 923 3668 lui
948 3606 1042 3687 apud
1067 3614 1257 3668 summates
1281 3614 1317 3667 et
1345 3606 1410 3668 che

136 3709 295 3775 intendea
318 3715 496 3794 procedet
510 3720 636 3774 contro
652 3711 688 3772 di
706 3711 755 3774 lui
770 3722 806 3772 et
821 3711 1000 3773 Reuchlin
1019 3711 1064 3773 ad
1080 3711 1412 3775 condemnationem

135 3817 296 3882 librorum
328 3839 471 3890 eorum,
491 3819 630 3900 resposi
656 3838 726 3881 non
751 3820 864 3880 havet
887 3821 936 3881 tal
962 3817 1217 3899 commissione,
1242 3819 1321 3881 anci
1347 3820 1412 3882 che

135 3922 165 3985 io
191 3946 253 3988 era
280 3947 345 4008 per
372 3925 479 4008 piliar
506 3927 541 3988 la
564 3926 711 4007 querela
735 3933 860 3987 contra
884 3924 941 3986 chi
966 3926 1125 4005 parlasse
1149 3926 1218 3987 mal
1243 3925 1352 3987 dilui
1377 3936 1413 3988 et

136 4032 195 4093 che
217 4052 289 4095 non
312 4052 424 4114 sapea
447 4052 485 4095 se
507 4032 584 4094 suoi
601 4032 683 4094 libri
699 4031 837 4094 iussero
852 4031 998 4094 buonio
1019 4032 1112 4112 mali,
1137 4033 1267 4114 perche
1293 4033 1411 4112 quello

135 4138 194 4199 che
217 4140 266 4200 lui
289 4143 337 4204 ha
359 4139 483 4202 scritto
507 4139 544 4201 in
568 4138 678 4201 sacris
703 4138 831 4201 litteris
855 4158 925 4200 non
951 4139 986 4201 lo
1011 4139 1127 4200 havea
1143 4139 1242 4220 letto,
1266 4139 1310 4200 ne
1327 4158 1409 4220 pen-

135 4265 215 4309 sava
242 4248 291 4310 lui
318 4250 432 4311 haver
460 4247 583 4309 scritto
611 4248 680 4309 mal
706 4248 834 4309 alcuno
859 4254 984 4307 contra
1008 4245 1113 4307 ritum
1137 4243 1327 4309 Ecclesiae.
1367 4245 1412 4307 Et

136 4353 225 4430 quivi
251 4374 391 4437 sempre
415 4352 611 4416 dissimulai
637 4355 884 4416 dextramente
910 4363 946 4414 et
969 4352 1083 4414 trovai
1106 4353 1231 4414 alcone
1249 4352 1411 4434 bugiette

136 4457 288 4522 officiose
314 4460 447 4543 perche
476 4480 545 4522 non
574 4459 701 4522 faceva
725 4481 746 4521 a
774 4457 959 4540 proposito
988 4458 1083 4521 della
1111 4457 1209 4539 fede,
1244 4459 1287 4520 nd
1317 4459 1412 4521 della

137 4567 199 4628 mia
222 4569 468 4631 commissione
492 4566 548 4630 far
571 4569 796 4638 altramente;
821 4569 893 4629 ben
916 4565 941 4629 li
967 4566 1053 4628 dissi
1070 4567 1135 4628 che
1158 4567 1203 4628 mi
1222 4564 1412 4648 despiacea

137 4691 195 4752 per
221 4694 319 4737 amor
347 4686 383 4737 et
411 4676 526 4737 honor
555 4695 618 4738 suo
647 4674 812 4737 intender
841 4674 907 4735 che
936 4672 985 4735 lui
1014 4672 1130 4735 havea
1161 4671 1345 4754 divulgato
1377 4674 1412 4735 la

137 4780 226 4843 bulla
249 4803 346 4846 esser
369 4783 461 4847 falsa
485 4804 507 4846 o
531 4780 746 4866 surreptitia,
773 4790 808 4844 et
831 4781 856 4842 li
881 4778 1002 4861 alligai
1027 4779 1217 4843 testimonii
1242 4779 1337 4860 quali
1362 4779 1410 4842 lui

139 4907 201 4950 non
228 4901 332 4972 potea
362 4910 486 4974 negar.
533 4889 700 4972 Respose
729 4908 829 4952 essor
852 4907 939 4949 vero
965 4897 1000 4948 et
1022 4905 1088 4968 per
1112 4907 1176 4949 suo
1200 4894 1410 4969 argumento
