3425 5700
810 553 1058 625 ebant&

900 856 962 921 163

538 980 680 1063 Hieron.
709 980 882 1062 Roianus
909 982 1068 1063 Mattheo
1097 982 1138 1061 (le
1167 978 1329 1061 (libertis.

691 1128 812 1198 (armar.
829 1127 879 1196 ΣΞ,
896 1129 973 1202 napa.
992 1128 1054 1187 m
1077 1128 1111 1187 n.
1129 1128 1180 1203 15.)

811 1246 865 1313 (31·
884 1248 952 1313 Julii
974 1246 1061 1317 1324-)

384 1388 441 1451 Da
470 1388 636 1471 Augusta
670 1388 799 1452 scrisse
835 1390 1100 1471 copiosamente
1137 1412 1157 1453 a
1180 1389 1226 1451 V.
1251 1387 1288 1454 S.
1323 1397 1360 1452 et
1394 1389 1429 1451 le
1463 1387 1566 1451 avisai

296 1494 402 1558 etiam
427 1497 459 1557 el
484 1494 589 1557 modo
613 1496 729 1558 havea
753 1494 948 1578 imaginato
973 1497 1017 1558 ad
1038 1496 1220 1577 extirpare
1243 1498 1278 1559 la
1298 1494 1450 1577 perfidia
1464 1495 1566 1557 luthe-

296 1622 398 1682 rana,
423 1609 460 1664 et
483 1601 635 1665 maxime
660 1604 741 1666 nele
766 1612 860 1666 terre
884 1603 1050 1683 tranche,
1076 1615 1111 1665 et
1134 1601 1259 1685 gionto
1284 1602 1343 1684 qui
1366 1603 1401 1665 lo
1425 1602 1471 1664 ho
1495 1622 1566 1664 con-

295 1708 400 1772 ferito
425 1728 491 1771 con
518 1710 550 1771 el
565 1708 662 1771 Rmo
680 1708 829 1788 Legem,
853 1710 938 1791 qual
962 1710 980 1773 ὲ
1004 1729 1176 1772 concorso
1199 1710 1234 1772 in
1250 1710 1369 1792 quella
1384 1709 1568 1772 medesima

296 1814 481 1895 sententia,
505 1814 638 1897 perche
657 1816 692 1877 in
711 1814 839 1878 effecto
862 1835 933 1877 non
953 1815 971 1878 ὲ
989 1818 1080 1878 altro
1102 1837 1199 1879 mezo
1219 1837 1240 1877 a
1255 1816 1394 1897 ponerli
1413 1819 1446 1878 el
1462 1816 1567 1892 freno,

297 1932 333 1984 et
363 1922 489 1985 mehe
520 1920 615 1984 dicto
650 1922 714 1985 che
739 1920 798 2001 gia
822 1942 884 1985 era
907 1934 963 1985 sta
985 1922 1163 2004 previst0‚
1199 1933 1236 1985 et
1266 1922 1389 2005 scripti
1412 1921 1513 1985 brevi
1538 1923 1568 1983 al

297 2026 519 2091 serenissimo
545 2028 603 2090 Re
635 2026 894 2110 d’Ingiltera¹).
940 2030 980 2092 Io
1012 2028 1037 2091 li
1070 2049 1216 2111 respose
1248 2030 1315 2093 che
1346 2038 1472 2111 questo
1503 2048 1567 2090 non

295 2138 447 2198 bastava
477 2134 609 2217 perche
633 2134 665 2197 el
690 2154 729 2198 re
762 2135 806 2198 de
831 2135 1003 2216 Ingiltera
1027 2155 1097 2198 non
1121 2136 1325 2199 facilmente
1357 2156 1395 2199 se
1420 2135 1568 2198 moveria

297 2263 318 2305 a
341 2243 390 2305 tal
415 2261 537 2321 cossa,
562 2240 758 2305 dubitando
781 2240 878 2304 forse
902 2243 970 2305 che
994 2241 1056 2323 poi
1078 2240 1104 2304 li
1128 2240 1324 2325 Osterlingi
1347 2226 1419 2305 non
1443 2262 1482 2305 se
1504 2262 1567 2303 mo-

296 2368 448 2411 vesseno
482 2357 607 2411 contra
631 2348 667 2410 di
691 2369 729 2412 se
753 2350 950 2411 retenendo
975 2350 997 2411 ll
1022 2351 1103 2430 quel
1128 2352 1277 2430 polvere
1308 2370 1372 2411 usa
1395 2349 1419 2412 li
1443 2348 1569 2431 Inglesi

298 2476 319 2518 a
342 2474 533 2517 conserver
556 2455 590 2517 le
614 2475 677 2518 sue
701 2474 842 2536 pecore,
868 2476 975 2518 senza
999 2458 1031 2519 el
1056 2456 1139 2537 qual
1162 2455 1199 2518 in
1223 2455 1336 2519 minor
1358 2457 1507 2520 termine
1529 2457 1569 2518 de

298 2561 358 2624 dui
389 2560 472 2624 anni
495 2560 694 2625 morerieno
726 2571 833 2635 tutte;
867 2583 889 2624 a
919 2563 953 2624 ia
977 2566 1060 2643 qual
1092 2582 1194 2626 cossa
1218 2562 1238 2625 ὲ
1262 2563 1421 2645 provisto
1452 2583 1518 2627 con
1539 2564 1570 2625 la

298 2687 409 2750 opera
440 2669 487 2730 ho
519 2668 651 2750 scripto
676 2690 697 2732 a
720 2669 763 2731 V.
790 2667 825 2731 S.
851 2670 963 2732 haver
984 2670 1081 2733 facto
1113 2690 1179 2733 con
1210 2671 1319 2753 quelli
1351 2673 1396 2734 de
1420 2672 1569 2749 Lubech,

297 2775 333 2837 la
357 2776 438 2856 qual
463 2786 559 2838 terra
582 2776 600 2837 ἑ
624 2777 659 2839 la
682 2775 858 2858 principai
883 2787 919 2839 et
942 2797 1032 2860 capo
1057 2779 1102 2841 de
1126 2778 1151 2840 li
1175 2776 1387 2859 Osterlingi‚
1419 2787 1454 2841 et
1477 2798 1570 2841 come

299 2885 418 2965 quella
446 2881 553 2945 habia
577 2883 775 2947 consentito
800 2893 890 2945 tutte
914 2885 947 2946 le
973 2887 1060 2947 altre
1085 2885 1235 2948 convien
1260 2887 1372 2949 hever
1395 2885 1570 2970 patientia,

298 2990 392 3052 onde
416 2989 436 3052 ὲ
460 2987 661 3052 necessario
686 2991 752 3052 che
776 2991 1002 3053 tractandose
1026 2993 1075 3053 tal
1092 3011 1194 3054 cossa
1217 3012 1285 3055 con
1305 2993 1339 3054 el
1353 2991 1570 3056 serenissimo

299 3095 358 3160 Re
389 3096 433 3158 de
457 3094 629 3178 Ingiltera
661 3117 724 3162 sua
748 3096 913 3161 Serenita
937 3096 990 3159 sia
1012 3094 1202 3161 informata
1234 3101 1279 3162 de
1302 3101 1337 3162 la
1361 3100 1505 3162 volunta
1531 3099 1570 3160 de

300 3202 380 3284 quei
405 3205 449 3264 de
467 3197 646 3284 Lubecha,
671 3205 736 3266 che
760 3214 861 3267 tanto
881 3203 941 3286 pib
956 3203 1159 3268 facilmente
1177 3205 1386 3270 consentiri.
1425 3205 1468 3268 El
1482 3205 1570 3267 Rmo

300 3311 438 3392 Legato
462 3307 507 3372 ha
532 3305 628 3372 dicto
652 3312 799 3374 volerne
831 3310 986 3373 scrivere
1011 3333 1032 3374 a
1055 3309 1183 3374 Misser
1205 3312 1382 3375 Melchior
1413 3322 1448 3374 et
1474 3311 1508 3375 io
1531 3331 1571 3374 ne

298 3419 345 3479 ho
378 3417 500 3479 voluto
525 3417 589 3478 dar
620 3411 719 3480 aviso
751 3437 772 3479 a
796 3413 839 3481 V.
866 3414 902 3481 S.
935 3417 1012 3480 acio
1042 3417 1230 3499 parendoli
1261 3439 1305 3482 ne
1334 3439 1442 3501 possa
1473 3419 1571 3482 etiam

299 3521 433 3586 scriver
467 3523 499 3584 al
522 3523 663 3603 prefato
697 3531 733 3585 et
757 3519 922 3586 credame
946 3523 989 3586 V.
1016 3518 1052 3587 S.
1082 3525 1148 3587 che
1181 3545 1252 3588 non
1277 3526 1295 3588 ὲ
1320 3529 1411 3589 altra
1433 3527 1508 3606 via,
1540 3536 1572 3587 et

300 3629 443 3712 quando
467 3649 506 3691 se
529 3628 636 3691 habia
661 3639 808 3710 operato
842 3631 892 3692 tal
917 3649 1019 3693 cossa
1043 3651 1110 3693 eon
1135 3631 1307 3713 lngiltera
1330 3654 1369 3696 se
1391 3633 1494 3715 potr‘a
1517 3631 1572 3715 poi

298 3745 398 3800 tanto
422 3735 483 3817 pib
512 3734 715 3799 facilmente
740 3756 870 3818 operar
893 3756 960 3799 con
984 3735 1141 3800 Fiandra
1173 3747 1209 3800 et
1232 3758 1299 3801 con
1324 3737 1512 3803 Venetiani
1540 3749 1572 3801 et

300 3843 378 3907 sara
403 3845 426 3906 ll
452 3843 498 3905 da
523 3843 608 3926 ogni
631 3853 733 3924 parte
757 3845 877 3908 levato
902 3847 934 3906 el
949 3856 1054 3925 poter
1070 3865 1207 3909 mercar
1230 3856 1266 3908 et
1282 3856 1571 3928 consequemente

300 3951 333 4013 el
357 3959 462 4032 poter
485 3949 714 4031 lungamente
738 3949 773 4011 in
798 3953 848 4012 tal
872 3948 975 4013 Stato
1000 3951 1117 4015 durar.

388 4055 553 4120 Referite
584 4057 618 4120 al
643 4067 738 4118 ser¹¹²⁰
761 4056 926 4138 Principe
956 4057 980 4119 li
1004 4059 1117 4139 gentil.
1141 4059 1357 4140 portamenti
1390 4060 1434 4123 de
1458 4061 1493 4124 la
1514 4079 1572 4122 sua

301 4158 535 4225 Serenissima
555 4159 704 4244 Sorella,
730 4175 765 4225 et
788 4163 849 4245 poi
874 4164 932 4227 del
956 4183 1020 4226 suo
1044 4165 1170 4228 marito
1195 4175 1231 4228 et
1256 4167 1321 4229 che
1335 4165 1379 4232 N.
1394 4163 1431 4232 S.
1455 4175 1572 4230 contra

330 4400 350 4470 ι)
370 4403 467 4452 Modus
486 4418 563 4467 quem
584 4403 715 4452 Rorarius
734 4404 898 4453 indicaverat
916 4412 942 4454 et
961 4421 1037 4469 quem
1057 4405 1177 4454 historici
1199 4409 1287 4471 Papae
1305 4407 1435 4456 Clementi
1453 4409 1570 4464 tribuunt,

372 4483 415 4532 hic
434 4491 503 4533 erat:
524 4487 616 4546 Reges
629 4483 746 4546 Angliae
764 4493 791 4533 et
810 4485 990 4548 Portugalliae
1010 4501 1063 4534 non
1082 4487 1212 4550 recipiant
1229 4487 1343 4551 propriis
1361 4489 1488 4552 portubus
1505 4503 1570 4537 eom·

373 4563 528 4613 merciantes
547 4565 712 4627 germanicos
731 4564 835 4614 illarum
856 4565 990 4627 regionum
1011 4581 1087 4629 quae,
1106 4581 1161 4614 uon
1179 4566 1333 4618 obedientes
1351 4568 1439 4617 edicto
1455 4570 1570 4618 Womra-

371 4643 458 4702 tiensi,
477 4645 654 4708 suspicionem
674 4645 836 4709 praebebant
855 4643 970 4694 haeresis
989 4645 1152 4700 lutheranae.
1183 4647 1227 4695 Sic
1246 4648 1316 4695 enim
1334 4648 1440 4697 avidum
1452 4648 1569 4713 populum

372 4723 562 4788 temporalibus
588 4725 690 4774 damnis
709 4725 883 4789 plectebatur.
921 4725 981 4774 Tali
1000 4727 1080 4774 modo
1104 4726 1210 4774 saeculo
1229 4728 1301 4776 XVI
1320 4729 1451 4777 Rotarius
1469 4730 1570 4778 Germa·

371 4818 420 4852 nos
447 4804 620 4868 impugnabat
644 4805 737 4854 iisdem
766 4805 845 4854 armis
871 4805 966 4869 quibus
994 4805 1100 4855 saeculo
1120 4807 1195 4855 XIX
1214 4806 1336 4871 Napoleo
1355 4807 1509 4873 imperator,
1534 4806 1569 4856 di·

372 4899 447 4933 versa
465 4899 513 4949 pro
533 4899 625 4945 causa,
644 4885 808 4949 impugnavit
827 4885 964 4948 Angliam.
