3425 5700
651 566 898 622 &with-0

140 732 199 794 per
220 713 256 774 la
279 712 454 775 necessita
474 714 569 775 della
586 733 680 791 cosa,
705 711 905 795 supplicola
918 712 1020 777 flexis
1035 714 1186 795 genibus
1202 714 1236 775 la
1253 734 1291 774 se
1306 710 1415 794 degni

140 839 303 882 conoscer
327 841 398 882 una
419 829 523 901 parte
548 821 593 883 de
617 821 652 883 la
676 820 745 884 mia
768 819 1017 883 iustificatione
1042 828 1076 883 et
1101 819 1266 882 intender
1283 819 1412 885 medul-
1443 850 1446 857 ·

139 925 215 989 litus
244 926 269 988 il
299 935 393 989 stato
423 927 468 989 de
499 928 534 989 la
564 946 649 989 cosa
682 946 781 990 come
811 928 840 990 ἐ.
887 927 983 991 Baso
1007 926 1233 994 humilmente
1257 927 1291 988 le
1315 946 1415 1007 sacre

141 1033 227 1096 mani
251 1033 286 1097 di
310 1033 355 1098 V.
380 1032 417 1096 S.
442 1034 549 1097 Rma.
596 1033 828 1099 Wormatiae.

761 1194 805 1207 ΛΑΜ
809 1195 826 1206 ΡΙ
832 1195 883 1207 MN.

748 1374 801 1439 38.

451 1480 850 1561 vicecancellarius
878 1480 1097 1562 Alcandro.

567 1610 711 1682 (limitat.
730 1610 856 1669 &man
875 1609 906 1669 Ιι.
925 1609 980 1682 33.)

619 1710 698 1780 (1521
719 1741 755 1749 —
774 1713 798 1763 8.
818 1714 928 1778 Martii.)
1219 1768 1221 1771 ,

223 1810 268 1872 Vi
293 1810 322 1873 si
347 1811 478 1873 manda
501 1813 537 1873 la
560 1811 666 1892 copia
694 1812 790 1874 della
820 1812 975 1895 risposta
1007 1814 1074 1875 che
1105 1812 1225 1876 fecero
1259 1812 1318 1874 alli
1351 1812 1414 1874 Le-

141 1918 210 1999 gati
248 1917 282 1980 di
315 1918 446 1981 Nostro
478 1916 633 2000 Signore
666 1918 690 1980 li
722 1918 882 2000 Principi
913 1918 1063 1981 Elettori
1099 1928 1135 1979 et
1173 1920 1253 1982 altri
1287 1918 1414 1999 grandi

141 2028 230 2088 neila
252 2024 359 2087 Dieta
383 2024 504 2086 ultima
529 2026 624 2087 delia
649 2024 753 2087 felice
778 2024 948 2088 memoria
972 2025 1009 2086 di
1032 2024 1296 2105 Maximilian0‚
1322 2026 1415 2091 nella

143 2134 241 2213 quale
273 2134 485 2195 intervenne
524 2133 548 2195 il
580 2131 882 2195 Prothonothario
914 2132 1144 2212 Caracciolo,
1182 2144 1217 2195 et
1246 2134 1282 2195 la
1312 2132 1416 2215 copia

142 2240 231 2303 delia
252 2239 388 2321 replica
412 2239 441 2302 si
464 2238 543 2302 fece
568 2237 604 2300 di
628 2260 715 2320 qua,
747 2240 886 2311 benche
918 2260 985 2321 per
1017 2240 1041 2303 il
1074 2261 1158 2303 caso
1184 2239 1279 2303 della
1304 2248 1415 2303 morte

142 2348 173 2408 di
201 2368 281 2410 esso
311 2346 557 2409 Maximiliano
594 2367 665 2409 non
696 2355 842 2428 potesse
874 2346 1067 2428 pervenire
1098 2368 1120 2409 a
1142 2355 1262 2429 tempo
1294 2368 1316 2409 a
1344 2346 1417 2409 Sua

140 2453 286 2526 Maesta;
318 2452 347 2516 si
372 2454 501 2516 manda
525 2455 683 2516 anchora
708 2452 811 2536 copia
836 2454 881 2516 de
906 2474 952 2516 un
976 2456 1088 2516 breve
1112 2455 1178 2517 che
1202 2455 1228 2516 s'
1247 2475 1307 2517 era
1332 2474 1414 2535 pen·

141 2572 213 2623 sato
246 2560 304 2642 qui
338 2560 374 2621 di
407 2560 578 2623 mandare
610 2582 632 2623 a
655 2560 787 2623 Cesare
819 2560 856 2622 in
891 2570 1054 2642 resposta
1078 2561 1173 2623 delia
1196 2570 1357 2643 protesta
1381 2572 1415 2623 et

142 2668 295 2731 oratione
326 2669 371 2729 de
396 2667 541 2747 Luther‚
573 2668 677 2748 quale
709 2687 779 2730 non
805 2667 824 2730 ὲ
849 2686 958 2748 parso
984 2689 1005 2730 a
1028 2667 1160 2731 Nostro
1186 2666 1339 2750 Signore
1364 2667 1416 2732 sia

141 2776 352 2857 expediente
376 2766 560 2839 mandarlo
584 2775 795 2857 perciocche
828 2796 899 2838 non
930 2776 1100 2838 havendo
1131 2777 1253 2838 voluto
1285 2774 1415 2839 Cesare

140 2883 283 2965 leggere
315 2885 416 2946 detta
447 2891 609 2964 protesta
641 2883 720 2946 anzi
754 2885 957 2946 havendola
990 2884 1025 2946 in
1051 2883 1233 2965 presentia
1265 2882 1302 2944 di
1334 2884 1415 2946 tutti

140 2998 304 3054 strazzata
328 2991 357 3053 si
382 3010 482 3052 come
505 2991 566 3052 voi
589 2990 742 3053 scrivete
767 3000 804 3053 et
827 3011 963 3073 appare
989 3011 1055 3072 per
1080 3010 1159 3054 essa
1182 2992 1230 3053 da
1245 2991 1304 3053 voi
1320 3011 1412 3056 man·

142 3097 220 3161 data
250 3098 325 3180 qui,
360 3095 434 3159 Sua
464 3096 693 3159 Beatitudine
725 3098 1024 3179 prudentemente
1055 3099 1101 3160 ha
1132 3097 1314 3180 giudicato
1345 3118 1415 3160 non

141 3223 253 3266 essere
277 3205 323 3267 da
346 3203 449 3267 farne
472 3203 532 3285 pid
558 3202 741 3267 mentione
765 3225 787 3266 a
812 3202 886 3266 Sua
908 3203 1063 3285 Maesta,
1089 3205 1132 3267 ne
1157 3204 1193 3266 di
1217 3205 1370 3286 bisogno
1395 3227 1417 3267 a

141 3310 332 3374 confutarla
356 3310 569 3390 altrimente,
593 3311 737 3373 basrera
764 3312 830 3373 che
855 3311 915 3373 voi
939 3313 1132 3394 legendola
1155 3309 1237 3374 vine
1262 3311 1415 3375 serviate

140 3437 159 3477 a
180 3418 353 3482 beneficio
378 3417 547 3499 pubblico
572 3419 607 3480 in
632 3420 751 3499 quello
776 3418 882 3500 parra
908 3420 980 3481 alla
1004 3419 1194 3500 prudentia
1210 3428 1331 3481 vostra
1354 3439 1414 3501 po-

139 3533 280 3588 tervene
303 3526 506 3606 prevalere;
532 3536 623 3588 tutto
648 3528 666 3589 ἐ
692 3526 809 3589 farina
833 3526 891 3588 del
910 3523 1011 3589 Santi
1031 3523 1193 3608 Quattro.
1229 3523 1414 3606 Seguitate

139 3649 202 3710 pur
229 3633 287 3695 voi
311 3632 512 3696 virilmente
541 3654 642 3696 corne
672 3633 746 3696 fate
778 3634 910 3714 perche
941 3634 1038 3696 nella
1062 3632 1230 3695 Dottrina
1258 3643 1293 3696 et
1321 3632 1413 3696 suffi-

140 3737 260 3802 tientia
282 3749 318 3803 et
341 3739 424 3803 fede
448 3750 571 3802 vostra
595 3760 685 3823 gran
716 3748 818 3821 parte
848 3739 1003 3803 consiste
1029 3740 1123 3802 delia
1146 3749 1291 3821 sperata
1313 3739 1413 3803 vitto·

140 3843 197 3908 ria.
252 3847 302 3909 La
332 3849 520 3928 prebenda
549 3847 838 3911 Monasteriense
868 3846 903 3908 di
940 3847 1089 3910 Caserta
1117 3847 1165 3909 lui
1194 3847 1273 3910 dice
1303 3848 1415 3910 haver

139 3954 263 4015 ceduto
292 3954 352 4037 gia
383 3955 419 4017 in
442 3955 568 4018 favore
593 3955 628 4017 di
654 3955 711 4017 chi
733 3954 794 4017 voi
819 3955 988 4026 scrivere
1013 3956 1048 4016 la
1073 3974 1157 4017 cosa
1180 3935 1215 4019 di
1241 3954 1414 4036 Capitone

140 4078 238 4137 quem
261 4070 450 4143 tantopere
474 4061 599 4124 laudas
625 4061 728 4144 giae
757 4061 794 4123 in
826 4080 953 4124 securo
978 4070 1013 4124 et
1037 4060 1060 4124 il
1085 4060 1267 4124 Bonbasio
1292 4059 1413 4124 Secre-

139 4165 224 4229 tario
250 4169 307 4231 del
332 4167 434 4232 Santi
463 4167 616 4249 Quattro
646 4189 691 4231 ne
715 4168 763 4230 ha
787 4169 822 4230 la
847 4187 932 4231 cura
960 4178 996 4230 et
1025 4167 1050 4230 il
1074 4177 1224 4249 patrone
1249 4188 1313 4230 suo
1337 4168 1415 4232 l'ha

140 4273 222 4335 tolta
247 4295 353 4357 sopra
377 4274 412 4338 di
437 4297 485 4339 se.
533 4275 799 4338 Communicate
825 4276 858 4337 el
882 4283 973 4337 tutto
1003 4276 1058 4337 col
1083 4273 1354 4356 prothonotario
1379 4283 1414 4337 et

140 4380 299 4444 amendui
322 4382 412 4445 siate
435 4381 520 4445 forti
545 4384 639 4444 nella
663 4381 838 4462 battaglia
863 4390 899 4444 et
918 4381 1171 4462 persuadetevi
1197 4383 1261 4444 che
1286 4381 1322 4444 di
1346 4381 1410 4444 nis·

140 4505 222 4550 suna
251 4489 405 4572 impresa
431 4497 576 4570 possete
600 4489 777 4571 riportare
807 4489 853 4550 da
882 4487 956 4550 Sua
984 4488 1210 4552 BeatitudIne
1241 4489 1283 4552 ne
1316 4489 1411 4551 dalla

140 4591 230 4656 Sede
253 4597 461 4678 Apostolica
484 4597 527 4659 ne
544 4597 709 4677 maggior
728 4597 834 4657 laude
850 4595 894 4657 ne
912 4595 971 4676 piri
985 4595 1111 4658 maturi
1137 4605 1172 4658 et
1188 4595 1288 4658 soavi
1303 4595 1413 4676 irutti,

140 4712 173 4762 et
194 4704 416 4766 benevalete.

223 4809 324 4892 Pisis,
349 4810 448 4873 VIII.
473 4809 591 4893 Martij
616 4808 800 4874 MDXXI.

860 4895 961 4960 vertor
978 4895 1085 4968 irater,
1106 4900 1171 4948 vice
1191 4899 1378 4954 Camalatrus.

676 5005 882 5018 'mmm
