3425 5700
842 613 1089 672 0-43262ffl

326 786 396 828 non
421 765 467 827 ho
492 764 560 826 mai
585 772 683 826 tanto
708 761 767 844 pin
792 783 882 845 gran
908 761 1122 824 contrariete
1145 761 1180 824 in
1206 773 1332 843 questa
1355 761 1596 844 prosecutione

327 874 371 935 de
396 892 515 948 causa,
549 869 614 932 che
638 871 781 951 quando
812 869 847 932 io
872 870 1039 951 allegava
1069 870 1136 932 che
1165 870 1247 950 quel
1278 870 1345 932 che
1369 869 1449 932 dice
1472 868 1596 932 Luther

326 979 346 1040 e
370 987 461 1041 tutto
487 979 532 1040 de
556 975 695 1057 Vigleff
717 985 752 1037 et
775 976 959 1055 Johannes
985 976 1078 1039 Huss
1103 978 1330 1040 condennato
1364 980 1422 1040 nel
1448 975 1595 1039 Concilio

326 1085 370 1148 de
394 1084 617 1164 Constantia,
650 1083 749 1164 quasi
780 1084 862 1146 tutti
894 1093 930 1146 et
960 1083 1088 1164 grandi
1117 1083 1252 1164 signori
1284 1093 1319 1147 et
1342 1083 1472 1165 piccoli
1502 1103 1595 1145 como

327 1192 505 1254 daccordo
531 1191 679 1253 diceano
709 1192 774 1254 che
806 1190 843 1253 fu
872 1190 963 1253 fatto
993 1201 1089 1253 torto
1120 1210 1142 1253 a
1165 1191 1323 1270 loannes
1345 1190 1442 1253 Huss
1475 1190 1597 1273 perche

326 1309 497 1361 constava
521 1299 590 1360 ben
615 1298 692 1360 loro
717 1297 761 1360 de
787 1297 821 1360 la
845 1297 1036 1360 execution
1060 1297 1157 1360 facta
1180 1307 1305 1361 contra
1329 1298 1374 1360 de
1391 1296 1439 1359 lui
1454 1319 1510 1360 ma
1532 1317 1595 1360 non

326 1406 371 1468 de
396 1405 563 1468 citatione
588 1413 624 1466 et
647 1424 833 1487 processu,
871 1413 906 1467 et
940 1406 1006 1468 che
1041 1405 1090 1467 lui
1120 1425 1180 1468 era
1217 1415 1350 1468 venuto
1379 1414 1473 1469 sotto
1505 1406 1596 1468 salvo

326 1514 512 1592 condott0‚
537 1533 607 1574 non
633 1532 734 1574 como
761 1511 869 1575 citato
895 1521 930 1574 et
953 1512 978 1574 li
1001 1512 1040 1574 fu
1064 1521 1159 1575 rotto
1190 1513 1225 1574 la
1256 1532 1459 1594 promessa;
1492 1513 1596 1595 perho

325 1621 372 1683 ho
397 1621 518 1682 voluto
534 1639 659 1681 narrar
682 1616 740 1700 qui
766 1628 856 1681 tutto
883 1621 915 1680 el
931 1639 1100 1700 processo
1126 1627 1161 1682 et
1175 1638 1352 1699 success0,
1377 1618 1401 1680 il
1417 1620 1483 1681 che
1497 1639 1598 1682 ancor

325 1730 390 1789 che
414 1729 541 1808 longo,
574 1745 679 1807 opero
703 1746 773 1788 non
799 1725 879 1788 sara
902 1747 941 1788 se
966 1747 1036 1789 non
1061 1724 1220 1808 proficuo
1245 1736 1282 1788 et
1305 1725 1336 1787 a'
1361 1723 1473 1788 nostri
1496 1727 1597 1807 tempi

325 1844 360 1897 et
384 1833 415 1897 a'
439 1832 546 1896 futuri
571 1835 681 1896 vader
706 1831 895 1895 testificato
920 1834 967 1895 da
981 1831 1091 1896 Cesar
1115 1835 1148 1896 el
1172 1853 1337 1896 successo
1362 1834 1407 1895 de
1431 1834 1467 1895 la
1489 1853 1577 1896 cosa.

414 1941 455 2004 Li
480 1939 645 2022 originali
668 1941 803 2022 tengho
828 1939 888 2021 qui
914 1960 1013 2003 meco
1037 1940 1181 2022 persar
1205 1941 1289 2004 fede
1303 1939 1444 2004 interim
1462 1941 1495 2003 li
1511 1942 1597 2003 dove

324 2048 401 2112 fara
425 2052 587 2130 besogna
611 2056 646 2110 et
669 2047 730 2130 poi
753 2048 948 2130 presentati
972 2049 1031 2112 nel
1064 2048 1135 2112 mio
1166 2048 1302 2111 ritorno
1338 2069 1359 2110 a
1391 2045 1465 2112 Sua
1488 2045 1537 2110 Sl*
1563 2067 1599 2110 se

325 2171 501 2238 potranno
526 2165 674 2218 mettere
698 2154 734 2218 in
759 2157 793 2217 la
817 2155 964 2218 libraria
987 2157 1033 2217 ad
1060 2165 1273 2239 perpetuam
1307 2155 1359 2218 rei
1390 2155 1597 2234 memoriam,

326 2263 389 2324 che
425 2281 446 2324 a
469 2263 619 2343 qualche
653 2271 772 2343 tempo
801 2263 936 2324 anchor
965 2282 1003 2325 se
1031 2262 1234 2326 inserivano
1262 2264 1299 2327 in
1330 2283 1481 2345 corpore
1507 2262 1598 2324 iuris.

325 2368 368 2432 V.
395 2366 430 2431 S.
456 2367 551 2430 Rma
575 2367 688 2449 potral,
715 2367 936 2449 piacendole‚
961 2369 1093 2433 retenir
1109 2390 1179 2433 uno
1196 2390 1321 2452 presso
1339 2372 1384 2433 de
1400 2391 1449 2452 se,
1473 2369 1599 2452 perche

324 2479 383 2541 nel
406 2479 563 2558 pacheto
588 2478 634 2538 de
657 2476 705 2539 M.
730 2475 857 2554 Joanni
880 2475 1028 2540 Matheo
1051 2477 1086 2539 io
1110 2479 1241 2540 mando
1266 2479 1287 2540 l'
1303 2480 1395 2540 altro
1419 2485 1601 2560 presentat

325 2608 346 2648 a
370 2583 444 2648 Sua
469 2583 532 2646 8¹⁸.

414 2691 448 2753 A
472 2691 631 2753 Lovanio
656 2711 744 2754 sono
769 2701 862 2755 stato
887 2713 980 2755 nove
1005 2693 1054 2765 di;
1087 2693 1173 2775 ogni
1204 2713 1287 2755 cosa
1311 2713 1349 2755 se
1374 2702 1479 2775 porta
1500 2694 1601 2754 bene.

325 2798 459 2881 Questa
484 2799 684 2862 orthodoxa
707 2799 950 2863 universitade
974 2819 1013 2863 se
1037 2800 1244 2866 ricomanda
1268 2799 1328 2863 alli
1352 2799 1448 2882 piedi
1472 2801 1508 2862 di
1531 2797 1602 2862 Sua

325 2906 485 2976 Santita;
510 2907 556 2967 ho
582 2907 666 2968 dato
691 2906 715 2970 li
739 2908 865 2970 ordeni
894 2906 1004 2969 debiti
1030 2918 1065 2969 et
1089 2906 1181 2972 sarei
1206 2907 1375 2989 expedito
1399 2907 1459 2989 pin
1483 2916 1602 2990 presto

324 3037 361 3077 se
387 3036 457 3078 non
492 3016 588 3079 fosse
613 3025 705 3079 stata
734 3018 769 3081 la
793 3020 898 3099 colpa
922 3019 1003 3081 dell’
1020 3018 1213 3100 impressor
1241 3019 1276 3081 el
1300 3019 1383 3099 qual
1418 3038 1484 3100 per
1508 3038 1603 3080 man·

324 3142 385 3185 car
409 3124 453 3185 de
477 3124 644 3187 caratteri
673 3144 743 3187 non
768 3134 877 3207 potea
899 3124 956 3188 far
979 3146 1017 3188 se
1041 3146 1111 3187 non
1139 3145 1210 3188 una
1233 3124 1348 3187 forma
1371 3125 1405 3187 al
1430 3126 1464 3186 dl
1489 3133 1524 3186 et
1547 3142 1603 3185 me

323 3232 534 3313 besognava
568 3252 665 3295 esser
698 3243 880 3296 corrector
913 3253 978 3315 per
1018 3235 1113 3295 bella
1152 3232 1250 3295 forza
1283 3252 1348 3313 per
1382 3230 1525 3293 defecto
1560 3229 1605 3291 de

325 3338 529 3401 correctori.
576 3340 610 3402 A
635 3342 734 3401 detto
758 3340 950 3421 impressor
974 3340 1008 3402 io
1039 3339 1108 3402 feci
1133 3342 1223 3403 altre
1247 3341 1362 3402 voltre
1385 3338 1516 3420 pigliar
1539 3355 1606 3419 per

324 3442 382 3505 via
406 3446 450 3507 de
482 3446 517 3507 la
544 3445 677 3509 iustitia
702 3448 794 3510 assai
827 3447 967 3529 grande
1000 3467 1147 3510 numero
1177 3448 1231 3509 de'
1267 3447 1347 3509 libri
1382 3447 1427 3508 de
1459 3445 1605 3523 Luther,

323 3550 419 3613 forse
444 3553 509 3614 che
534 3554 646 3633 perho
671 3574 726 3616 me
750 3554 797 3617 ha
820 3554 1099 3637 stangheggiato
1125 3564 1160 3617 et
1183 3556 1362 3637 possendo
1382 3553 1438 3615 far
1460 3552 1483 3615 il
1509 3572 1604 3615 man·

325 3660 409 3720 dato
440 3659 476 3721 in
509 3668 563 3722 tre
592 3659 667 3723 folii
691 3662 787 3723 hallo
812 3660 903 3724 fatto
927 3662 961 3723 in
987 3662 1114 3743 cinque
1138 3682 1203 3743 per
1226 3661 1286 3743 pil
1311 3681 1375 3722 suo
1399 3659 1608 3741 guadagno‚

324 3766 533 3828 altramente
558 3767 576 3829 ὁ
600 3768 706 3829 homo
731 3768 825 3830 assai
850 3769 969 3830 buono
994 3778 1031 3831 et
1055 3778 1152 3831 certo
1180 3766 1340 3830 horamai
1365 3768 1435 3829 ben
1458 3766 1607 3829 redutto

323 3873 394 3937 alla
417 3874 512 3935 bona
535 3872 593 3935 via
618 3875 712 3936 della
736 3874 819 3956 qual
851 3895 917 3956 per
941 3876 1061 3938 avanti
1086 3895 1146 3938 era
1171 3874 1312 3937 sedotto
1341 3875 1387 3936 da
1416 3874 1472 3936 chi
1496 3873 1543 3939 V.
1571 3872 1598 3933 S

324 3979 418 4041 Rma
442 3991 526 4061 pote
551 3983 621 4043 ben
645 4001 776 4063 pensar
800 3981 856 4045 chi
882 3981 976 4044 volio
1002 3981 1095 4062 dire,
1120 3983 1186 4043 che
1210 3981 1228 4043 ὲ
1253 3980 1358 4043 collui
1383 3984 1449 4043 che
1472 3983 1520 4043 ha
1545 4002 1609 4062 pu·

324 4086 468 4150 trelatto
493 4097 584 4149 tutta
608 4097 733 4169 questa
757 4088 922 4152 Fiandra.
970 4086 1014 4151 Et
1038 4089 1130 4151 hasti
1155 4087 1286 4168 perche
1315 4108 1421 4168 spero
1438 4089 1611 4168 parlarne

323 4192 382 4274 pin
407 4215 429 4256 a
452 4194 571 4276 longo.

413 4302 468 4363 De
493 4302 626 4365 matino
659 4302 835 4384 piacendo
873 4324 893 4364 a
926 4301 995 4364 Dio
1029 4302 1164 4364 andero
1195 4322 1216 4363 a
1251 4302 1442 4382 Bruxelle,
1476 4299 1613 4365 farassi

324 4416 415 4470 tutto
447 4410 565 4489 quello
600 4410 665 4471 che
698 4410 758 4491 pin
791 4411 919 4491 pareri
952 4411 985 4471 al
1017 4408 1202 4490 proposito
1236 4417 1272 4471 et
1302 4408 1381 4469 sara
1414 4407 1613 4489 possibile:

322 4515 383 4597 poi
408 4536 445 4577 se
471 4516 551 4577 sara
575 4518 619 4579 de
643 4518 806 4597 besogno
830 4519 967 4579 restare
992 4517 1037 4578 de
1062 4536 1132 4598 qua
1155 4516 1285 4597 perche
1310 4513 1504 4578 altrimenti
1520 4525 1614 4578 met·

322 4622 448 4685 teromi
472 4621 508 4685 in
532 4622 670 4685 camino
694 4644 760 4704 per
783 4624 904 4686 Roma
928 4644 1029 4686 como
1053 4643 1119 4705 per
1147 4623 1275 4685 lettere
1308 4623 1353 4684 de
1377 4622 1421 4687 V.
1446 4618 1481 4686 S.
1509 4622 1615 4685 Rma

322 4728 470 4791 intendo
486 4727 559 4792 Sua
573 4728 711 4792 Santiti
729 4751 825 4793 esser
841 4740 1019 4793 contenta.
1059 4728 1204 4791 Interim
1221 4731 1309 4792 baso
1331 4729 1366 4790 le
1383 4748 1484 4790 sacre
1512 4732 1616 4793 mani

322 4836 358 4898 di
382 4836 427 4899 V.
451 4833 488 4899 S.
514 4836 618 4900 Rma.
666 4837 825 4899 Lovanii.
