3425 5700
652 609 899 672 *eamn*

148 765 254 827 omnia
276 761 421 826 fuerunt
445 765 634 824 observata
659 773 695 824 et
717 761 752 824 in
777 763 845 824 hoc
871 761 988 823 edicto
1013 761 1193 839 adnotata,
1218 780 1263 820 ex
1288 757 1415 840 quibus

149 879 275 934 constat
299 867 445 932 Sacram
471 868 659 932 Cesaream
682 870 908 933 Maiestatem
943 869 1029 933 nihil
1054 867 1214 930 omisisse
1245 867 1339 947 quod
1369 867 1415 928 ad

149 976 361 1058 pacatissime
398 978 622 1038 tractandum
652 978 744 1040 hanc
781 998 923 1040 causam
956 973 1088 1056 requiri
1119 982 1256 1056 posset,
1290 981 1329 1034 ut
1357 973 1416 1034 vel

150 1083 247 1164 ipsius
271 1094 306 1145 et
331 1082 484 1146 omnium
509 1082 640 1146 iudicio
677 1084 782 1148 etiam
819 1083 921 1146 nimis
951 1085 1143 1146 clementer
1166 1090 1282 1141 actum
1305 1078 1416 1141 fuisse

150 1210 242 1253 nemo
265 1210 334 1252 non
360 1190 466 1252 dicat.
513 1189 552 1252 In
576 1192 689 1254 altera
714 1213 800 1255 vero
830 1190 938 1255 edicti
968 1199 1071 1272 parte
1101 1189 1135 1250 in
1168 1208 1238 1268 qua
1270 1188 1313 1248 de
1345 1205 1415 1248 mo-

150 1297 321 1359 deratione
346 1297 598 1378 impressorum
622 1308 658 1359 et
681 1297 924 1379 prohibitione
953 1297 1124 1362 malorum
1155 1293 1323 1357 librorum
1348 1301 1415 1354 tra·

151 1415 269 1484 ctatur,
294 1403 359 1467 etsi
384 1403 429 1466 sit
453 1403 489 1466 id
514 1403 667 1466 maxime
692 1406 834 1467 salubre
860 1416 894 1467 et
919 1406 1054 1484 absque
1085 1402 1158 1463 ulla
1189 1399 1416 1462 contentione

152 1511 284 1573 concedi
308 1512 457 1591 debeat,
491 1521 609 1573 tamen
637 1521 676 1574 ut
706 1511 783 1575 illm*
813 1512 856 1573 D.
883 1509 927 1573 V.
956 1510 1069 1591 possit
1102 1507 1291 1571 ostendere
1323 1504 1417 1568 Suae

154 1617 315 1680 Maiestati
340 1638 411 1680 non
436 1617 545 1680 fuisse
569 1629 702 1681 temere
727 1619 761 1680 in
792 1621 862 1682 hoc
895 1617 1027 1698 aliquid
1058 1618 1284 1692 attentatum,
1316 1613 1417 1675 mitto

155 1726 317 1787 decretum
345 1734 426 1805 post
443 1724 549 1787 toties
574 1724 703 1787 factam
719 1725 806 1787 alias
823 1723 1088 1803 discussionem,
1113 1720 1417 1799 consultationem,

156 1830 434 1894 examinationem
473 1842 544 1894 tam
583 1830 618 1893 in
654 1831 810 1894 Consilio
851 1829 1086 1893 Germanicae
1124 1826 1277 1892 nationis
1312 1846 1416 1908 quam

156 1937 297 2016 aliorum,
322 1958 427 2000 manu
452 1937 537 2000 Rmi
561 1939 632 2001 Dni
657 1937 827 2020 Episcopi
852 1935 1053 2018 Tergestini
1078 1936 1295 2016 descriptum
1312 1943 1419 2015 prout

158 2043 254 2106 visum
276 2044 341 2107 fuit
366 2044 516 2107 consilio
541 2065 620 2108 esse
646 2043 921 2126 expediendum.
968 2044 1049 2105 Ill¹¹¹⁸
1072 2043 1115 2104 D.
1131 2041 1320 2104 V.·omnia
1344 2040 1418 2102 dili-

155 2160 269 2229 genter
291 2151 448 2233 pensitet
472 2159 508 2213 et
531 2151 577 2214 ad
602 2152 791 2214 Caesarem
825 2160 861 2213 et
892 2149 1076 2212 consilium
1099 2147 1251 2229 referat,
1283 2148 1317 2209 ln
1347 2166 1418 2228 quo

156 2255 232 2319 nihil
253 2258 406 2340 petimus
429 2257 497 2320 nisi
520 2259 616 2341 quod
640 2259 694 2321 ius
719 2267 754 2320 et
778 2257 939 2338 aequitas
963 2257 1130 2338 postulat.
1177 2255 1276 2317 Bene
1299 2256 1420 2316 valeat

155 2364 198 2426 ill.
230 2364 268 2426 D.
292 2366 335 2428 V.
362 2377 398 2428 et
422 2385 565 2428 causam
589 2364 671 2428 fidei
701 2375 736 2427 et
764 2368 939 2428 bonorum
971 2384 1106 2426 morum
1137 2362 1420 2424 commendatam

155 2471 281 2534 habeat.

755 2916 794 2980 91

225 3032 396 3112 Henricus
423 3032 520 3113 IIII.
550 3054 613 3111 rex
641 2968 808 3135 Angliae·
824 3031 1095 3134 Irohiepiseopo
1123 3030 1342 3133 Mogontino.

586 3178 668 3247 (Aeta
687 3178 823 3237 wormat
840 3177 886 3237 111
904 3178 972 3249 ru.)

662 3296 717 3365 (20.
737 3298 793 3347 Mai
815 3294 902 3365 1521.)

234 3438 407 3501 Henricus
422 3438 490 3501 Dei
514 3438 630 3520 gratia
654 3439 739 3501 Rex
766 3439 921 3521 Angliae
947 3450 983 3502 et
997 3438 1170 3501 Franciae
1189 3459 1231 3500 ac
1247 3438 1420 3501 Dominus

152 3542 340 3609 Hiberniae
371 3544 688 3609 Reverendissimo
729 3546 764 3608 in
804 3544 944 3608 Christo
981 3545 1080 3607 Patri
1115 3556 1151 3607 et
1184 3545 1421 3608 illustrissimo

150 3648 297 3715 Domino
322 3654 474 3716 Alberto
498 3651 589 3715 tituli
614 3652 726 3715 sancti
752 3652 977 3734 Chrysogoni
999 3654 1217 3735 Presbytero
1243 3651 1422 3714 Cardinali

149 3756 355 3839 Moguntino
380 3770 414 3823 et
440 3758 746 3841 Magdeburgensi
775 3758 1060 3840 Archiepiscopo
1085 3768 1120 3821 et
1142 3756 1243 3821 Sacri
1267 3758 1422 3821 Romani

152 3862 288 3946 Imperii
311 3886 377 3947 per
401 3865 628 3953 Germaniam
654 3865 980 3929 Archicancellario
1012 3874 1048 3928 et
1079 3865 1237 3946 Principi
1266 3865 1422 3928 Electori

149 3972 262 4034 amico
292 3982 413 4035 nostro
449 3971 629 4035 carissimo
661 3974 820 4037 salutem.
874 3973 909 4035 A
940 3973 1096 4034 Luthero
1130 3971 1233 4033 isthic
1265 3971 1420 4034 excitum

149 4077 346 4142 incendium
379 4078 649 4160 diabolicisquev
666 4077 845 4140 suffultum
881 4079 972 4141 dolis
1006 4090 1078 4140 tam
1114 4077 1172 4139 diu
1208 4098 1274 4140 nec
1307 4080 1422 4142 adhuc

148 4184 341 4247 extinctum
372 4185 465 4248 inter
495 4205 560 4247 vos
591 4184 807 4248 debacchari
838 4194 911 4248 turn
945 4195 1065 4248 nostra
1095 4194 1168 4247 tum
1202 4183 1423 4250 Christianae

147 4290 365 4374 reipublicae
389 4312 496 4355 causa
519 4294 628 4373 longe
662 4293 807 4374 gravius
830 4292 1029 4356 indolemus
1059 4312 1163 4373 quam
1189 4292 1268 4355 ullis
1292 4292 1424 4357 licteris

147 4400 399 4481 comprehendi
430 4401 489 4462 vel
512 4402 666 4463 humana
695 4400 817 4481 lingua
840 4400 955 4482 possit
983 4398 1169 4482 explicari;
1204 4401 1300 4462 nulla
1330 4400 1422 4463 eninr

146 4506 326 4570 hominum
350 4526 413 4569 seu
437 4505 615 4569 annalium
640 4504 809 4567 memoria
839 4515 923 4569 ante
955 4509 1043 4569 haec
1072 4516 1233 4588 tempora
1256 4507 1424 4569 recolitur
1478 4564 1484 4577 ,

147 4612 424 4677 strenuissimam
447 4612 550 4675 istam
575 4612 725 4694 patriam
750 4632 840 4693 quae
857 4612 999 4675 afflictis
1016 4613 1292 4676 Christianorum
1316 4617 1424 4677 rebus

147 4719 379 4785 firmissimum
403 4718 685 4800 tutissimumque
709 4718 925 4800 praesidium
951 4741 1030 4783 esse
1054 4720 1239 4783 consuevit
1262 4730 1323 4782 aut
1343 4724 1423 4784 hae·

147 4848 263 4899 reseos
288 4823 516 4889 seminarium
540 4827 650 4887 ullum
674 4823 868 4904 admisisse,
893 4836 954 4889 aut
977 4826 1118 4907 siquod
1139 4826 1259 4889 forsan
1284 4826 1423 4891 incaute

147 4936 324 5018 obrepsit,
349 4954 420 4996 non
445 4931 632 4995 confestim
656 4931 838 4995 recesisse.
889 4932 983 5015 Quid
1008 4954 1159 5015 namque
1184 4932 1424 4998 nobilissimae
