3425 5700
651 564 801 621 ettam
840 562 898 621 [ea

141 709 238 773 modo
262 720 325 773 tua
349 710 539 793 singularis
562 710 676 775 virtus
699 733 740 775 ac
764 713 882 795 pietas
894 714 930 776 in
948 712 1111 777 omnibus
1124 711 1293 795 gerendis
1308 714 1417 774 rebus

142 827 308 882 versatur.
356 819 501 901 Itaque,
533 838 745 902 quamquam
769 820 891 883 dilecti
913 819 977 882 filii
1001 817 1113 882 nostri
1136 818 1317 882 Laurentii
1342 838 1414 880 car-

142 925 262 988 dinalis
286 926 398 1008 legati
423 926 660 990 testimonium
687 929 813 990 crebro
838 928 1023 991 audiamus
1059 927 1103 989 de
1131 935 1167 989 te
1191 925 1311 989 omnia
1337 942 1416 1006 pre-

142 1034 230 1095 clara
265 1033 574 1097 commemorantis
607 1042 643 1097 et
674 1042 710 1096 te
738 1034 808 1096 tuis
839 1032 1013 1113 consiliis,
1044 1031 1183 1113 studiis,
1216 1030 1416 1094 actionibus

142 1136 315 1203 confidere
337 1159 378 1201 ac
396 1138 464 1203 nisi
485 1140 890 1222 ingenuepredicantis;
914 1150 1033 1203 tamen
1057 1138 1154 1203 facta
1177 1150 1238 1201 tua
1262 1136 1416 1201 omnium

141 1245 346 1311 testimoniis
370 1257 452 1310 sunt
475 1248 620 1311 maiora.
668 1248 768 1329 Quae
791 1250 859 1312 hoc
884 1247 991 1311 etiam
1015 1246 1120 1310 nobis
1143 1242 1302 1329 gratiora
1326 1242 1415 1307 acci·

143 1354 225 1417 dunt
249 1373 320 1434 quo
344 1372 416 1418 non
441 1355 643 1419 dubitamus
666 1364 718 1436 te,
751 1356 786 1418 in
817 1364 917 1417 tanta
948 1365 1009 1417 tua
1036 1352 1125 1436 fide,
1149 1363 1250 1416 tanta
1273 1352 1415 1431 virtute,

143 1481 241 1541 quam
275 1460 356 1523 Deo
391 1462 490 1525 cuius
525 1461 636 1545 ipsius
672 1482 779 1525 causa
813 1463 947 1525 tuendo
971 1482 1012 1523 ac
1036 1460 1243 1523 sustinendo
1266 1468 1416 1541 prestas,

142 1569 222 1630 dare
245 1576 280 1630 et
303 1567 438 1649 aliquid
462 1570 574 1633 amori
597 1578 719 1633 nostro
732 1618 741 1650 ,
766 1590 837 1651 quo
861 1584 899 1631 tu
929 1568 1033 1631 nobis
1057 1565 1207 1631 affectus
1236 1586 1302 1629 nos
1325 1585 1414 1629 vero

143 1696 225 1757 erga
246 1674 467 1739 nobilitatem
494 1686 591 1739 tuam
616 1676 761 1740 mirifice
790 1675 925 1740 incensi
957 1696 1088 1756 sumus,
1120 1676 1179 1738 vel
1206 1674 1300 1738 enim
1334 1672 1417 1754 quia

143 1791 175 1844 tu
199 1781 279 1844 talis
303 1790 339 1844 et
363 1792 402 1845 ut
425 1782 555 1865 dignus
579 1785 732 1846 maxime
757 1782 806 1846 sis
829 1783 889 1865 qui
914 1782 1052 1863 ameris,
1076 1784 1135 1845 vel
1158 1780 1242 1863 quia
1258 1790 1417 1843 nostrum

143 1909 241 1952 omne
265 1888 432 1952 iudicium
457 1910 499 1951 ac
523 1890 678 1953 studium
709 1889 841 1953 iamdiu
877 1889 1101 1953 serenissimo
1126 1887 1248 1953 Cesari
1277 1896 1339 1950 tuo
1368 1895 1416 1950 at-

143 2016 207 2077 que
230 1996 294 2058 tibi
319 2016 361 2059 ac
386 1996 540 2059 omnium
565 1996 840 2060 eminentissime
866 1996 984 2059 domui
1007 2005 1128 2060 vestre
1151 1994 1218 2058 fuit
1248 1992 1417 2073 deditum,

142 2101 188 2165 ita
226 2104 450 2167 nobilitatem
483 2114 579 2168 tuam
611 2114 734 2169 nostra
764 2102 931 2187 flagranti
959 2102 1211 2169 benevolentia
1240 2101 1419 2184 complexi

142 2229 255 2273 sumus
279 2222 318 2273 ut
342 2210 525 2275 videamus
549 2212 583 2275 in
610 2210 661 2275 tui
685 2212 855 2277 memoria
879 2223 915 2273 et
931 2212 1180 2275 recordatione
1197 2208 1418 2291 potissimum

142 2317 374 2398 acquiescere.
422 2318 586 2383 Accessit
611 2328 735 2382 sancta
759 2329 795 2382 et
818 2318 960 2382 celestis
977 2317 1261 2400 coniunctioque
1276 2325 1418 2381 nostros

140 2424 272 2488 animos
295 2426 466 2507 precipue
483 2426 664 2507 copulavit
686 2427 745 2509 qui
762 2426 796 2488 in
813 2425 881 2489 Dei
905 2425 1030 2488 summi
1055 2444 1162 2487 causa
1186 2424 1418 2487 communiter

140 2531 348 2611 laboramus,
373 2553 439 2597 nos
463 2552 529 2615 pro
554 2533 703 2596 aliorum
727 2534 858 2613 salute,
884 2541 1001 2595 tamen
1029 2552 1096 2613 pro
1120 2540 1274 2611 tuorum,
1299 2550 1416 2613 quam·

138 2658 239 2717 quam
264 2640 369 2703 nobis
393 2638 500 2704 alieni
524 2658 597 2703 non
621 2651 702 2703 sunt
726 2660 814 2721 quos
831 2642 930 2703 Deus
945 2638 1171 2720 omnipotens
1190 2648 1310 2701 nostre
1334 2658 1418 2701 cure

139 2754 172 2807 et
196 2744 366 2825 pastorali
390 2746 513 2828 vigilie
537 2748 650 2811 voluit
674 2766 753 2811 esse
778 2747 1004 2825 commissos,
1039 2745 1192 2809 maxime
1216 2745 1335 2808 animo
1359 2766 1416 2809 au·

138 2860 207 2914 tem
228 2862 312 2916 sunt
336 2855 386 2916 tui
410 2855 504 2917 inter
533 2875 622 2937 quos
657 2865 694 2918 tu
730 2855 880 2938 imperio
916 2853 1063 2918 excellis
1101 2862 1137 2916 et
1170 2853 1324 2936 pietate,
1357 2853 1418 2936 qui

137 2967 251 3024 tamen
276 2961 360 3042 tibi,
386 2961 478 3025 sicut
501 2963 653 3045 debent,
689 2972 807 3026 essent
832 2963 928 3026 dicto
952 2961 1148 3041 audientes,
1173 2961 1313 3043 tuisque
1328 2961 1418 3024 salu-

137 3067 270 3130 taribus
300 3069 506 3151 praeceptis
542 3079 577 3132 et
609 3071 751 3134 monitis
787 3074 1087 3152 obtemperarent.
1146 3067 1316 3132 Profecto
1352 3089 1419 3130 nec

135 3171 203 3253 ipsi
230 3185 372 3238 ruerent
395 3175 431 3238 in
457 3175 652 3239 animarum
676 3193 817 3240 suarum
852 3176 998 3239 exitium
1029 3194 1108 3237 cum
1141 3173 1249 3238 tantis
1280 3184 1317 3238 et
1346 3184 1420 3237 tam

136 3277 341 3360 pernitiosis
367 3283 558 3363 erroribus,
583 3292 619 3346 et
643 3303 708 3347 nos
731 3285 893 3346 laborum
918 3292 1116 3346 nostrorum
1141 3281 1293 3344 fructum
1322 3290 1418 3363 opta·

134 3386 296 3453 biliorem
321 3389 544 3453 haberemus.
592 3386 665 3453 Sed
689 3399 879 3472 utcumque
902 3391 969 3452 hec
999 3389 1049 3451 ita
1078 3389 1215 3451 turbari
1245 3385 1418 3470 permittit

134 3493 242 3573 Deus,
267 3494 371 3558 nobis
396 3505 518 3559 nostra
541 3497 654 3560 omnis
678 3505 733 3559 est
756 3495 913 3579 dignitas
936 3496 972 3558 in
996 3495 1075 3559 Deo
1099 3503 1136 3558 et
1165 3503 1263 3558 recta
1297 3496 1418 3557 volun-

132 3610 207 3663 tate
228 3603 488 3668 constituenda.
535 3604 627 3666 Illud
652 3602 767 3665 mirati
787 3623 907 3665 sumus
930 3603 988 3665 vel
1012 3603 1187 3666 doluimus
1211 3603 1342 3684 potius,
1356 3612 1419 3665 tua

134 3707 320 3773 nobilitate
356 3723 537 3792 presente,
562 3711 743 3772 decretum
778 3711 815 3771 in
849 3708 1035 3772 Conventu
1069 3709 1179 3772 fuisse
1215 3708 1346 3772 factum
1381 3709 1418 3771 in

132 3813 236 3877 cuius
272 3815 425 3880 exordio
464 3837 543 3880 cum
582 3816 770 3880 videantur
807 3835 930 3878 omnes
967 3815 1103 3880 decreti
1142 3815 1418 3879 Wormatiensis

130 3922 314 3986 mentione
337 3923 436 3986 facta
460 3925 555 4005 quod
579 3923 635 3986 hic
660 3941 726 4004 per
756 3921 1017 3985 serenissimum
1046 3921 1193 3986 fratrem
1226 3932 1324 3987 tuum
1356 3923 1419 3988 Ce·

131 4049 250 4092 sarem
282 4039 319 4093 et
351 4030 451 4093 illum
483 4040 697 4093 conventum
731 4027 799 4092 fuit
835 4038 1023 4109 statutum,
1059 4028 1109 4092 illi
1145 4029 1290 4093 decreto
1325 4032 1419 4094 velle

130 4145 346 4200 reverenter
369 4144 407 4199 et
430 4137 534 4200 sicuti
559 4139 664 4200 decet
686 4153 825 4219 parere,
849 4155 934 4198 mox
957 4135 992 4198 in
1017 4155 1211 4218 progressu
1231 4147 1421 4201 revocatur

130 4241 164 4305 in
190 4243 490 4324 controversiam,
515 4257 552 4306 et
576 4263 643 4325 que
669 4243 899 4325 disputabilia
930 4253 1011 4306 sunt
1035 4265 1082 4310 ex
1107 4247 1209 4310 noris
1233 4245 1418 4309 damnatis·

128 4367 198 4429 que
224 4349 296 4413 iam
321 4349 495 4414 doctrinis
518 4351 554 4413 in
577 4350 697 4412 futura
721 4349 816 4412 dieta
833 4350 1073 4415 decernuntur
1096 4353 1265 4436 proponi;
1290 4352 1325 4416 in
1349 4373 1420 4436 quo

129 4476 201 4519 non
226 4457 346 4538 magis
372 4465 470 4520 certe
494 4455 653 4520 illuditur
676 4455 793 4519 Sedes
815 4455 1027 4538 Apostolica
1056 4480 1162 4542 quam
1192 4461 1269 4543 ipse
1301 4460 1420 4541 Cesar,

128 4573 162 4625 et
186 4575 227 4626 tu
257 4563 315 4645 qui
347 4564 419 4626 vim
452 4574 488 4626 et
519 4562 766 4627 auctoritatem
798 4562 895 4644 geris
929 4563 1079 4630 Cesaris.
1134 4565 1206 4631 Sed
1239 4588 1346 4649 quum
1375 4569 1419 4630 de

127 4671 181 4735 his
206 4671 259 4734 ad
283 4669 529 4753 supradictum
555 4672 714 4751 legatum
738 4689 831 4732 nunc
856 4669 1042 4735 scribimus
1066 4684 1104 4734 ut
1128 4693 1208 4737 cum
1224 4673 1421 4737 Nobilitate

128 4795 187 4840 tua
225 4777 491 4841 communicare
528 4779 678 4852 habeat:
714 4785 751 4839 tu
786 4776 838 4839 illi
873 4778 980 4841 iidem
1015 4778 1201 4860 prebebis,
1235 4789 1341 4863 teque
1374 4779 1419 4841 ad

126 4886 438 4967 perseverandum
473 4884 510 4948 in
543 4884 669 4967 optimi
699 4891 735 4948 et
775 4883 994 4948 invictissimi
1026 4886 1198 4971 principis
1232 4887 1352 4952 officio
1383 4899 1421 4951 ut
