3425 5700
645 597 703 653 0-{3
745 597 892 659 163&

137 750 222 822 nato,
247 750 345 805 etse
369 745 440 806 ben
464 744 592 805 alcuna
615 743 714 805 volta
736 742 785 806 lui
810 744 1020 805 commanda
1040 754 1075 805 et
1098 744 1177 807 dice
1202 744 1307 807 etiam
1331 765 1409 807 cum

136 848 243 911 animo
260 848 399 911 adirato
415 851 517 911 voler
533 851 599 912 che
623 850 652 913 si
675 848 791 912 faccia
805 852 934 911 alcuna
948 870 1032 913 cosa
1047 872 1146 915 come
1161 851 1408 932 demandamo,

136 965 218 1019 tutta
241 956 325 1020 fiata
349 957 437 1020 nihil
460 956 501 1019 fit
523 966 560 1020 et
584 977 653 1019 non
678 958 708 1018 si
731 958 792 1038 pol
825 956 880 1019 far
910 957 1023 1037 altro,
1060 958 1191 1039 perche
1222 960 1255 1020 el
1286 968 1408 1021 nostro

136 1063 195 1141 dir,
217 1064 389 1143 (1110101111,
414 1083 554 1147 pregar,
580 1065 765 1143 lamentat,
790 1064 954 1146 increper
979 1084 1051 1127 non
1075 1085 1113 1127 se
1137 1084 1308 1145 moven0,
1343 1066 1408 1127 che

135 1169 239 1233 iuna
262 1191 348 1234 cosa
370 1171 439 1234 fori
464 1173 510 1234 de
534 1171 619 1253 ogni
638 1172 907 1252 predicamento
929 1171 965 1233 di
986 1190 1102 1252 tason,
1127 1179 1163 1234 et
1186 1172 1282 1254 quod
1306 1171 1408 1253 peius

134 1286 184 1337 est
203 1279 365 1359 besogna
389 1280 454 1340 che
478 1298 516 1340 se
539 1278 760 1341 remettiamo
785 1280 878 1341 nelle
902 1278 996 1342 mani
1019 1279 1064 1341 de
1089 1278 1143 1341 chi
1159 1279 1310 1341 vedemo
1337 1298 1408 1341 non

134 1402 207 1447 arar
230 1384 368 1465 dretto,
404 1386 448 1447 ne
473 1385 491 1448 ἐ
516 1385 674 1448 remedio
706 1385 762 1448 far
797 1388 1022 1465 altramente‚
1053 1385 1186 1467 perche
1222 1384 1302 1449 altri
1338 1406 1407 1448 non

134 1510 225 1571 sono,
249 1501 348 1555 etse
373 1493 489 1575 questi
512 1514 535 1555 a
557 1495 613 1556 chi
638 1493 698 1555 noi
717 1513 931 1574 recorremo,
955 1492 1246 1573 descopressemo
1271 1492 1409 1555 haverli

133 1618 153 1658 o
174 1599 368 1661 adversarii
392 1620 413 1662 0
438 1603 573 1682 sospeti
595 1609 688 1662 tutto
712 1598 812 1662 irebe
836 1620 858 1661 a
881 1607 992 1674 terra;
1017 1602 1130 1663 solum
1147 1602 1308 1681 besogna
1325 1620 1405 1663 ven-

133 1706 212 1768 cerli
241 1728 310 1770 con
335 1707 438 1769 dolce
461 1709 614 1789 parolle,
646 1728 725 1769 curn
750 1715 945 1790 premetter
970 1706 1081 1770 maria
1105 1718 1141 1770 et
1164 1717 1321 1788 montes,
1352 1730 1405 1770 ca-

131 1812 210 1892 pelli
243 1823 279 1876 et
309 1813 492 1897 capelletti
517 1814 576 1876 dal
599 1813 773 1877 Pontifice
799 1817 890 1876 cossl
915 1815 1102 1895 cegnando
1128 1815 1259 1877 dextro
1283 1816 1406 1890 modo;

132 1920 172 1980 nc
195 1921 303 2001 giova
326 1921 387 2003 piir
410 1921 587 2003 procedet
611 1924 657 1984 ab
682 1930 892 2003 argumento
922 1920 1005 1983 fidei
1037 1930 1099 1982 aut
1130 1920 1314 2002 religionis
1347 1933 1407 1984 aut

131 2026 263 2109 salutis,
303 2047 324 2090 0
363 2028 409 2091 de
438 2027 677 2091 benedictioni
704 2049 726 2091 ο
751 2029 795 2090 de
821 2028 1075 2091 excomuniche
1099 2028 1230 2109 perch&
1260 2037 1351 2091 tutto
1383 2028 1406 2091 il

132 2134 254 2196 mundo
280 2137 339 2215 qul
364 2135 382 2197 ὲ
406 2134 594 2216 intepidito
620 2136 664 2197 de
688 2134 772 2198 sede
803 2145 900 2199 etse
926 2156 970 2197 ne
995 2134 1082 2198 ride.
1129 2133 1256 2215 Quello
1281 2136 1347 2197 che
1371 2135 1406 2198 io

133 2239 242 2303 scrivo
267 2242 287 2304 ὲ
310 2242 346 2303 la
370 2261 459 2322 pura
484 2251 520 2304 et
543 2242 645 2325 quasi
681 2242 892 2325 evangelica
915 2240 1057 2322 Verita,
1094 2250 1129 2303 et
1163 2240 1346 2323 explicaro
1382 2242 1405 2303 il

130 2356 214 2410 tutto
237 2348 318 2411 Deo
341 2348 487 2413 favente
511 2370 533 2411 a
555 2352 670 2411 bocca
692 2369 739 2411 un
764 2349 915 2430 qualche
939 2348 994 2429 di,
1029 2368 1069 2411 se
1104 2347 1233 2429 pareri
1270 2347 1347 2411 fare
1385 2370 1406 2411 a

129 2456 321 2536 proposito,
345 2455 478 2536 perche
501 2476 559 2519 me
582 2456 706 2518 dubito
731 2457 797 2519 che
820 2454 1023 2538 besegnerd
1048 2464 1170 2518 trovar
1193 2455 1274 2518 altri
1298 2476 1402 2537 expe·

130 2562 245 2643 dienti,
270 2563 295 2626 li
320 2562 415 2644 quali
439 2562 516 2624 diro
541 2564 701 2625 secundo
724 2564 756 2625 el
781 2562 851 2625 mio
867 2582 958 2643 poco
979 2581 1101 2643 parer:
1126 2559 1250 2625 Solum
1265 2562 1404 2626 interim

129 2670 285 2752 supplico
298 2671 332 2732 el
349 2668 581 2733 Sanctissimo
606 2680 642 2731 et
658 2670 792 2731 Vostra
815 2668 984 2749 Signoria
999 2667 1315 2732 Reverendissima
1339 2671 1404 2733 che

128 2775 229 2840 stiino
252 2775 440 2858 constanti,
465 2786 501 2837 et
524 2796 594 2839 non
612 2778 844 2839 succumbant
862 2776 989 2859 animo,
1014 2777 1077 2839 sed
1093 2778 1250 2839 habeant
1264 2798 1404 2861 semper

128 2882 160 2944 in
183 2885 327 2948 auribus
350 2893 387 2948 et
412 2883 528 2946 Corde
553 2883 687 2946 dictum
710 2882 858 2947 Christi:
906 2882 1026 2966 Petre,
1049 2883 1150 2946 oravi
1173 2905 1238 2966 pro
1256 2895 1302 2968 te,
1326 2907 1402 2968 per-

128 2993 188 3053 0111·
212 2993 357 3055 tandem
392 2994 426 3055 la
450 2992 761 3073 guadagneremo:
809 2990 854 3052 Et
878 3011 916 3053 se
948 2990 1035 3053 forsi
1064 2991 1200 3054 interea
1224 2994 1402 3056 advenerit

129 3100 273 3178 qualche
297 3098 453 3180 peggior
475 3098 656 3180 scandalo,
680 3098 749 3160 veh
774 3097 854 3177 11115,
879 3119 942 3179 per
967 3117 1057 3178 quos
1076 3098 1282 3162 scandalum
1298 3121 1402 3164 vene-

128 3204 179 3279 rit,
202 3215 237 3268 et
261 3205 330 3268 illis
355 3205 459 3268 etiam
484 3225 550 3286 per
573 3222 663 3286 quos
689 3204 893 3266 scandalum
918 3203 1100 3286 prohiberi
1124 3219 1184 3267 aut
1201 3207 1318 3270 sedari
1342 3228 1402 3289 po-

127 3311 205 3391 tuit,
237 3325 273 3375 et
304 3332 375 3375 non
399 3311 468 3374 fuit
490 3312 670 3384 sedatum3
701 3312 771 3374 veh
795 3310 865 3372 illis
888 3310 1032 3392 inquam
1065 3311 1259 3392 quamlibet
1282 3315 1403 3396 magni

126 3417 203 3481 sint.

210 3525 335 3606 Questi
350 3525 431 3590 miei
456 3525 581 3608 poveri
599 3523 752 3588 Conselii
768 3533 805 3586 et
821 3523 974 3587 consorti
994 3524 1157 3606 supplico
1181 3547 1203 3588 a
1218 3525 1291 3590 Sua
1314 3527 1400 3591 San·

125 3631 186 3694 titt
210 3643 247 3696 et
270 3633 402 3697 Vostra
425 3633 593 3715 Signoria
616 3630 934 3696 Reverendissima
957 3631 1042 3694 boni
1057 3634 1259 3709 consulant;
1285 3635 1401 3699 dirolli

125 3741 211 3803 altre
236 3761 318 3804 cose
342 3741 377 3803 in
402 3741 517 3805 reditu
541 3761 631 3804 meo.
678 3737 759 3802 Non
784 3759 822 3800 se
845 3737 993 3800 intende
1016 3740 1128 3820 perhd
1153 3742 1219 3804 che
1234 3743 1400 3822 quamdiu

125 3867 261 3910 saremo
292 3849 352 3930 qui
377 3849 410 3910 el
435 3847 572 3910 Nuncio
597 3855 634 3910 et
656 3846 711 3927 io,
746 3866 817 3908 non
849 3844 1021 3908 facciamo
1046 3855 1137 3910 tutto
1160 3847 1185 3910 il
1208 3859 1329 3929 poter,
1366 3859 1401 3912 et

125 3953 259 4032 sforw,
289 3957 355 4018 che
388 3976 426 4018 se
457 3954 620 4037 ottenghi
651 3963 900 4036 pacatamente
924 3954 959 4017 lo
984 3955 1049 4017 che
1074 3955 1311 4038 desiderem,
1345 3977 1401 4020 ma

125 4080 191 4124 non
215 4084 307 4126 noce
331 4063 506 4144 preveder
531 4062 555 4125 li
579 4060 725 4125 remedii
748 4082 769 4123 a
793 4060 875 4122 tutti
896 4060 921 4123 li
947 4061 1040 4140 mali,
1064 4062 1160 4142 quali
1176 4065 1399 4144 potrebbeno

125 4171 156 4230 al
178 4170 314 4252 peggio
339 4170 503 4250 accader,
528 4171 594 4232 che
619 4177 716 4231 certo
742 4168 759 4230 ἐ
784 4169 893 4230 1110110
908 4168 953 4229 da
971 4167 1122 4248 dubitat,
1146 4170 1276 4249 perche
1292 4191 1401 4235 ancor

124 4276 186 4338 che
209 4286 380 4358 questoro
403 4276 575 4340 habbiino
599 4275 720 4338 scritto
746 4275 779 4336 al
803 4294 867 4336 suo
892 4275 1149 4338 ambasciatore
1181 4279 1274 4341 bone
1308 4299 1401 4342 nove

124 4385 168 4446 da
189 4383 317 4447 referir
342 4386 376 4447 al
399 4383 638 4464 sanctissime,
666 4390 758 4444 tutta
788 4384 887 4444 volta
910 4384 943 4444 le
968 4402 1050 4445 cose
1075 4403 1192 4446 vanno
1217 4405 1318 4447 como
1343 4385 1401 4449 nui

124 4491 306 4571 scrivemo,
331 4500 367 4553 et
391 4491 409 4553 ὲ
434 4490 616 4573 possibile,
641 4491 707 4552 che
731 4488 789 4571 gia
813 4488 984 4552 habbiino
1002 4489 1125 4552 melior
1143 4501 1269 4572 mente,
1295 4513 1315 4554 o
1340 4493 1400 4574 pili

124 4597 346 4661 advertentia
369 4600 435 4661 che
457 4597 586 4680 prima,
617 4617 675 4660 ma
698 4597 716 4659 ὁ
741 4597 787 4658 da
810 4605 921 4659 temer
946 4597 1012 4659 che
1036 4617 1100 4678 per
1124 4599 1200 4662 loro
1231 4600 1335 4681 colpa
1359 4600 1400 4662 sii

123 4704 254 4768 lassata
274 4704 367 4769 cossi
384 4707 635 4771 exhulcerarse
650 4714 777 4787 questa
790 4703 909 4785 piaga,
934 4705 968 4766 la
985 4705 1079 4786 qual,
1104 4725 1142 4768 se
1158 4705 1401 4788 sequitavamo

124 4832 221 4875 como
245 4813 445 4876 havevamo
470 4813 699 4892 cominriato,
732 4820 824 4873 tutta
848 4813 1000 4873 sarebbe
1025 4810 1083 4892 gia
1108 4823 1250 4894 sanata,
1276 4823 1312 4876 et
1334 4817 1400 4878 hoc

123 4929 174 4982 est
205 4939 331 4983 verum
354 4928 393 4983 ut
416 4920 484 5004 ipsi
508 4941 630 4984 omnes
653 4918 809 4983 fatentur
842 4926 948 4999 atque
982 4917 1030 4979 illi
1061 4918 1166 4981 iidem
1191 4919 1250 5001 qui
1274 4920 1400 5002 princi·

1190 5023 1243 5078 11*
