3425 5700
820 532 1068 592 &allud-⁰

303 684 460 747 absurdo
492 685 558 747 che
582 684 748 745 havendo
773 702 851 745 cum
876 690 975 745 tanto
999 690 1138 745 matura
1161 682 1419 746 deliberatione
1449 684 1495 745 de
1520 682 1584 745 tuti

304 790 463 873 Principi
499 799 534 853 et
557 787 681 873 populi
706 787 784 851 suoi
814 786 965 872 subditi,
1000 808 1101 852 come
1124 790 1231 852 volea
1254 791 1289 851 la
1312 788 1459 872 ragion,
1493 789 1583 852 fatto

304 900 338 960 el
362 898 528 961 mandato
553 905 678 960 contra
701 904 828 978 questa
850 895 1025 973 haeresia,
1050 915 1120 958 non
1145 897 1342 959 solamente
1366 915 1439 958 non
1463 896 1499 959 lo
1514 895 1582 959 faci

305 1004 452 1087 exequir
463 1054 472 1085 ‚
497 1025 554 1067 ma
577 1003 680 1067 toleri
705 1002 789 1085 ogni
814 1000 850 1065 di
874 1002 1135 1084 quodammodo
1159 1001 1194 1065 in
1219 1002 1385 1084 despetto
1409 1022 1474 1065 suo
1497 1002 1584 1066 farsi

305 1110 480 1195 maggiori
504 1108 705 1173 desordeni.

393 1216 439 1281 Et
471 1238 578 1281 ancor
610 1217 676 1279 che
699 1215 830 1278 Nostro
856 1212 1010 1296 Signore
1037 1213 1136 1277 habii
1166 1214 1258 1278 fatto
1290 1224 1424 1297 quanto
1458 1236 1583 1299 appar-

303 1326 399 1389 tiene
432 1346 453 1388 a
483 1344 522 1387 se
550 1322 587 1386 in
619 1331 744 1405 questa
769 1341 870 1400 cosa,
906 1330 942 1383 et
965 1324 1031 1384 che
1055 1323 1132 1384 solo
1164 1321 1267 1403 resti,
1303 1342 1325 1385 a
1348 1320 1422 1387 Sua
1444 1323 1584 1386 Maesta

304 1432 360 1496 far
384 1434 419 1495 la
444 1430 654 1495 executione
677 1449 777 1492 come
801 1438 877 1491 tute
900 1429 982 1508 lege
997 1429 1139 1510 volem,
1163 1449 1234 1492 non
1251 1428 1392 1493 dimeno
1408 1427 1481 1493 Sua
1497 1429 1583 1493 San-

303 1538 367 1602 tita
400 1537 480 1601 sera
503 1556 644 1619 sempre
667 1543 789 1617 presta
820 1554 900 1598 cum
923 1552 988 1596 suo
1011 1536 1082 1597 bon
1106 1534 1264 1599 conselio
1298 1544 1334 1599 et
1355 1536 1438 1599 altri
1461 1536 1583 1619 meggi

304 1648 370 1709 che
394 1645 440 1707 da
463 1652 589 1726 questa
613 1640 709 1706 Sede
733 1662 772 1706 se
795 1642 858 1724 pol
881 1651 917 1705 et
941 1641 1033 1705 deve
1056 1652 1239 1724 expettar,
1272 1642 1433 1725 assister,
1469 1654 1506 1707 et
1528 1644 1583 1707 far

302 1752 324 1817 l’
338 1751 457 1816 officio
482 1751 623 1813 debon
647 1748 792 1813 Vicario
816 1749 861 1811 de
884 1748 970 1827 Jesu
994 1748 1146 1813 Christo.

392 1859 464 1922 Per
486 1856 511 1920 li
534 1854 699 1934 remedii,
733 1854 753 1919 ὸ
781 1854 984 1918 necessario
1009 1856 1075 1918 che
1099 1852 1173 1919 Sua
1194 1855 1336 1919 Maesta
1358 1867 1492 1939 quanto
1522 1857 1583 1940 piir

304 1974 426 2048 presto
458 1962 578 2027 mandi
612 1982 677 2044 per
705 1970 831 2044 questa
861 1982 969 2025 causa
996 1971 1289 2045 expressamente
1323 1963 1360 2027 in
1390 1962 1583 2029 Germania

303 2093 351 2135 un
375 2075 481 2135 homo
505 2072 575 2134 ben
600 2070 776 2143 instrutt0‚
802 2078 837 2133 et
862 2071 928 2134 che
951 2070 993 2133 sii
1018 2071 1063 2133 de
1079 2069 1211 2152 qualiti
1235 2081 1271 2133 et
1288 2069 1492 2135 conditione
1516 2056 1584 2136 che

305 2178 414 2261 quelli
437 2176 595 2260 Principi
620 2186 656 2239 et
679 2176 802 2259 populi
827 2176 1069 2258 cognoschino
1094 2176 1402 2241 manifestamente
1426 2178 1494 2241 che
1509 2176 1583 2242 Sua

303 2284 444 2349 Maesta
467 2305 505 2347 se
529 2293 671 2348 resente
696 2293 732 2346 et
756 2284 838 2347 dole
863 2302 962 2347 esser
984 2282 1075 2346 satta
1097 2304 1164 2366 per
1187 2285 1264 2349 loro
1288 2295 1414 2366 questa
1437 2304 1583 2349 enorme

303 2390 432 2455 iniuria
468 2412 490 2455 a
522 2390 609 2471 Dio,
640 2410 661 2453 a
685 2391 720 2453 la
743 2389 895 2471 religion
920 2389 1104 2453 Catholica
1127 2399 1165 2453 et
1198 2412 1220 2455 a
1244 2387 1317 2454 Sua
1340 2390 1480 2454 Maesta
1504 2413 1582 2455 cum

303 2518 418 2581 pocco
441 2499 556 2561 honor
581 2497 626 2559 de
650 2496 758 2577 quelli
782 2496 916 2578 populi,
941 2505 977 2559 et
1001 2497 1227 2560 damnatione
1251 2498 1297 2559 de
1312 2498 1346 2561 le
1363 2498 1480 2561 anime
1494 2500 1582 2561 loro.

303 2604 345 2669 Li
369 2604 465 2687 quali
494 2604 530 2667 in
562 2623 644 2666 cose
669 2602 772 2665 dela
800 2601 884 2665 fede
908 2612 1007 2665 tanto
1039 2612 1296 2667 maturamente
1333 2614 1369 2667 et
1401 2606 1582 2687 religiosa·

303 2720 421 2775 mente
446 2710 677 2775 determinate
701 2708 815 2791 primo
840 2709 963 2790 peria
986 2705 1082 2773 Sede
1107 2710 1333 2791 Apostolica,
1366 2722 1403 2776 et
1429 2712 1490 2795 poi
1517 2732 1584 2795 per

307 2816 382 2883 Sua
404 2817 542 2883 Maesti
568 2826 603 2881 et
632 2816 677 2880 de
707 2814 864 2880 conselio
893 2816 969 2880 loro
1001 2816 1036 2880 in
1069 2820 1142 2881 cosi
1172 2820 1349 2900 populosa
1376 2818 1507 2884 Diaeta
1538 2821 1584 2884 de

304 2925 471 2990 Wormes
495 2945 565 2989 non
590 2925 785 2988 solamente
815 2943 887 2986 non
917 2923 1064 2987 habiino
1093 2925 1240 2990 obedito
1273 2927 1320 2988 ad
1355 2929 1404 2989 tal
1436 2929 1583 2991 decreto

303 3054 361 3098 ma
384 3053 491 3095 ancor
514 3031 658 3095 habiino
683 3032 792 3095 hauto
807 3029 904 3094 ardir
927 3029 962 3094 in
988 3040 1113 3112 queste
1137 3033 1213 3095 loro
1230 3031 1357 3096 Diaete
1373 3035 1420 3098 de
1437 3033 1583 3098 Noram·

303 3142 431 3223 berga,
462 3159 568 3202 senza
592 3137 827 3202 deliberation
851 3139 897 3200 de
921 3135 994 3202 Sua
1018 3137 1156 3201 Maesta
1179 3138 1309 3202 limitar
1333 3140 1431 3203 detto
1455 3140 1585 3204 Edicto

304 3245 584 3326 wormatiense,
613 3254 649 3308 et
679 3246 781 3308 voler
815 3243 871 3308 far
895 3265 989 3307 nova
1012 3246 1270 3327 congregation
1295 3267 1402 3328 sopra
1425 3247 1489 3309 tali
1512 3269 1583 3310 ma·

303 3351 410 3434 terie3
442 3353 465 3415 il
497 3353 564 3415 che
592 3351 610 3414 ὲ
643 3351 687 3414 de
711 3351 847 3414 directo
872 3361 997 3414 contra
1021 3339 1258 3435 esso'edicto,
1283 3362 1319 3416 et
1342 3354 1376 3416 le
1399 3353 1473 3435 legi
1496 3354 1584 3418 anti·

303 3481 372 3542 que
407 3479 524 3540 sacre,
560 3467 596 3522 et
624 3457 811 3523 Caesaree.
857 3457 904 3520 Et
938 3458 1004 3521 che
1040 3459 1182 3540 quando
1210 3457 1283 3523 Sua
1313 3459 1452 3523 Maesta
1485 3460 1585 3524 fusse

303 3568 373 3630 ben
398 3577 491 3630 stata
510 3575 678 3648 presente
701 3565 737 3628 in
762 3565 1011 3649 Norimberga,
1035 3585 1101 3648 per
1124 3569 1200 3630 zelo
1225 3568 1270 3630 de
1294 3570 1329 3631 la
1351 3566 1446 3648 fede,
1470 3578 1509 3630 et
1524 3569 1585 3631 ho·

304 3694 370 3736 nor
401 3692 465 3736 suo
503 3693 575 3736 non
612 3674 790 3736 harrebbe
822 3681 1052 3754 praesumpto
1088 3673 1303 3737 determinat
1337 3683 1464 3756 questa
1498 3693 1586 3738 cosa
1680 3668 1681 3671 '

304 3781 515 3843 altramente
539 3782 605 3843 che
629 3779 688 3860 gia
713 3800 774 3842 era
798 3789 893 3842 stata
915 3781 1082 3843 conclusa
1105 3780 1199 3844 cossi
1222 3789 1475 3844 sanctamente.

395 3887 488 3950 Perd
513 3884 587 3950 Sua
609 3886 747 3949 Maesta
777 3906 844 3968 per
873 3887 895 3948 l'
917 3888 1023 3949 homo
1052 3888 1119 3949 che
1142 3886 1164 3950 l’
1184 3888 1231 3950 ha
1261 3887 1307 3950 ad
1337 3887 1490 3950 mandar
1513 3887 1587 3952 faci
1679 3938 1680 3953 i

302 3995 468 4058 intendet
476 4041 485 4075 ,
516 4014 538 4056 a
561 3993 669 4074 quelli
700 3993 766 4055 tuti
798 3991 975 4074 Principi‚
1007 4003 1043 4055 et
1071 3993 1210 4077 populi,
1245 3997 1311 4057 che
1334 4014 1406 4057 non
1444 3995 1464 4058 ὲ
1499 4016 1588 4060 cosa
1678 4048 1679 4073 1

303 4102 476 4182 honesta,
511 4100 555 4164 ne
578 4099 830 4182 ragionevole‚
863 4110 899 4163 et
928 4101 1203 4164 resolutamente
1232 4119 1303 4163 non
1340 4100 1359 4163 ὲ
1390 4101 1436 4164 de
1464 4114 1588 4166 mente

304 4228 384 4289 sua,
416 4208 482 4271 che
505 4227 572 4271 con
596 4206 625 4269 si
650 4206 837 4270 manifesto
862 4207 1032 4269 scandalo
1057 4206 1102 4269 de
1125 4208 1160 4269 la
1184 4205 1357 4289 Religion
1381 4207 1589 4272 Christiana

303 4316 380 4378 loro
413 4312 531 4377 facino
565 4315 823 4397 congregation
855 4315 983 4377 alcuna
1018 4314 1054 4376 in
1084 4314 1235 4377 materia
1266 4315 1332 4378 che
1364 4315 1460 4377 tochi
1490 4317 1588 4380 altro

304 4423 372 4485 che
396 4423 429 4484 le
454 4441 537 4485 cose
561 4423 638 4485 loro
662 4430 831 4485 consuete
855 4422 914 4485 del
945 4420 1112 4502 imperi0‚
1136 4421 1167 4484 si
1195 4441 1295 4484 como
1321 4418 1370 4483 fin
1400 4421 1460 4504 qui
1494 4443 1588 4487 sono

304 4528 534 4590 accostumati
563 4530 607 4591 de
634 4528 700 4591 far.
751 4528 797 4590 Et
830 4527 867 4591 in
898 4527 1046 4590 materia
1074 4528 1118 4589 de
1147 4526 1297 4591 Concilii
1325 4528 1467 4609 quando
1506 4530 1588 4594 loro
1676 4538 1677 4545 ’

304 4634 575 4698 desiderasseno
600 4637 726 4698 alcuna
750 4655 844 4716 cosa,
869 4636 1010 4697 devono
1033 4654 1206 4716 recorrer‚
1230 4655 1252 4697 a
1268 4631 1341 4698 Sua
1355 4635 1509 4717 Maesta,
1535 4637 1589 4700 La

304 4742 388 4822 qual
411 4761 449 4804 se
474 4761 694 4824 cognoscere
717 4744 750 4804 el
784 4740 961 4804 desiderio
993 4741 1070 4804 loro
1103 4761 1201 4804 esser
1228 4741 1323 4822 justo
1352 4749 1389 4804 et
1418 4743 1588 4824 honesto,

303 4846 528 4912 intercedera
551 4867 724 4932 appresso
748 4847 879 4912 Nostro
903 4845 1058 4934 Signore
1082 4848 1131 4930 (al
1155 4850 1238 4932 qual
1261 4847 1473 4934 appartiene
1501 4871 1588 4918 con·
