3425 5700
790 561 847 614 ⁰²23
886 562 940 615 410
979 559 1037 610 &0

875 777 936 840 187

704 882 915 986 Campegius
941 828 1116 965 Indolelo.

647 1021 825 1090 (llunolat.
852 1022 1002 1081 (lernau.
1030 1023 1105 1080 11111.
1125 1024 1177 1090 50.)

773 1127 826 1199 (22.
846 1135 948 1197 Jannur
970 1131 1058 1198 1525.)

365 1243 484 1305 Prima
509 1245 561 1305 ch'
578 1245 613 1306 io
637 1245 807 1327 risponda
831 1249 901 1311 alle
926 1249 961 1310 di
977 1249 1107 1312 Vostra
1125 1249 1293 1325 Signoria
1318 1247 1353 1310 di
1369 1249 1434 1310 XI.
1461 1247 1562 1329 quali

277 1350 415 1411 dubitai
440 1371 538 1412 esser
565 1373 670 1432 perse
699 1364 734 1415 et
768 1375 835 1435 pur
868 1355 1051 1437 capitaron
1083 1356 1144 1418 alli
1169 1355 1254 1416 VIII
1289 1355 1347 1416 del
1378 1363 1564 1435 presente,

278 1465 313 1516 et
337 1459 475 1518 allaltre
500 1459 544 1518 de
570 1459 707 1521 XXIX
731 1462 789 1523 del
813 1473 957 1542 passato
982 1465 1015 1524 le
1040 1462 1136 1543 quali
1160 1483 1387 1544 comparsero
1411 1462 1472 1542 qui
1499 1461 1564 1523 alli

279 1562 388 1624 XVII
413 1565 468 1624 del
494 1576 680 1645 presente,
713 1570 745 1629 le
775 1568 852 1629 diro
883 1589 982 1631 come
1013 1581 1140 1631 stanno
1174 1571 1207 1631 le
1236 1590 1318 1631 cose
1350 1569 1385 1629 di
1409 1568 1567 1630 Boemia

279 1689 378 1730 come
404 1672 438 1731 di
467 1674 584 1752 quelle
608 1674 674 1734 che
699 1675 734 1736 io
759 1675 862 1737 stimo
892 1675 1023 1738 Nostro
1054 1674 1205 1755 Signore
1231 1685 1265 1736 et
1289 1675 1371 1738 tuni
1396 1673 1453 1736 voi
1479 1673 1569 1736 altri

281 1787 401 1838 sterne
426 1779 459 1839 in
485 1780 671 1861 maggiore
697 1783 958 1862 expettacione‚
984 1794 1018 1845 et
1042 1785 1076 1844 la
1100 1803 1235 1844 summa
1259 1781 1278 1842 ὲ
1303 1784 1368 1843 che
1394 1783 1427 1842 la
1454 1780 1570 1842 Dieta

280 1903 300 1944 a
324 1884 444 1964 Prago
469 1908 506 1946 se
530 1886 654 1950 risolse
679 1909 784 1950 sanza
809 1891 896 1950 total
922 1889 1150 1951 conclusione
1180 1909 1245 1971 per
1276 1899 1378 1968 poter
1404 1887 1569 1949 ritrovar

280 1992 312 2052 le
338 1995 552 2055 concordate
577 1994 635 2074 gii
661 1997 750 2057 altre
774 1998 871 2058 volte
895 1995 983 2058 fatte
1008 2009 1043 2058 et
1067 1996 1156 2058 Iarle
1180 1997 1342 2056 tradurre
1375 1994 1410 2056 in
1436 1993 1571 2074 liugua

281 2097 460 2180 Boemica,
486 2111 520 2162 et
545 2102 669 2162 anche·
689 2103 820 2183 perche
845 2105 1083 2165 mancharano
1110 2101 1225 2164 alcuni
1250 2101 1400 2180 Heroni,
1426 2111 1463 2162 et
1496 2121 1571 2182 per

280 2203 356 2266 fare
381 2226 451 2268 una
476 2206 581 2269 Dieta
605 2208 639 2271 in
665 2207 791 2287 Slesia‚
817 2209 1062 2288 Wratislauia,
1089 2219 1123 2272 et
1147 2209 1341 2271 rimesseno
1366 2208 1399 2269 el
1423 2206 1513 2269 fare'
1533 2209 1574 2270 la

280 2313 368 2373 total
413 2313 621 2376 risolutione
666 2316 761 2378 circa
806 2318 840 2378 la
884 2316 1013 2378 unione
1059 2319 1104 2378 ad
1145 2315 1274 2377 festum
1316 2313 1573 2376 conversionis

281 2418 395 2497 Pauli,
420 2440 487 2500 pur
512 2421 546 2482 in
561 2422 681 2502 Praga
704 2424 796 2484 dove
822 2445 908 2484 sono
934 2424 1056 2485 restari
1081 2422 1161 2485 tutti
1178 2423 1202 2484 li
1218 2422 1298 2484 stati
1315 2430 1351 2482 et
1366 2428 1576 2500 expettano

281 2527 314 2586 al
339 2527 438 2588 detto
463 2535 582 2608 tempo
618 2533 652 2590 la
683 2529 898 2591 resolutione
934 2532 980 2592 da
1005 2528 1143 2608 Simul,
1181 2539 1216 2591 et
1250 2529 1315 2591 che
1352 2528 1458 2608 quelli
1496 2529 1576 2590 che

282 2634 538 2714 manchavano,
563 2636 591 2696 si
616 2636 788 2698 ritrovino
817 2638 850 2698 al
887 2638 985 2698 detto
1015 2647 1134 2718 tempo
1168 2635 1203 2697 in
1237 2636 1366 2716 Praga.
1421 2634 1467 2694 lli
1498 2635 1578 2696 che

282 2740 415 2802 vedere
446 2741 579 2805 Vostra
611 2741 779 2823 Signoria
818 2744 922 2825 copia
956 2745 999 2804 de
1031 2744 1065 2804 le
1098 2745 1202 2804 lettre
1234 2743 1299 2804 che
1331 2739 1494 2803 scriveno
1536 2743 1578 2802 al

282 2845 342 2909 Re
366 2856 402 2909 et
425 2847 449 2911 il
474 2849 628 2930 capitolo
653 2853 697 2913 de
722 2854 756 2913 la
781 2852 1011 2932 deputatione
1036 2870 1101 2931 per
1125 2850 1158 2912 la
1183 2848 1330 2931 unione,
1358 2856 1394 2910 et
1417 2848 1574 2911 benche

284 2975 305 3014 a
329 2956 466 3035 legerlo
491 2978 578 3036 pare
603 2979 687 3020 cosa
712 2962 820 3021 molto
853 2960 889 3020 in
923 2958 998 3021 aria
1030 2968 1064 3019 et
1095 2978 1200 3020 sanza
1234 2965 1390 3018 certezza
1422 2953 1579 3033 alcuna,

284 3061 404 3123 niente
429 3063 569 3126 dimeno
595 3086 659 3145 per
683 3066 762 3127 tutti
787 3066 812 3127 li
837 3064 925 3126 avisi
951 3067 1016 3127 che
1041 3064 1069 3125 si
1095 3066 1212 3126 hanno
1238 3065 1284 3124 da
1296 3061 1428 3124 diuersi
1452 3058 1582 3124 inten-

284 3168 359 3228 desi
383 3169 417 3229 la
441 3190 525 3231 cosa
549 3192 667 3233 essere
691 3193 757 3253 per
780 3176 962 3252 concluso,
994 3182 1029 3232 et
1063 3172 1127 3232 che
1152 3170 1294 3232 omnino
1318 3169 1442 3231 volunt
1469 3168 1582 3231 uniri

286 3273 351 3335 81Μ
373 3276 455 3337 R¹¹²⁰
488 3277 671 3340 Ecclesiae
696 3278 794 3339 iuxta
819 3278 906 3340 alias
931 3279 1157 3341 concordata.

376 3384 402 3444 Il
429 3384 529 3445 Duca
555 3382 659 3446 Cario
685 3387 730 3445 ha
754 3386 922 3447 mandato
947 3405 1016 3445 uno
1052 3386 1158 3446 homo
1187 3402 1208 3443 a
1239 3390 1343 3463 posta
1376 3380 1407 3441 al
1438 3378 1503 3441 Re
1544 3392 1586 3443 et

287 3511 308 3550 a
332 3511 407 3569 me,
433 3491 465 3552 el
492 3494 595 3572 quale
620 3501 714 3554 sotto
739 3494 843 3554 lettre
876 3492 909 3552 di
942 3493 1115 3552 credenza
1144 3488 1190 3549 mi
1221 3486 1368 3549 afferma
1397 3486 1463 3547 che
1497 3506 1587 3549 non

289 3598 413 3675 dubiti,
439 3600 563 3660 chela
588 3599 977 3661 cosahaverirottimo
1013 3596 1094 3675 fine,
1131 3606 1165 3657 et
1201 3593 1308 3677 quelli
1345 3593 1380 3654 di
1415 3592 1588 3658 Presten

288 3704 332 3765 de
357 3704 380 3765 li
406 3704 500 3785 quali
523 3705 583 3785 piu
608 3705 638 3767 si
662 3706 833 3767 dubitare
857 3726 944 3767 sono
970 3702 1160 3766 caldissimi
1186 3722 1206 3762 a
1229 3703 1301 3763 tale
1331 3700 1506 3780 impresa,
1547 3712 1591 3765 et

289 3811 473 3872 caminano
498 3815 590 3874 bene
616 3825 747 3895 quanto
773 3814 801 3874 si
827 3833 935 3893 possa
959 3812 1173 3873 desiderare.

379 3917 487 3999 Dipoi
513 3920 530 3981 ὲ
556 3919 681 4001 gionto
707 3923 751 3981 de
775 3922 809 3981 lo
834 3922 931 3981 detta
957 3920 1062 3980 Dicta
1094 3916 1128 3977 di
1159 3914 1279 3995 Praga
1310 3915 1344 3976 el
1377 3916 1593 3980 secretario

293 4024 329 4084 di
356 4036 482 4104 questa
505 4026 643 4088 Maesti
668 4029 733 4088 che
759 4026 850 4088 andd
877 4047 944 4088 con
975 4026 998 4087 li
1032 4023 1180 4103 oratori,
1208 4020 1302 4101 quali
1331 4039 1419 4081 sono
1448 4024 1596 4086 restati

291 4134 327 4192 la
349 4152 415 4212 per
437 4132 608 4195 risolvere
632 4133 655 4195 il
681 4144 771 4195 tutto
796 4133 831 4194 in
855 4134 891 4195 la
915 4133 1032 4193 futura
1057 4130 1170 4208 dieta,
1203 4139 1239 4189 et
1264 4128 1280 4189 d
1306 4135 1398 4188 stato
1425 4146 1496 4187 con
1527 4150 1595 4193 me

292 4239 337 4298 ad
363 4242 518 4320 longum,
544 4257 579 4301 et
603 4240 834 4319 variamente,
868 4250 902 4301 et
933 4240 1040 4300 molte
1071 4238 1167 4298 volte
1193 4236 1238 4295 da
1261 4254 1317 4295 me
1339 4232 1598 4318 interrogato,

293 4354 393 4407 tanto
417 4348 653 4427 amplamente
676 4348 723 4408 mi
748 4345 909 4423 afferma,
944 4346 1008 4405 che
1032 4345 1065 4405 la
1091 4362 1174 4403 cosa
1198 4338 1330 4403 haverir
1354 4336 1481 4400 ottimo
1509 4338 1600 4406 fine

295 4461 330 4516 et
354 4454 560 4516 risolutione
585 4455 665 4516 chio
690 4475 734 4515 ne
759 4473 864 4534 spero
890 4451 1010 4513 votivo
1036 4449 1158 4511 effetto
1184 4458 1325 4509 excetto
1360 4464 1397 4506 se
1422 4464 1497 4507 non
1529 4469 1597 4512 oc-

295 4582 455 4624 corresse
479 4562 629 4642 qualche
655 4561 837 4641 inopinato
864 4580 946 4621 caso
972 4560 1036 4618 che
1066 4576 1132 4636 per
1161 4556 1291 4615 human
1318 4550 1479 4613 discorso
1511 4573 1600 4620 non

296 4670 324 4731 si
349 4690 456 4750 possa
479 4670 793 4750 comprehendere.

385 4777 437 4838 La
471 4778 620 4859 ragione
657 4773 751 4838 della
787 4784 919 4835 venute
958 4772 992 4832 dl
1027 4772 1125 4831 detto
1164 4764 1355 4830 secretario
1389 4764 1407 4825 ὲ
1444 4771 1603 4844 perch&

298 4884 412 4965 questi
438 4883 565 4965 grandi
591 4884 626 4947 di
651 4882 800 4945 Boemia
829 4901 868 4942 se
892 4878 1061 4961 vogliono
1087 4875 1284 4939 assicurarc
1315 4873 1380 4934 che
1411 4868 1436 4932 li
1470 4871 1607 4943 officii
