3425 5700
666 569 1016 633 ·‡43800t}>⁴

254 717 382 786 Christi
415 717 562 784 nuncios
585 721 814 804 persequutio
838 721 1027 802 suscitata,
1062 731 1098 783 te
1123 720 1213 782 duce
1246 728 1283 782 et
1305 727 1451 782 auctore
1475 736 1535 780 ex-

254 825 435 909 tinguatur
459 835 495 890 et
519 827 727 908 eliminetur,
751 837 789 899 ut
813 835 875 890 tua
893 837 1088 908 nostraque
1108 826 1303 890 communis
1318 825 1537 892 Germaniae

254 936 445 999 secundum
468 954 612 998 carnem
636 936 751 1017 patria
778 935 813 998 in
839 956 940 998 suum
964 935 1191 1016 splendorem
1214 933 1307 996 tituli
1330 953 1538 1017 propugna-

254 1043 361 1106 tionis
376 1041 506 1105 Christi
531 1040 614 1105 fidei
638 1043 672 1105 in
697 1051 773 1106 toto
797 1046 886 1106 orbe
907 1043 1123 1122 restituatur,
1147 1051 1186 1104 ut
1200 1051 1236 1102 to
1250 1061 1376 1104 vocem
1391 1037 1537 1103 Domini

256 1160 481 1231 nostramque
515 1159 551 1212 et
582 1149 685 1212 huius
719 1148 875 1213 Sanctae
899 1148 1003 1212 Sedis
1036 1148 1215 1212 audivisse
1249 1158 1382 1230 tuoque
1414 1146 1538 1210 officio

256 1261 338 1342 (quo
366 1255 506 1320 Christo
540 1257 684 1337 teneris)
716 1265 799 1318 tuae
831 1255 970 1333 virtuti,
1005 1265 1067 1318 tuo
1101 1265 1137 1318 et
1169 1253 1381 1318 Germaniae
1413 1249 1541 1316 decori

256 1373 471 1444 nostraeque
502 1363 744 1444 expectationi
775 1373 811 1427 et
840 1361 1005 1444 religioni
1028 1362 1243 1427 christianae
1273 1361 1540 1444 promptissime

256 1470 563 1554 (quemadmodum
589 1471 660 1532 tale
684 1469 885 1534 incendium
910 1469 1035 1552 exigit)
1059 1489 1102 1532 ac
1118 1469 1283 1532 astrictus
1297 1488 1347 1548 es,
1371 1487 1451 1530 cum
1468 1466 1542 1529 Dei

256 1598 298 1641 ac
322 1575 572 1641 benedictione
587 1585 708 1640 nostra
725 1577 954 1656 consuluisse,
979 1576 1136 1639 remedia
1152 1575 1368 1655 adhibuisse,
1392 1595 1434 1637 ac
1451 1573 1543 1638 talia

256 1684 386 1749 indicia
409 1704 475 1765 pro
488 1683 628 1747 Christo
653 1683 780 1746 eteius
802 1683 884 1766 fide,
908 1703 975 1768 pro
992 1683 1148 1746 universi
1168 1685 1293 1760 salute,
1316 1690 1437 1745 nostra
1453 1700 1541 1761 quo-

257 1812 327 1874 que
343 1790 598 1854 intercessione
619 1788 838 1872 praestitisse
855 1811 1113 1874 cognoscemus
1138 1800 1173 1852 et
1187 1809 1311 1853 omnes
1324 1787 1544 1870 intelligant,

257 1909 294 1963 et
316 1899 613 1980 quemadmodum
638 1897 881 1968 charissimum
905 1898 941 1961 in
963 1898 1104 1962 Christo
1127 1897 1237 1960 filium
1260 1907 1417 1960 nostrum
1432 1895 1545 1958 Caro·

257 2009 328 2071 lum
353 2005 598 2070 Romanorum
628 2005 770 2088 Regem
800 2006 838 2069 in
862 2005 1118 2089 Imperatorem
1150 2005 1318 2085 electum,
1354 2003 1389 2066 in
1421 2001 1545 2066 novis-

259 2115 346 2178 simo
372 2123 548 2175 conventu
572 2111 795 2177 Wormatiae
826 2133 872 2176 ex
896 2133 960 2177 suo
983 2113 1167 2176 Ecclesiae
1190 2111 1259 2174 Dei
1292 2109 1547 2174 advocationis

257 2219 375 2284 officio
400 2228 531 2301 quotu
554 2239 648 2282 nunc
677 2219 714 2285 in
738 2217 932 2283 Germania
961 2239 1027 2304 pro
1055 2219 1244 2282 Maiestate
1267 2238 1331 2281 sua
1359 2217 1542 2300 fungeris,

258 2336 383 2391 contra
419 2324 613 2407 iniquitatis
645 2325 755 2390 filium
787 2326 978 2390 Martinum
1012 2325 1218 2390 Lutherium
1255 2323 1547 2389 haeresiarcham

258 2444 435 2498 tantorum
458 2434 630 2496 malorum
653 2443 760 2515 caput
784 2433 960 2497 catholice
983 2432 1112 2497 fecisse
1125 2431 1326 2514 meministi,
1350 2430 1549 2495 Salvatore

259 2549 391 2620 nostro,
416 2540 511 2620 apud
535 2560 639 2620 quem
664 2541 797 2602 nullum
820 2543 954 2603 bonum
977 2540 1054 2603 sine
1076 2539 1236 2622 praemio
1260 2549 1326 2620 est,
1349 2558 1456 2621 quem
1474 2539 1550 2602 tibi

259 2648 294 2712 in
318 2647 454 2712 cunctis
477 2646 674 2729 propicium
698 2648 828 2710 reddes
852 2655 889 2709 te
913 2656 1131 2729 cunctosque
1155 2665 1300 2728 gressus
1319 2655 1400 2709 tuos
1423 2645 1551 2728 gloria

261 2774 302 2818 ac
333 2756 447 2817 salute
471 2764 532 2816 tua
563 2757 610 2816 ob
634 2755 705 2816 tale
729 2753 891 2817 meritum
914 2763 1011 2817 tuum
1044 2774 1109 2818 sua
1132 2753 1249 2835 gratia
1271 2753 1430 2834 benigne
1461 2773 1550 2834 pro·

260 2872 437 2944 sequatur.

794 3039 1001 3053 ‘WVWUVVWVWWV

633 3315 744 3417 Epist.
772 3198 963 3397 Luniiode
990 3316 1168 3398 Valthein

707 3464 790 3533 (Acta
807 3462 943 3529 chuac.
965 3464 1011 3527 iul
1030 3463 1095 3535 ω)

760 3580 796 3653 (1.
816 3584 933 3648 Augusti
955 3581 1042 3651 1523.)

354 3707 390 3773 S.
414 3709 459 3775 D.
484 3708 653 3773 Pervenit
678 3708 723 3771 ad
747 3728 812 3773 nos
840 3728 955 3789 nuper
978 3709 1062 3771 dum
1085 3707 1202 3771 Hallis
1224 3726 1422 3789 ageremus,
1448 3706 1557 3775 Rev,

267 3818 385 3898 Pater,
411 3818 613 3899 exemplum
636 3816 832 3883 litterarum
856 3816 1078 3897 quarundam
1101 3814 1147 3877 ad
1171 3814 1282 3877 instar
1308 3814 1434 3877 Brevis
1458 3836 1556 3897 apo-

266 3924 392 4001 stolici,
417 3933 456 3986 ut
479 3924 674 4005 appellant,
700 3922 744 3986 ad
778 3922 950 3986 illustrem
974 3921 1192 3985 Fridericum
1217 3920 1396 3985 saxoniae
1419 3921 1559 4006 Regu·

267 4032 348 4111 lum,
372 4031 511 4093 Misnae
535 4041 641 4111 atque
666 4028 885 4112 Thyringiae
909 4028 1109 4112 principem
1131 4050 1155 4091 a
1178 4027 1214 4091 S.
1239 4029 1283 4092 D.
1300 4028 1343 4093 N.
1359 4028 1559 4094 Hadriano

265 4137 317 4200 VI
341 4138 446 4201 Pont.
470 4138 567 4200 Max.
592 4137 797 4216 demissum,
828 4136 926 4217 quod
955 4146 1078 4199 nostro
1108 4135 1233 4198 iuditio
1262 4135 1350 4199 satis
1379 4148 1561 4202 accurate

266 4246 441 4325 docteque
455 4244 694 4326 conscriptum
705 4242 841 4313 fuerat;
866 4262 988 4306 verum
1002 4244 1189 4306 Romanae
1210 4241 1338 4305 Curiae
1353 4241 1472 4305 stilum
1499 4264 1562 4308 re·

268 4354 414 4415 dolebat
438 4350 590 4415 minime.
638 4350 738 4432 Quae
761 4370 819 4413 res
842 4370 970 4414 revera
993 4370 1064 4413 non
1089 4370 1215 4431 parum
1238 4350 1360 4430 nobis,
1389 4348 1450 4430 qui
1474 4361 1562 4416 tum

269 4459 371 4522 simul
395 4478 534 4521 eramus
559 4468 595 4521 et
619 4456 725 4520 Curia
749 4456 872 4523 nutriti
894 4477 1041 4521 romana
1065 4467 1101 4521 et
1117 4456 1261 4540 gemina
1284 4453 1444 4521 Saxonie
1466 4476 1560 4539 pro·

268 4566 383 4648 gnati,
408 4564 563 4649 stuporis
587 4574 693 4646 atque
717 4564 865 4629 meroris
888 4566 1065 4629 attulerat.
1120 4560 1285 4645 Stuporis
1305 4562 1464 4644 inquam;
1492 4584 1562 4629 ve·

270 4676 456 4737 hementer
480 4692 633 4754 namque
657 4671 904 4735 addubitatum
934 4682 988 4736 est
1017 4682 1056 4735 ut
1078 4671 1137 4735 vel
1167 4670 1309 4734 litterae
1338 4669 1421 4733 illae
1452 4672 1562 4735 adul-

268 4778 405 4843 terinae
429 4797 494 4860 pro
512 4778 696 4859 legittimis
720 4778 824 4841 nobis
839 4777 1043 4860 offerentur,
1058 4780 1119 4842 vel
1143 4777 1238 4861 quod
1261 4778 1429 4841 Romana
1442 4775 1564 4843 Curia

266 4894 410 4970 praeter
440 4906 573 4952 morem
610 4885 647 4949 in
683 4887 750 4950 hoc
782 4884 929 4968 negotio
961 4885 1185 4951 commutarit
1216 4885 1345 4948 stilum.
1396 4882 1565 4951 Oramus
