3425 5700
656 551 904 611 &diost-0

147 697 282 763 ficiendi
305 699 423 783 aliqua
447 704 742 764 sustentabamur.
791 701 840 764 At
864 721 950 764 vero
975 721 1085 782 nunc,
1118 713 1305 785 postquam
1331 703 1417 768 eius-

148 809 219 870 dem
243 807 313 871 Dei
336 808 455 871 omnia
477 808 710 889 gubernantis
733 807 881 888 iudicio,
918 811 1013 890 quod
1037 820 1120 874 tunc
1145 831 1328 874 commune
1353 811 1418 874 tibi

148 935 218 977 cum
243 914 321 978 aliis
345 915 570 998 Principibus
593 914 675 997 fuit,
699 916 735 978 id
759 926 871 979 totum
895 915 1037 980 videtur
1059 939 1137 982 esse
1162 921 1207 981 ad
1221 931 1303 982 tuae
1323 918 1422 982 Serul

148 1022 324 1085 arbitrium
354 1032 642 1105 potestatemque
667 999 839 1102 delatum,
874 1033 910 1086 ut
934 1045 1045 1106 penes
1068 1034 1105 1087 te
1130 1045 1235 1088 unum
1260 1026 1314 1088 ius
1336 1025 1421 1088 belli

148 1129 311 1212 pacisque
335 1129 398 1198 sit:
425 1131 549 1192 eadem
573 1129 715 1212 quidem
740 1149 859 1194 sumus
883 1130 1078 1213 cupiditate
1103 1141 1139 1194 et
1162 1133 1352 1212 sententia,
1384 1141 1422 1195 ut

148 1234 350 1298 conficiatur
373 1256 457 1317 pax,
482 1236 545 1298 sed
570 1256 634 1317 spe
659 1248 694 1297 et
717 1235 787 1298 fide
813 1237 971 1299 ducimur
995 1240 1104 1301 multo
1135 1239 1279 1303 maiore.
1326 1238 1422 1302 Satis

149 1343 235 1405 enim
259 1342 418 1424 aspirare
443 1343 581 1423 coeptis
605 1343 807 1425 optatisque
831 1344 961 1407 nostris
985 1344 1099 1407 Deum
1124 1345 1317 1427 cernimus,
1343 1367 1421 1409 cum

149 1451 236 1531 quod
261 1453 307 1512 ab
332 1469 374 1512 eo
398 1449 578 1531 supplices
601 1452 853 1530 precabamur,
890 1450 965 1513 eius
989 1451 1092 1514 nobis
1117 1452 1352 1534 concedendi,
1376 1453 1422 1516 ad

150 1557 312 1639 optimum
336 1569 372 1618 et
402 1555 728 1619 christianissimum
753 1555 956 1640 Principem
990 1557 1304 1640 dignissimumque
1338 1559 1422 1624 Cae-

149 1684 256 1726 sarem
281 1664 443 1726 videmus
467 1663 621 1726 delatam
646 1683 725 1726 esse
749 1673 974 1745 potestatem.
1022 1665 1096 1727 Nos
1119 1685 1206 1728 vero
1231 1666 1289 1747 qui
1323 1677 1423 1730 tanto

150 1773 259 1836 studio
284 1775 494 1834 curabamus
517 1790 661 1852 pacem,
693 1783 776 1833 tunc
810 1792 888 1834 cum
924 1771 1024 1853 pacis
1057 1793 1148 1855 pene
1184 1773 1297 1836 omnis
1332 1774 1423 1836 ratio

149 1881 332 1960 desperata
356 1888 450 1951 erat;
485 1897 578 1940 nunc
602 1877 638 1940 in
662 1888 762 1940 tanta
786 1898 850 1959 spe
875 1887 1016 1959 nostra,
1051 1889 1149 1942 tanta
1173 1880 1423 1961 expectatione

149 1985 352 2048 iustissimae
377 1996 412 2046 et
436 1985 708 2047 clementissime
733 1997 815 2047 tuae
840 1984 967 2047 mentis
1000 2005 1041 2047 ac
1069 1986 1279 2065 voluntatis,
1313 1986 1342 2048 si
1377 1989 1423 2048 ab

149 2094 202 2156 illa
229 2092 326 2174 pacis
350 2091 491 2154 actione
516 2091 778 2170 desisteremus,
801 2091 999 2154 faceremus
1018 2091 1184 2154 iniuriam
1200 2092 1363 2174 profectu
1389 2107 1423 2156 et

149 2200 209 2282 ipsi
237 2201 314 2263 Deo
338 2208 375 2261 et
406 2197 533 2261 honori
568 2206 705 2259 nostro:
738 2217 853 2277 neque
885 2207 967 2260 tunc
999 2218 1123 2279 pacem
1153 2199 1326 2279 voluisse,
1360 2200 1422 2263 sed

150 2308 240 2370 aliud
269 2306 437 2388 quiddam
468 2313 650 2385 spectasse
684 2304 896 2368 videremur.
949 2303 1022 2368 Sed
1046 2305 1074 2367 si
1105 2303 1286 2388 quippiam
1316 2308 1421 2370 habe-

150 2435 230 2494 mus,
255 2416 313 2476 vel
334 2411 522 2476 habuimus
537 2432 691 2492 unquam
711 2411 1043 2491 desideriisnostris
1065 2413 1178 2494 magis
1202 2414 1422 2495 propositum

151 2543 250 2603 quam
277 2541 419 2604 pacem,
453 2517 554 2601 digni
577 2538 696 2580 sumus
727 2537 816 2598 quos
840 2539 910 2582 non
943 2519 1111 2582 exaudiat
1140 2521 1252 2593 Deus;
1278 2521 1306 2583 si
1337 2541 1423 2584 vero

150 2639 267 2692 nostra
289 2627 437 2692 consilia
462 2624 573 2708 ipsius
594 2625 663 2687 Dei
693 2626 883 2707 honorem,
917 2646 1140 2688 communem
1161 2626 1425 2691 christianitatis

151 2736 293 2798 salutem
318 2745 355 2797 et
377 2737 509 2797 bonum
533 2742 678 2814 optatae
703 2731 801 2813 pacis
826 2742 1097 2815 spectaverunt,
1123 2735 1284 2796 cumdem
1310 2735 1425 2798 Deum

150 2864 296 2922 oramus,
320 2852 358 2905 ut
381 2839 496 2904 Serum
519 2848 614 2902 tuam
638 2837 674 2902 in
699 2838 798 2902 cuius
820 2860 924 2903 manu
942 2859 1067 2921 pacem
1084 2860 1161 2901 esse
1179 2840 1300 2922 voluit,
1325 2841 1424 2923 pacis

149 2951 267 3013 iubeat
289 2969 369 3012 esse
393 2947 619 3027 effectricem,
644 2948 712 3009 hoc
737 2957 852 3009 estut
877 2946 971 3027 quod
996 2945 1252 3009 sanctissimam
1270 2960 1424 3012 mentem

149 3067 242 3119 tuam
266 3056 471 3119 desiderare
496 3054 672 3118 cernimus
696 3051 795 3140 (nihil
821 3054 913 3118 enim
938 3055 1066 3117 clarius
1083 3061 1136 3116 est
1152 3074 1257 3135 quam
1280 3066 1313 3117 te
1332 3058 1424 3118 velle

148 3184 271 3245 pacem
295 3174 331 3227 et
359 3162 543 3245 appetere)
579 3161 655 3225 eius
690 3160 901 3224 conficiendi
938 3172 973 3225 et
1009 3160 1248 3243 transigendi,
1282 3162 1426 3225 remotis

146 3270 407 3354 impedimentis
441 3269 620 3348 omnibus,
656 3268 766 3330 tibia
791 3287 926 3330 summo
953 3268 1029 3329 Deo
1054 3266 1229 3331 tribuatur
1263 3268 1426 3331 facilitas.

146 3375 220 3441 Sed
247 3398 307 3441 cur
330 3398 403 3460 pax
428 3376 580 3439 maxime
605 3374 807 3437 necessaria
831 3374 887 3453 sit,
912 3373 1030 3453 aliqua
1055 3373 1207 3437 dicenda
1231 3385 1330 3454 sunt,
1355 3395 1424 3437 non

147 3496 218 3547 tam
244 3484 303 3548 illa
327 3484 469 3566 quidem
483 3503 578 3546 nova
598 3502 742 3564 genere,
768 3500 873 3563 quam
888 3479 1014 3561 gravia
1031 3480 1271 3560 diuturnitate,
1298 3482 1425 3563 quibus

144 3592 213 3654 nisi
239 3592 344 3654 citum
368 3590 562 3654 remedium
586 3588 811 3668 adhibeatur,
836 3587 933 3649 utin
958 3586 1089 3649 effoeto
1113 3586 1253 3650 mortali
1276 3608 1426 3669 corpore

145 3698 288 3780 longior
311 3700 456 3761 morbus
492 3696 638 3759 exitium
668 3706 704 3758 et
726 3704 875 3757 mortem
900 3692 1020 3773 affert,
1044 3692 1093 3755 sic
1118 3692 1153 3755 in
1170 3694 1426 3759 christianitate

142 3804 214 3868 iam
241 3806 440 3886 defatigata
463 3814 499 3867 et
523 3802 644 3865 attrita
671 3802 854 3884 proximus
885 3810 939 3863 est
974 3798 1136 3862 interitus
1161 3802 1426 3884 expectandus;

143 3924 286 3993 urgent,
311 3913 404 3976 enim
429 3921 465 3974 et
488 3910 694 3993 opprimunt
717 3910 786 3971 duo
810 3906 1022 3989 gravissima
1045 3909 1138 3969 mala
1161 3916 1268 3990 atque
1297 3907 1425 3972 incom-

141 4020 255 4081 moda
278 4018 591 4097 christianitatem,
616 4036 764 4098 quorum
792 4016 941 4078 alterum
966 4021 1021 4077 est
1052 4035 1073 4077 a
1095 4014 1219 4077 Turcis
1243 4016 1301 4095 qui
1314 4064 1322 4096 ,
1348 4036 1427 4078 con-

139 4125 255 4189 tinuis
279 4126 502 4190 successibus
526 4123 626 4204 elati,
666 4131 702 4185 et
735 4132 856 4185 nostra
891 4120 1036 4202 ignavia
1069 4142 1110 4183 ac
1146 4121 1426 4203 negligentiam

139 4253 247 4313 spem
266 4234 453 4297 maximam
468 4230 589 4310 erecti,
606 4228 820 4292 christianae
837 4228 1057 4310 reipublicae
1073 4228 1215 4309 penitus
1230 4228 1426 4310 opprimen·

137 4339 210 4401 dae
235 4338 362 4403 ineunt
387 4338 570 4401 rationem.
610 4336 668 4399 An
693 4345 731 4397 tu
756 4344 993 4398 trecentarum
1017 4334 1158 4397 navium
1182 4346 1343 4417 paratam
1358 4335 1428 4398 iam

138 4447 314 4527 classem,
344 4456 380 4509 et
411 4454 598 4507 terrestres
629 4441 808 4505 exercitus
838 4440 874 4504 in
905 4439 1011 4503 armis
1041 4441 1168 4503 adesse
1192 4441 1324 4522 iussoS,
1359 4443 1428 4505 alio

136 4550 299 4615 consilio
321 4552 461 4633 aliaque
493 4559 612 4613 mente
643 4559 787 4611 coactos
815 4568 894 4611 esse
918 4556 1042 4629 putas,
1075 4546 1141 4610 nisi
1172 4557 1210 4609 ut
1243 4549 1428 4629 septentri·

136 4660 276 4721 onales
299 4658 567 4721 christianorum
584 4654 790 4738 provinciae
806 4657 852 4718 ab
867 4654 946 4736 ipso
970 4653 1091 4717 littore
1107 4653 1239 4736 Illyrici
1256 4673 1367 4735 usque
1384 4654 1428 4717 ad

134 4764 336 4829 Poloniam
359 4764 477 4847 impiis
497 4764 566 4827 illis
590 4762 695 4826 armis
719 4770 756 4825 et
771 4761 883 4843 signis
907 4764 1127 4824 obruantur?
1168 4761 1226 4823 An
1252 4781 1316 4823 nos
1340 4762 1429 4823 haec

133 4872 205 4935 soli
239 4871 488 4956 intelligimus,
521 4888 653 4952 tuaque
683 4869 855 4932 serenitas
888 4869 1012 4930 harum
1043 4887 1159 4930 rerum
1192 4868 1317 4950 ignara
1350 4870 1429 4931 est?
