3425 5700
840 565 1087 622 (433088)-ο

927 820 1001 887 133.

696 935 877 1018 Martinus
903 937 1038 1018 Luther
1065 936 1230 1020 comodo.

768 1083 871 1156 (toti
897 1082 1062 1144 Wormao.
1088 1082 1158 1157 tet.)

819 1203 856 1270 (1.
876 1203 1003 1253 Octobris
1026 1201 1111 1272 1523.)

415 1345 542 1412 Gratia
566 1354 602 1409 et
624 1366 697 1427 pax
729 1344 765 1408 in
789 1345 955 1410 Domino.
1001 1346 1054 1409 Tu
1070 1346 1189 1429 potius
1205 1343 1338 1428 optime
1351 1345 1515 1411 Conrade
1535 1365 1592 1428 pro

325 1475 381 1517 me
405 1473 478 1534 ora,
503 1461 635 1535 quanto
664 1473 757 1516 nunc
790 1462 827 1515 tu
861 1454 996 1516 maiore
1029 1453 1107 1516 ocio
1137 1454 1289 1516 donatus
1320 1474 1373 1535 es,
1404 1464 1441 1517 et
1471 1455 1592 1537 pietate

324 1581 380 1624 me
405 1580 569 1643 superas;
603 1568 689 1642 opto
715 1579 816 1641 sane,
841 1569 878 1622 et
902 1580 966 1623 oro
991 1559 1180 1623 Dominum
1204 1560 1335 1642 Jesum,
1359 1570 1398 1624 ut
1421 1561 1485 1624 tibi
1508 1561 1592 1643 quod

323 1667 416 1751 petis
439 1667 583 1750 linguae
608 1669 739 1730 donum
763 1667 943 1750 impartiat
975 1668 1010 1730 in
1044 1668 1185 1730 laudem
1209 1667 1348 1749 gratiae
1376 1687 1470 1733 suae.
1518 1668 1593 1731 Coe·

323 1785 436 1838 terum
461 1776 556 1857 quod
580 1774 706 1838 scribis
730 1795 775 1837 ne
798 1773 899 1837 iriter
925 1774 959 1836 in
978 1774 1179 1856 Erasmum,
1204 1783 1287 1838 ante
1308 1774 1531 1856 impetratum
1547 1783 1594 1837 est

323 1901 428 1963 quam
451 1882 597 1964 rogasti.
636 1880 810 1964 Equidem
835 1881 1030 1944 Huttenum
1055 1883 1186 1945 nollem
1211 1884 1470 1964 expostulasse,
1494 1882 1594 1944 multo

323 1989 436 2053 minus
469 1988 652 2051 Erasmum
691 1987 918 2061 abstersisse;
948 1987 977 2050 si
1008 1989 1077 2051 hoc
1108 1998 1162 2052 est
1194 1987 1348 2070 spongia
1378 1991 1594 2071 abstergere,

323 2116 413 2178 rogo
436 2095 520 2178 quid
546 2105 599 2157 est
623 2095 835 2159 maledicere
860 2107 897 2158 et
921 2095 1130 2159 convitiari?
1159 2116 1305 2179 prorsus
1328 2097 1460 2160 frustra
1484 2106 1595 2180 sperat

322 2203 489 2266 Erasmus
513 2223 576 2266 sua
600 2201 779 2266 rhetorica
804 2201 852 2266 sic
878 2203 1042 2266 omnibus
1066 2201 1221 2284 ingeniis
1242 2202 1351 2283 abuti,
1376 2203 1477 2284 quasi
1500 2222 1595 2267 nemo

322 2309 377 2391 sit,
402 2311 470 2373 imo
496 2309 599 2392 quasi
624 2309 729 2391 pauci
753 2309 833 2388 sint,
858 2309 919 2390 qui
943 2308 1109 2389 sentiant,
1134 2309 1220 2390 quid
1243 2309 1316 2372 alat
1332 2309 1509 2374 Erasmus.
1541 2307 1595 2372 Sic

321 2439 387 2500 pro
419 2437 457 2480 se
484 2415 607 2510 scribit
637 2415 820 2495 Erasmus,
853 2415 1052 2497 optabilius
1081 2427 1135 2480 est
1163 2426 1202 2478 ut
1234 2429 1358 2479 contra
1388 2437 1427 2480 se
1460 2417 1594 2480 scribat.

323 2523 571 2588 Incredibilem
597 2522 664 2585 nisi
690 2533 725 2586 et
750 2521 918 2603 nominis,
951 2533 986 2586 et
1010 2523 1209 2585 autoritatis
1233 2524 1404 2586 iacturam
1428 2523 1595 2586 fecithoc

322 2631 425 2710 libre,
449 2639 488 2692 ut
510 2650 565 2693 me
591 2631 696 2712 plane
720 2630 872 2693 hominis
896 2630 1080 2711 misereat,
1105 2631 1164 2711 qui
1188 2632 1235 2692 ad
1259 2650 1400 2694 causam
1425 2651 1596 2712 nunquam

323 2736 475 2817 aceedit,
500 2745 535 2800 et
559 2735 609 2798 sic
633 2735 666 2798 in
693 2735 779 2798 vitia
802 2735 997 2799 amicorum
1021 2735 1091 2799 iam
1115 2739 1272 2800 secundo
1297 2737 1408 2818 sevit,
1437 2758 1542 2819 quum
1563 2737 1596 2799 in

323 2864 445 2908 verum
468 2845 606 2907 hostem
630 2842 736 2907 fuerit
759 2852 832 2906 tam
856 2843 947 2907 lenis
972 2854 1007 2906 et
1030 2843 1108 2926 ipse
1132 2843 1222 2907 alias
1245 2865 1368 2908 omnes
1401 2844 1438 2909 in
1461 2843 1595 2910 maledi-

323 2954 456 3044 cendo¹
482 2950 587 3014 etiam
626 2950 792 3031 inimicis,
829 2952 880 3013 sic
916 2953 1141 3033 dehortatur,
1177 2972 1220 3015 ac
1251 2954 1358 3016 valde
1396 2955 1596 3018 detestatur.

322 3059 401 3140 Ego
425 3078 566 3142 semper
593 3077 736 3121 causam
769 3060 960 3141 expectavi
990 3079 1053 3121 cur
1085 3068 1221 3141 ageret.
1274 3059 1313 3122 In
1347 3081 1463 3124 mores
1496 3059 1596 3124 facile

323 3176 377 3229 est
400 3164 618 3229 rhetoricari.
672 3166 784 3228 Porro
816 3166 913 3229 edita
945 3175 999 3228 est
1031 3175 1068 3229 et
1097 3186 1176 3229 mea
1209 3165 1361 3249 epistola
1385 3169 1431 3231 de
1454 3168 1596 3231 Erasmo

322 3272 488 3356 privatim
516 3272 658 3354 scripta.
705 3270 844 3336 Deinde
869 3271 939 3335 alia
964 3274 1010 3334 ad
1034 3272 1248 3353 Fabritium,
1281 3276 1376 3356 quod
1408 3296 1464 3338 me
1496 3277 1595 3338 vehe-

322 3390 458 3443 menter
501 3381 592 3443 male
634 3381 762 3459 habet,
806 3401 1019 3463 quamquam
1055 3380 1184 3443 nullius
1228 3381 1329 3444 verbi
1364 3403 1421 3445 me
1458 3382 1596 3465 pudeat,

321 3487 350 3550 si
390 3487 507 3569 palam
546 3486 591 3548 sit
623 3486 905 3562 defendendum;
951 3488 1053 3569 piget
1089 3500 1208 3550 tamen
1246 3488 1390 3570 publica
1424 3488 1501 3553 fieri
1535 3508 1598 3570 per

320 3594 540 3676 importunos
581 3593 668 3656 istos
709 3592 844 3679 (nescio
881 3597 1059 3676 quomodo
1105 3596 1241 3676 vocem)
1277 3597 1473 3677 delatores,
1509 3615 1597 3677 quae

321 3700 469 3784 privatis
493 3700 650 3763 amiculis
674 3700 891 3775 scribuntur;
920 3722 1027 3783 porro
1058 3700 1143 3764 mihi
1166 3701 1303 3765 Erasmi
1336 3702 1477 3786 scriptis
1510 3703 1597 3765 sicut

321 3806 408 3871 nihil
432 3817 552 3887 nocet,
578 3806 607 3869 si
631 3807 855 3889 adversetur,
880 3808 930 3870 ita
968 3808 1055 3871 nihil
1092 3808 1206 3891 magis
1244 3808 1435 3890 confidam,
1474 3808 1503 3872 si
1539 3828 1596 3891 pa·

320 3914 524 3977 trocinetur.
588 3912 665 3997 Ego
708 3916 824 3977 habco
863 3914 922 3995 qui
957 3915 1027 3979 iam
1066 3914 1255 3997 defendat,
1293 3916 1400 3980 etiam
1438 3916 1467 3979 si
1505 3925 1597 3979 totus

320 4023 470 4084 mundus
508 4018 544 4083 in
592 4040 646 4082 me
686 4022 799 4084 solum
837 4020 1004 4096 insaniat;
1046 4022 1082 4085 id
1125 4024 1221 4105 quod
1258 4022 1424 4090 Erasmus
1463 4023 1499 4087 in
1541 4042 1596 4085 me

320 4138 427 4192 vocat
451 4126 686 4213 pervicaciam
704 4130 897 4211 asserendi,
922 4130 986 4191 sed
1010 4128 1070 4211 qui
1093 4129 1199 4192 video
1222 4130 1401 4193 hominem
1425 4150 1504 4194 esse
1526 4141 1596 4192 tam

319 4236 427 4317 longe
451 4237 496 4298 ab
521 4234 703 4297 intellectu
727 4234 1005 4299 Christianorum
1029 4256 1147 4300 rerum
1181 4236 1288 4319 (quod
1323 4239 1495 4301 hactenus
1525 4256 1595 4299 non

320 4350 501 4423 putaram,
526 4342 592 4404 etsi
620 4340 811 4423 aliquando
838 4342 1050 4424 suspicarer)
1073 4342 1179 4405 facile
1202 4344 1336 4425 patiar,
1362 4353 1400 4407 ut
1417 4365 1471 4407 me
1495 4352 1596 4406 vocet

321 4467 542 4529 quocumque
567 4450 663 4511 volet
687 4449 838 4530 nomine,
865 4450 978 4512 donec
1003 4470 1147 4513 causam
1179 4449 1346 4533 attingat:
1378 4450 1595 4534 propositum

321 4562 375 4616 est
399 4554 553 4618 omnium
580 4556 681 4637 mihi,
713 4576 828 4636 neque
852 4556 979 4637 vitam,
1003 4576 1119 4640 neque
1143 4577 1263 4621 mores
1287 4558 1380 4621 velle
1404 4557 1509 4637 tueri,
1531 4558 1593 4619 sed

320 4662 431 4725 solam
455 4682 611 4743 causam,
636 4663 794 4725 lacerent
811 4682 879 4741 me,
903 4683 1091 4745 moresque
1106 4684 1218 4745 meoS,
1242 4664 1454 4747 quicumque
1476 4663 1594 4743 velint,

321 4767 409 4831 sicut
432 4770 604 4832 hactenus
631 4767 718 4850 feci,
748 4768 818 4832 imo
850 4769 920 4833 illis
950 4771 1056 4853 plane
1091 4770 1200 4834 vitam
1233 4771 1348 4855 ipsam
1377 4772 1414 4834 in
1449 4789 1594 4855 corpore

320 4876 453 4957 debeo,
492 4886 527 4939 et
563 4894 727 4957 magnam
771 4886 909 4959 partem
956 4876 1108 4943 fiduciae
1141 4878 1255 4942 fretus
1288 4862 1374 4960 mei',
1421 4879 1480 4962 qui
1512 4876 1594 4941 mihi
