3425 5700
612 571 858 630 &14100

195 718 331 783 Grande
365 720 576 801 meraviglia
600 721 618 785 ὲ
643 722 708 783 che
744 722 894 783 essendo
928 720 1086 801 alquanti
1112 720 1275 782 Alemani
1310 719 1374 780 che

134 826 258 891 scriveno
282 837 407 890 contro
428 828 561 890 Luther
586 838 621 890 et
644 828 840 891 alemanice
865 836 901 891 et
924 827 1042 908 latine,
1068 847 1137 889 non
1162 848 1200 888 se
1225 834 1375 887 trovano

133 932 299 1014 impressori
325 937 390 998 che
415 934 438 997 11
463 936 595 999 voliino
620 935 820 1017 imprimere
846 945 880 998 et
905 956 943 998 se
960 937 1087 998 alcuno
1112 954 1176 1015 per
1191 953 1280 1015 gran
1298 953 1374 1013 pre·

132 1041 221 1120 phiere
244 1064 265 1105 o
281 1043 407 1105 denari
431 1045 466 1105 lo
489 1044 537 1126 fa,
563 1044 706 1106 subbito
729 1044 754 1107 li
772 1044 965 1105 Lutherani
982 1042 1007 1105 ii
1024 1042 1118 1123 quali
1135 1042 1253 1103 hanno
1271 1043 1377 1102 borsa

132 1168 245 1213 comune
276 1169 377 1213 come
402 1151 425 1212 11
449 1149 607 1232 Marani,
640 1170 833 1233 comprano
859 1150 948 1213 detti
972 1149 1051 1212 libri
1084 1148 1205 1230 quanti
1230 1148 1272 1209 ne
1297 1167 1375 1228 pos·

130 1254 182 1318 sino
199 1259 307 1320 haver
331 1267 368 1321 et
391 1258 415 1321 li
440 1260 695 1339 destruggeno.

189 1391 273 1453 Item
297 1411 368 1453 uno
392 1391 484 1453 frate
499 1392 664 1454 minorita
687 1392 732 1454 de
757 1391 986 1455 observantia
1009 1392 1044 1454 in
1065 1392 1168 1453 Ulma
1183 1388 1377 1471 predicava

129 1497 150 1555 al
167 1497 329 1579 principio
345 1498 381 1560 di
403 1498 611 1578 Quaresima
628 1500 951 1561 orthodoxamente
969 1499 1012 1561 ni
1030 1517 1139 1579 sapea
1154 1498 1265 1559 haver
1281 1494 1376 1557 audi-

128 1603 184 1674 tori
205 1604 264 1685 poi
287 1605 461 1667 comincid
486 1627 507 1668 a
530 1606 695 1687 predicar
720 1618 755 1668 et
771 1605 923 1668 sostenir
947 1608 979 1667 le
1001 1603 1236 1687 propositioni
1262 1603 1326 1663 che
1342 1602 1376 1663 io

128 1714 226 1773 nando
252 1714 358 1774 etha
382 1733 555 1775 concorso
580 1713 615 1774 di
640 1722 731 1775 tutta
751 1715 786 1776 la
802 1727 908 1776 terra.
947 1713 986 1775 Io
1002 1711 1262 1774 communicari)
1280 1709 1377 1771 dette

127 1819 332 1898 propositioni
365 1840 432 1882 con
467 1822 499 1883 el
524 1820 709 1883 confessor
743 1821 850 1883 chee
885 1820 920 1882 di
946 1821 1028 1901 quel
1053 1818 1178 1881 ordine
1211 1830 1247 1879 et
1271 1836 1376 1897 spero

127 1922 185 1987 dari
207 1928 374 1990 remedio.

187 2052 306 2114 Dicesi
330 2054 396 2115 che
421 2054 454 2115 in
479 2054 514 2116 la
539 2052 681 2115 diocese
698 2053 910 2135 Moguntina
934 2054 952 2116 ὲ
978 2060 1070 2115 stato
1094 2059 1307 2113 ammazzato
1332 2070 1377 2113 un

124 2168 210 2237 prete,
233 2160 365 2241 perche
389 2160 583 2242 predicava
607 2171 732 2222 contra
756 2162 908 2241 Luther,
940 2162 1003 2223 sed
1027 2160 1085 2222 hic
1109 2178 1228 2220 rumor
1252 2164 1306 2218 est
1330 2156 1377 2217 in-

124 2278 224 2327 certus.
273 2267 317 2327 Di
351 2266 467 2347 questi
493 2266 638 2330 monstri
663 2267 748 2350 ogni
781 2269 817 2329 di
851 2266 909 2349 qui
939 2288 983 2329 ne
1008 2268 1157 2329 vedemo
1191 2273 1227 2327 et
1259 2263 1378 2327 udimo

124 2374 203 2451 assai,
225 2394 280 2436 ma
304 2395 359 2436 me
384 2394 450 2455 par
474 2374 653 2457 superfluo
678 2398 698 2438 a
723 2376 890 2438 scrivere.

191 2496 289 2561 Nunc
322 2511 491 2580 quantum
523 2500 650 2563 attinet
683 2524 703 2563 a
727 2503 844 2583 quelle
878 2499 994 2582 gratie
1027 2502 1092 2561 che
1116 2501 1163 2560 ha
1192 2498 1281 2559 fatto
1306 2496 1379 2558 Sua

123 2601 238 2665 tantitfa
260 2608 295 2668 al
320 2605 501 2668 Camerier
525 2608 742 2671 Armestorff
763 2619 798 2672 et
822 2631 843 2671 a
868 2607 982 2690 questi
1008 2606 1103 2687 altri,
1132 2604 1221 2687 sapii
1247 2606 1378 2667 Vostra

123 2706 265 2791 Signoria
288 2714 608 2777 Reverendissima
639 2737 758 2779 essere
792 2725 885 2779 stata
915 2736 985 2777 una
1017 2723 1118 2777 santa
1152 2723 1188 2775 et
1220 2710 1379 2793 proficua

122 2834 221 2901 opera,
243 2832 280 2884 et
303 2820 377 2884 cosi
402 2821 564 2905 supplico
590 2844 628 2886 se
653 2823 743 2886 sacci
769 2825 827 2887 del
851 2834 958 2902 resto,
983 2822 1113 2904 perche
1139 2840 1210 2884 non
1235 2820 1263 2884 si
1289 2820 1379 2882 vede

122 2943 175 2987 una
204 2928 259 2990 via
282 2932 437 2991 humana
470 2930 594 2993 melior
627 2952 691 3012 per
716 2932 859 3012 mitigar
892 2939 1018 3012 questa
1042 2929 1281 2992 concitatione
1314 2927 1379 2989 che

121 3051 174 3094 non
187 3035 445 3116 gratificationi.
484 3036 573 3099 Esso
591 3038 808 3100 Armestorff
821 3041 868 3101 ha
889 3058 958 3100 una
974 3036 1220 3118 potentissima
1236 3038 1379 3116 lengua,

122 3150 145 3197 et
165 3143 267 3204 molto
291 3143 490 3224 extimadO,
526 3165 617 3227 capo
643 3145 822 3208 obstinato
847 3146 940 3207 dove
966 3145 996 3206 si
1019 3153 1144 3222 mette,
1181 3153 1217 3206 et
1240 3143 1258 3206 e
1284 3145 1380 3204 buon

121 3248 353 3322 gentiihuomo.
400 3251 472 3314 Per
502 3250 527 3313 11
555 3252 668 3333 primo
694 3252 839 3315 corrieri
865 3251 975 3314 Cesar
1006 3261 1041 3312 et
1065 3252 1163 3313 detto
1188 3247 1380 3312 Camerieri

120 3354 296 3434 regratiari
320 3377 386 3438 per
409 3378 472 3420 sue
496 3361 601 3422 lettre
626 3357 700 3421 Sua
724 3357 880 3440 Santitir,
915 3369 950 3421 et
973 3359 997 3420 11
1022 3358 1102 3421 altri
1128 3379 1148 3420 a
1172 3357 1228 3419 chi
1253 3376 1378 3438 appar-

119 3459 208 3524 tiene.
259 3463 302 3527 El
341 3465 508 3546 predetto
540 3466 733 3529 Camerieri
764 3465 980 3529 Armestorff
1017 3468 1062 3528 ha
1093 3463 1380 3527 recomminciato

120 3571 199 3649 apud
229 3591 351 3635 omnes
383 3572 550 3654 predicar
581 3575 613 3636 le
641 3573 738 3637 laudi
769 3575 827 3637 del
851 3573 1168 3635 Reverendissimo
1193 3570 1380 3634 Cardinale

120 3673 247 3759 egidio,
283 3700 384 3741 come
414 3680 528 3761 primo
560 3682 592 3742 61
623 3680 742 3762 facea,
779 3691 815 3742 et
846 3682 864 3743 6
897 3682 942 3742 da
974 3700 1090 3742 nuovo
1121 3690 1211 3741 tutto
1243 3679 1278 3740 di
1308 3677 1381 3740 Sua

120 3778 268 3862 Signoria
293 3787 630 3864 Reverendissima,
664 3789 800 3850 bench&
828 3790 935 3868 (quod
960 3787 1043 3850 mihi
1071 3787 1224 3850 maxime
1251 3787 1380 3867 placet)

120 3888 158 3949 lui
180 3893 436 3974 comprehende
462 3904 497 3955 et
520 3895 685 3957 confessa
708 3897 772 3956 che
797 3915 862 3976 per
886 3894 1030 3976 meggio
1055 3894 1090 3955 di
1106 3894 1238 3956 Vostra
1253 3891 1377 3975 Signo·

120 3995 163 4057 ria
185 3997 512 4085 Reverendissima‚
549 4002 604 4064 cui
638 4022 707 4084 ego
741 4023 883 4064 causam
918 4003 1265 4080 commendaveram,
1303 4001 1379 4082 ipse

120 4099 175 4165 fuit
196 4107 265 4170 voti
285 4127 443 4190 compos
467 4110 596 4171 Donde
612 4110 690 4171 dice
712 4110 777 4171 che
793 4132 830 4170 se
848 4109 942 4171 tiene
960 4109 1019 4190 piir
1036 4109 1195 4190 obligato
1213 4130 1234 4170 a
1249 4107 1379 4169 Nostro

121 4206 256 4290 Signore
279 4225 314 4278 et
338 4237 360 4278 a
376 4216 510 4279 Vostra
533 4215 702 4298 Signoria
718 4217 1033 4280 Reverendissima
1058 4219 1122 4279 che
1147 4238 1185 4278 se
1209 4215 1233 4277 li
1257 4218 1380 4277 haves-

121 4335 188 4378 sero
209 4321 296 4384 altre
319 4323 417 4384 volte
442 4324 574 4385 donato
599 4324 702 4387 Dieci
726 4323 820 4386 mille
845 4324 963 4386 ducati
988 4324 1023 4385 di
1047 4322 1226 4402 beneficii,
1250 4323 1379 4405 perche

121 4424 232 4490 elnon
254 4441 363 4511 potea
387 4432 558 4512 tolerare,
590 4433 655 4494 che
680 4431 787 4513 dopoi
812 4433 877 4493 che
903 4430 975 4494 Suo
1000 4431 1140 4494 fratello
1166 4451 1243 4493 cum
1268 4432 1380 4492 solen-

122 4529 182 4593 1111
205 4555 260 4597 era
284 4547 376 4599 stato
402 4559 517 4601 messo
542 4538 577 4600 in
601 4539 838 4620 possessione,
864 4548 900 4600 et
923 4558 1106 4620 promesso
1132 4538 1191 4600 alli
1213 4536 1382 4600 Canonici

122 4635 151 4696 di
171 4643 316 4707 renderli
340 4644 488 4706 indenni
511 4645 558 4706 da
581 4666 729 4708 censure
754 4657 789 4708 et
812 4646 893 4708 altri
917 4644 1179 4708 inconvenienti
1203 4666 1281 4707 cum
1303 4665 1379 4724 spe-

122 4763 215 4811 ranza
246 4751 338 4815 della
373 4773 520 4815 reserva
555 4755 613 4816 del
648 4753 965 4815 Reverendissimo
996 4752 1201 4832 Cardinale‚
1236 4752 1380 4814 tandem

124 4849 208 4918 fusse
235 4859 302 4922 cosi
326 4858 681 4942 ignominiosamente
705 4866 754 4940 (ut
777 4861 845 4941 ipsi
869 4861 1007 4942 putant)
1040 4870 1202 4940 extruso,
1239 4869 1274 4926 et
1297 4862 1380 4924 ben·
