3425 5700
829 548 1075 607 &ibib-0

313 699 423 780 ipsius
455 698 560 765 divae
591 697 769 779 Virginis,
804 706 840 761 et
871 695 1128 780 Redemptoris
1157 698 1269 761 nostri
1299 699 1440 779 delent,
1474 717 1589 763 sacros

313 807 423 870 libros
446 808 610 885 adurunt,
634 804 776 886 nuptias
800 804 894 867 inter
916 805 1122 868 sacerdotes
1146 815 1182 867 et
1205 806 1435 889 concubinas,
1459 827 1503 869 ac
1528 826 1589 869 me·

311 914 473 994 retrices,
496 912 589 975 inter
605 892 798 975 monachos
827 920 864 974 et
882 913 1076 974 monachas
1091 912 1236 994 publica
1249 932 1383 996 pompa
1399 914 1588 993 celebrant,

314 1030 349 1083 et
372 1028 479 1102 prout
502 1038 677 1102 quemque
701 1017 874 1100 impetus,
909 1028 971 1081 aut
1003 1018 1114 1082 libido
1152 1020 1333 1101 exagitat,
1368 1019 1403 1084 in
1440 1038 1589 1102 preceps

315 1128 487 1191 feruntur.
534 1124 627 1206 Quid
652 1128 746 1206 quod
770 1124 853 1189 freti
877 1125 998 1189 nescio
1022 1125 1151 1207 quibus
1169 1126 1462 1191 translationibus
1484 1127 1587 1209 scrip·

314 1246 415 1297 turae
433 1252 555 1296 sacrae
572 1234 619 1295 ab
632 1231 799 1296 hereticis
823 1251 938 1314 nuper
961 1232 1076 1313 editis,
1102 1252 1173 1297 non
1196 1234 1331 1317 plebeii
1354 1236 1461 1297 modo
1484 1233 1589 1297 homi·

314 1362 396 1421 nes,
425 1342 491 1403 sub
516 1350 552 1402 et
575 1338 752 1403 foeminae
786 1339 831 1402 de
860 1338 992 1403 Divino
1023 1340 1146 1405 Verbo
1179 1340 1357 1422 argutari,
1387 1342 1588 1422 decernere,

316 1447 528 1511 doctissimis
560 1445 645 1509 viris
681 1455 815 1509 temere
849 1447 1095 1510 contradicere
1130 1467 1303 1530 nusquam
1340 1469 1412 1512 non
1450 1449 1589 1512 audent

315 1556 434 1636 Atque
470 1552 507 1615 id
537 1552 613 1616 fieri
651 1573 673 1615 a
712 1551 954 1635 praedonibus
982 1560 1018 1615 et
1051 1552 1214 1635 perditae
1245 1555 1350 1618 sortis
1382 1554 1590 1635 hominibus,

313 1682 402 1746 quos
426 1660 497 1727 illic
521 1678 651 1741 magno
675 1680 821 1722 numero
845 1658 1008 1741 rapiendi
1033 1660 1163 1743 cupido
1187 1661 1222 1724 in
1247 1664 1380 1725 nullum
1408 1682 1480 1725 non
1510 1661 1589 1725 faci-

315 1790 381 1833 nus
405 1767 565 1831 furentes
588 1765 681 1847 agit,
707 1766 821 1828 minus
845 1766 998 1829 fortasse
1022 1767 1157 1831 mirum.
1209 1770 1260 1833 At
1289 1770 1480 1853 plerasque
1510 1768 1589 1832 civi-

313 1885 406 1940 tates
431 1874 655 1957 Imperiales,
680 1893 829 1955 easque,
854 1893 943 1955 quas
966 1875 1060 1937 mala
1083 1874 1299 1939 ominatione
1323 1876 1456 1940 liberas
1472 1876 1590 1939 vocari

315 1982 484 2065 contigit,
521 2002 613 2063 quae
649 2000 763 2062 nuper
793 1980 927 2062 optimo
953 1980 1078 2044 ordine
1109 2002 1130 2045 a
1157 1984 1280 2066 probis
1304 1993 1341 2047 et
1368 1983 1527 2047 cordatis
1549 1982 1590 2045 ci-

314 2089 434 2168 vibus,
459 2088 683 2170 maximeque
707 2086 775 2169 piis
803 2086 882 2169 regi
906 2098 1183 2170 consueverunt,
1209 2110 1287 2154 esse
1307 2093 1374 2155 hac
1396 2092 1479 2154 labe
1495 2089 1588 2174 peni·

314 2208 370 2259 tus
395 2194 668 2275 contaminatas,
700 2215 743 2258 ea
774 2195 915 2258 demum
947 2194 1052 2258 huius
1076 2196 1229 2263 nationis
1257 2208 1418 2261 extrema
1440 2196 1589 2278 miseria,

315 2316 350 2366 et
374 2302 556 2365 calamitas
587 2300 724 2365 censeri
759 2302 879 2366 debet.
938 2303 1051 2366 Porro
1086 2302 1291 2386 Principum
1326 2305 1486 2368 nonnulli
1522 2324 1590 2367 non

314 2411 420 2473 modo
444 2410 510 2471 hac
535 2407 570 2471 in
595 2417 697 2490 parte
722 2417 758 2473 et
781 2408 849 2491 ipsi
875 2409 1032 2491 corrupti
1056 2402 1147 2492 sunt,
1172 2412 1235 2475 sed
1260 2422 1296 2474 et
1311 2411 1411 2475 istius
1435 2410 1591 2475 haeresis

313 2526 466 2598 autores,
491 2525 527 2579 et
550 2517 727 2591 lautores;
751 2515 913 2579 nonnulli
933 2514 999 2579 etsi
1024 2517 1141 2580 adhuc
1159 2527 1334 2598 constant,
1357 2520 1451 2582 malo
1475 2528 1590 2582 tamen

315 2644 457 2689 suorum
482 2622 761 2687 consiliariorum
785 2623 868 2686 dolo
893 2623 1046 2705 seducti,
1079 2627 1182 2706 (quos
1205 2624 1282 2688 fere
1306 2644 1429 2689 omnes
1451 2626 1488 2689 in
1514 2645 1591 2691 con·

314 2732 409 2795 fesso
433 2740 488 2795 est
511 2750 590 2795 esse
615 2727 835 2815 lutheranos)
859 2729 969 2812 aliqui
992 2730 1168 2794 intestinis
1194 2731 1358 2815 dissidiis,
1383 2732 1494 2816 aliqui
1518 2752 1591 2795 suo-

316 2860 391 2904 rum
420 2838 639 2902 subditorum
671 2846 782 2919 metu,
816 2858 906 2920 quos
937 2837 1113 2923 principio
1146 2839 1321 2904 cohibere
1345 2842 1592 2924 neglexerunt,

315 2948 352 3009 in
376 2945 577 3009 universum
603 2966 724 3009 omnes
748 2945 899 3009 diversis
923 2947 969 3009 de
993 2947 1109 3009 causis
1138 2957 1211 3010 tarn
1240 2950 1366 3030 procul
1396 2951 1443 3011 ab
1474 2948 1592 3011 officio

318 3054 353 3117 in
378 3055 444 3116 hac
469 3073 508 3116 re
532 3051 720 3116 tractanda
743 3054 932 3134 recedunt,
957 3062 995 3116 ut
1018 3051 1212 3117 Germania
1235 3055 1349 3118 omnis
1371 3055 1407 3119 in
1431 3055 1591 3118 manifes-

314 3169 387 3223 tam
410 3159 603 3241 perniciem
627 3159 696 3222 iam
720 3159 789 3222 iam
814 3179 940 3222 casura
971 3159 1144 3224 videatur.
1198 3160 1240 3224 Id
1275 3174 1392 3225 autem
1422 3162 1453 3225 si
1485 3163 1592 3245 (quod

314 3267 570 3348 abominamur)
596 3266 756 3348 eveniat,
796 3265 874 3348 quis
909 3287 979 3330 non
1011 3267 1111 3330 videt
1142 3268 1299 3350 reliquas
1330 3268 1436 3331 etiam
1470 3268 1593 3332 fideles

315 3374 479 3438 nationes
501 3373 537 3438 in
568 3374 718 3437 eandem
752 3373 928 3437 haeresim
963 3394 1008 3436 ne
1042 3377 1276 3456 prolabantur
1316 3374 1524 3457 periclitari,
1558 3382 1595 3436 et

315 3490 426 3543 totum
451 3479 688 3544 Christianum
712 3499 840 3544 nomen
866 3479 1193 3544 immanissimorum
1217 3483 1411 3545 Turcarurn
1439 3483 1594 3563 praedae

318 3590 430 3652 multo
453 3586 568 3668 magis
593 3607 696 3669 quam
730 3597 836 3651 antea
868 3586 1050 3669 patefieri!
1098 3588 1158 3650 Ad
1190 3592 1283 3651 banc
1316 3589 1594 3671 extinguendam

316 3703 454 3777 pestem
495 3702 629 3776 quanto
672 3693 806 3776 studio,
846 3696 987 3776 opeque
1024 3693 1225 3758 incubuerit
1262 3695 1308 3759 fe,
1345 3714 1395 3759 re.
1455 3695 1528 3758 Leo
1554 3693 1594 3755 X

315 3801 517 3882 Precessor,
535 3809 571 3864 et
586 3801 779 3864 secundum
797 3820 940 3864 carnem
955 3800 1068 3869 frater
1081 3800 1253 3884 patruelis
1267 3811 1400 3882 noster,
1418 3800 1518 3865 testis
1540 3809 1597 3863 est

313 3906 393 3990 ipsa
415 3907 583 3988 Majestas
607 3907 703 3986 Tua,
727 3927 819 3988 quae
843 3907 1002 3971 eiusdem
1025 3907 1157 3972 Leonis
1185 3908 1338 3973 assiduis
1360 3907 1592 3991 persuasioni·

313 4016 391 4095 bus,
415 4024 451 4077 et
474 4012 542 4095 piis
565 4013 875 4077 adhortationibus
897 4014 1042 4096 saepius
1058 4013 1240 4097 requisita,
1262 4018 1485 4097 praeclarum
1507 4013 1594 4076 illud

315 4120 470 4186 edictum
482 4121 517 4184 in
531 4121 857 4185 Wormatiensibus
874 4120 1023 4185 comitiis
1038 4130 1163 4185 contra
1173 4122 1264 4184 hanc
1276 4121 1430 4185 heresim
1444 4121 1595 4204 promul·

314 4228 424 4312 gavit.
478 4227 583 4309 Quod
614 4227 644 4290 si
675 4234 715 4290 ut
744 4227 965 4292 sanctissime
996 4228 1113 4292 fuerat
1145 4229 1341 4310 decretum,
1376 4229 1426 4292 ita
1459 4237 1596 4293 mature

315 4335 517 4400 executioni
541 4333 668 4398 fuisset
691 4335 955 4416 demandatum,
972 4335 1081 4399 dubio
1095 4338 1222 4418 procul
1244 4335 1311 4400 hac
1326 4357 1419 4401 nunc
1434 4333 1597 4401 molestia

315 4441 516 4506 Christiana
539 4441 742 4523 respublica
765 4451 916 4508 careret.
964 4442 1099 4507 Verum
1122 4462 1229 4524 quum
1252 4443 1305 4507 sic
1337 4443 1458 4508 divina
1478 4443 1594 4525 provi·

315 4549 436 4613 dantia
459 4547 667 4632 permissum
691 4548 843 4613 fortasse
869 4559 980 4631 esset,
1003 4557 1043 4612 ut
1070 4569 1136 4633 per
1167 4551 1259 4614 hanc
1285 4549 1461 4616 haeresim
1487 4552 1595 4630 longe

315 4657 458 4738 lateque
491 4654 724 4737 saevientem,
766 4655 824 4738 qui
861 4655 1004 4738 probati
1037 4666 1137 4739 sunt,
1171 4657 1350 4722 manifesti
1371 4656 1479 4742 fiant,
1511 4654 1594 4720 mali

315 4783 402 4827 vero
426 4782 570 4826 suorum
593 4771 823 4845 peccatorum
847 4783 984 4845 poenas
1007 4773 1108 4828 tanto
1132 4765 1297 4829 acerbius
1320 4768 1437 4848 luant,
1460 4760 1592 4849 prospi-

316 4868 480 4934 ciendum
509 4869 671 4934 iamiam
696 4878 768 4952 est,
792 4890 838 4934 ne
861 4871 898 4933 id
921 4873 1070 4955 malum,
1101 4873 1197 4953 quod
1231 4873 1267 4936 in
1294 4881 1435 4955 partem
1456 4888 1594 4956 poenae
