3425 5700
732 617 970 674 ῡ-ὓΧΙῖΗ

208 787 303 846 quae
340 765 457 827 omnia
492 765 676 828 mendacia
717 787 795 828 esse
827 769 1024 847 probantur
1056 787 1101 826 ex
1136 765 1308 828 Aleandri
1342 765 1493 846 epistola

207 874 257 934 ad
270 872 430 953 Eckium,
456 873 514 934 ubi
539 873 584 934 de
609 873 738 935 libellis
763 873 907 936 famosis
931 874 966 934 in
991 895 1029 934 se
1049 871 1258 954 conscriptis
1283 873 1413 951 dicens,
1427 871 1492 932 ait:

210 981 340 1062 „Adeo
352 988 433 1041 sunt
450 981 566 1042 omnia
585 984 690 1063 plena
705 981 969 1043 mendaciorum
987 992 1022 1042 et
1032 980 1283 1063 frigidissimae
1299 980 1494 1041 calumniae

207 1108 282 1167 qua
299 1108 353 1148 me
372 1087 539 1150 Iudaeum
557 1109 597 1149 ac
615 1109 740 1150 recens
757 1089 868 1150 lotum
892 1102 1032 1167 vocant,
1048 1088 1147 1167 quasi
1171 1087 1355 1169 ignoretur
1379 1088 1494 1167 patria

208 1207 247 1254 et
271 1202 438 1273 parentes
465 1195 542 1272 mei,
568 1194 627 1275 qul
653 1215 697 1256 ex
714 1195 978 1256 marchionibus
995 1195 1137 1256 Pilosae
1154 1196 1283 1256 Petrae
1307 1193 1342 1255 in
1361 1193 1495 1255 Histria

208 1309 248 1361 et
273 1301 460 1362 comitibus
486 1301 637 1364 Leandri
664 1301 853 1380 oriundus,
878 1310 939 1362 aut
961 1300 1106 1362 fuissem
1131 1322 1200 1382 ego
1225 1301 1260 1362 in
1285 1302 1494 1363 canonicum

211 1407 444 1468 leodiensem
481 1417 647 1488 receptus
681 1411 833 1488 probata
866 1408 969 1470 etiam
1006 1407 1314 1470 examinatissimis
1346 1420 1381 1469 et
1401 1409 1492 1489 jura·

209 1514 355 1575 tissimis
379 1514 528 1576 testibus
554 1537 573 1576 e
598 1525 750 1596 quatuor
774 1515 950 1596 capitibus
984 1515 1180 1590 nobilitate,
1211 1516 1238 1577 si
1269 1517 1492 1597 neophaetus

207 1641 336 1684 essem.
392 1621 484 1683 Vide
513 1623 694 1684 hominum
735 1622 1117 1704 impudentissimorum
1150 1623 1371 1703 ineptissima
1403 1643 1492 1684 com·

206 1730 391 1809 menta“¹).
439 1727 509 1790 Sed
536 1751 606 1790 non
632 1731 742 1791 solum
767 1729 821 1790 bis
846 1729 1053 1791 commentis
1078 1730 1298 1791 Aleandrum
1333 1730 1492 1810 inseque-

207 1839 340 1898 bantur
356 1837 622 1908 reformatores;
649 1836 682 1925 in
700 1835 814 1916 ipsum
840 1836 1108 1898 vehementibus
1132 1836 1266 1899 iniuriis
1291 1846 1325 1898 et
1349 1834 1492 1897 inhone-

208 1943 371 2006 stissimis
406 1943 605 2006 nominibus
639 1943 894 2023 saeviebantll,
940 1941 1241 2005 coniurationibus
1274 1943 1494 2005 insectaban-

206 2061 278 2128 tur,
319 2050 488 2112 molestiis
533 2049 742 2113 omnimodis
782 2050 1061 2113 circumdabant.
1125 2049 1332 2130 „Reliquias
1371 2049 1494 2111 salutis

207 2177 311 2219 meae
352 2157 428 2218 fere
473 2157 590 2232 amisi,
644 2157 824 2218 scribebat
861 2156 920 2218 ille
963 2157 1019 2218 die
1069 2161 1116 2218 18.
1164 2157 1349 2219 Februarii
1400 2178 1492 2236 1521,

206 2274 386 2346 perpetuo
412 2273 559 2326 mortem
584 2264 668 2325 milri
693 2263 862 2342 minatur,
893 2262 1087 2343 mortisque
1119 2264 1314 2344 perieulum
1350 2283 1491 2344 semper

211 2381 269 2434 est
293 2382 376 2432 ante
400 2373 532 2451 oculos
559 2379 594 2433 et
619 2380 787 2450 quantum
822 2370 949 2431 attinet
973 2372 1018 2432 ad
1043 2372 1194 2450 gratiam
1219 2379 1255 2432 et
1279 2372 1408 2432 famam
1433 2370 1491 2431 ali·

207 2479 368 2560 quidque
393 2478 542 2539 nominis
567 2479 662 2558 quod
688 2477 785 2559 prius
810 2479 987 2539 habebam
1011 2477 1047 2538 in
1071 2476 1282 2554 Germania,
1311 2477 1493 2559 perierunt

207 2585 339 2661 omnia,
374 2585 565 2647 innumeris
598 2583 765 2646 conviciis
794 2595 829 2645 et
853 2584 1072 2646 irrisionibus
1096 2581 1351 2669 insectatus“³).
1385 2585 1492 2646 Fran-

208 2692 328 2754 ciscus
353 2691 527 2772 Sikingen
554 2703 589 2753 et
615 2691 781 2752 Hulricus
806 2691 942 2753 Hutten
967 2692 1096 2754 acriter
1119 2692 1327 2754 invehentes
1351 2690 1384 2753 in
1403 2712 1492 2771 eum,

206 2799 328 2881 plebis
352 2798 462 2861 furori
485 2798 599 2880 ipsum
615 2811 653 2860 ut
668 2798 922 2879 iniquissimum
938 2801 1076 2862 hostem
1088 2799 1310 2872 indicabant;
1327 2799 1362 2861 in
1377 2799 1492 2881 ipsum

207 2906 559 2988 plebsconiurabat,
584 2907 794 2986 sanguinem
818 2907 929 2987 ipsius
950 2907 1082 2987 sitiens,
1107 2919 1142 2969 et
1158 2910 1383 2970 conclamans
1398 2908 1493 2988 quod

208 3034 277 3076 nec
301 3013 472 3093 gremium
499 3013 662 3076 Caesaris
688 3022 781 3076 esset
805 3012 856 3075 illi
880 3023 993 3076 tutum
1018 3014 1235 3094 refugium).

302 3120 350 3181 Ut
380 3121 425 3182 de
456 3120 629 3183 Aleandri
661 3120 840 3183 natalibus
872 3119 921 3181 ita
952 3132 987 3182 et
1020 3124 1064 3183 de
1097 3122 1272 3184 natalibus
1301 3121 1492 3184 Clementis

210 3228 335 3306 Papae
361 3226 544 3289 Ecclesiae
568 3228 690 3289 hostes
714 3248 784 3288 non
809 3247 924 3308 pauca
949 3226 1117 3290 indecora
1141 3232 1371 3310 evulgarunt;
1401 3249 1492 3308 quae

208 3346 312 3397 tanto
338 3335 564 3398 credrbiliora
595 3335 718 3397 habita
752 3344 832 3397 sunt
863 3347 995 3415 quanto
1026 3336 1131 3398 etiam
1164 3336 1257 3398 inter
1285 3334 1492 3398 florentinos

209 3442 405 3523 scriptores
436 3464 457 3505 a
489 3442 665 3504 nonnullis
691 3453 852 3521 narrata,
882 3451 954 3503 turn
987 3445 1032 3504 ab
1057 3444 1202 3505 aemulis
1225 3442 1492 3524 potentissimae

209 3552 338 3612 domus
363 3549 548 3612 Mediceae
572 3560 644 3610 turn
671 3570 691 3611 a
711 3549 894 3629 popularis
909 3548 1090 3630 regiminis
1108 3550 1322 3612 amatoribus
1339 3550 1492 3611 libenter

207 3655 488 3737 accipiebantur.
544 3656 713 3736 Vulgaris
744 3656 849 3717 etiam
882 3656 977 3717 fama
1014 3655 1195 3718 referebat
1218 3656 1346 3735 Julium
1373 3655 1490 3718 Cardi-

209 3766 329 3827 nalem
360 3784 430 3824 non
459 3771 577 3824 natum
611 3782 656 3825 ex
688 3763 846 3843 legitimo
871 3762 1110 3842 matrimonio,
1136 3774 1270 3825 tantum
1294 3764 1492 3824 naturalem

208 3892 291 3935 esse
316 3870 445 3949 Juliani
472 3870 620 3931 Medicis
647 3882 681 3931 et
706 3870 888 3932 cuiusdam
912 3871 1077 3933 Floretae
1108 3869 1248 3931 humilis
1280 3870 1493 3931 conditionis

208 3978 388 4042 foeminae
419 3977 542 4049 filium;
575 3979 642 4039 hoc
666 3976 843 4039 florentini
868 3976 978 4054 civeS,
1010 3980 1078 4039 hoc
1107 3977 1200 4038 idem
1225 3977 1298 4038 Leo
1324 3975 1492 4038 Pontifex

207 4084 415 4166 aliquandiu
449 4084 691 4156 crediderunt;
727 4094 773 4162 at,
799 4103 905 4164 quum
938 4104 1032 4146 anno
1070 4105 1149 4161 15¹3
1187 4086 1231 4145 de
1264 4082 1375 4164 ipsius
1408 4082 1492 4160 Julii

209 4191 408 4276 episcopali
438 4190 611 4253 electione
635 4188 824 4253 florentina
852 4199 1029 4271 ageretur,
1061 4190 1095 4251 in
1121 4192 1341 4271 quorundam
1365 4210 1490 4251 merno-

207 4302 299 4363 riam
325 4298 518 4380 legitimum
543 4296 673 4375 Juliani
690 4307 725 4358 et
740 4296 906 4359 Floretae
923 4298 1179 4360 matrimonium
1198 4298 1310 4376 rediit,
1335 4296 1491 4378 factique

207 4418 322 4471 testes
354 4404 485 4486 passim
512 4407 797 4466 numerabantur.
846 4402 972 4465 Ortum
996 4405 1139 4466 dubium
1166 4404 1334 4467 Pontifex
1356 4405 1431 4466 Leo
1455 4404 1490 4465 in

206 4512 458 4578 certitudinem
482 4520 641 4589 vertere,
667 4510 817 4571 veritate
841 4520 1042 4592 perspecta,
1067 4510 1216 4581 curavit:
1243 4510 1371 4573 auditis
1396 4510 1490 4572 testi-

206 4626 293 4699 bus,
327 4617 598 4679 auctoritatibus
627 4601 805 4697 excussis.
847 4618 1065 4698 argumentis
1104 4618 1308 4699 perpensiS,
1345 4620 1489 4679 tandem

206 4732 271 4792 lux
296 4725 394 4788 facta
419 4734 473 4787 est
498 4734 533 4785 et
557 4723 639 4802 Julii
664 4723 832 4787 natalium
857 4724 1118 4806 legitimitatem
1143 4729 1345 4806 probatam,
1376 4725 1489 4786 firma·

206 4854 281 4863 ...m-

283 4888 301 4945 ¹)
323 4888 436 4935 Docum.
457 4896 499 4944 23,
520 4884 566 4933 fol.
588 4886 629 4945 58.
881 4882 903 4948 Ἰ)
923 4888 1035 4934 Docum.
1058 4898 1097 4935 12.
1117 4886 1164 4937 fol,
1184 4898 1226 4945 31.

280 4964 303 5035 ³)
325 4969 439 5019 Docum.
460 4978 501 5028 24.
521 4965 568 5017 fol.
589 4966 631 5014 62.
883 4964 907 5031 ⁴)
926 4968 1039 5018 Docum.
1059 4977 1101 5028 95.
1121 4967 1167 5015 fol.
1189 4978 1249 5031 245.
