3425 5700
665 552 911 605 &3375stss

159 702 222 757 tem
246 697 348 777 (quae
373 696 502 759 nedum
527 694 740 759 christianae
764 696 948 778 religionis
977 695 1084 759 fidem
1115 698 1178 761 sed
1203 699 1305 762 Beati
1330 699 1427 763 Petri

159 804 270 865 sedem
295 814 329 865 et
355 802 601 865 auctoritatem
631 802 753 866 nititur
785 803 925 885 penitus
950 803 1164 891 deprimere)
1196 827 1253 870 me
1283 807 1317 869 in
1352 808 1428 870 dies

160 908 318 991 prosequi
352 921 387 973 et
417 909 629 991 impugnare
661 910 850 993 contingit,
886 920 926 972 ut
956 911 1113 974 debitum
1146 933 1261 976 meum
1294 934 1380 996 erga
1408 935 1427 977 e

161 1015 192 1079 S.
207 1016 249 1079 V.
265 1038 406 1099 semper
422 1019 628 1098 persolvere
649 1019 797 1081 valeam.
844 1017 920 1080 Nec
945 1038 1000 1081 me
1025 1039 1178 1099 unquam
1201 1028 1301 1083 tanta
1324 1020 1427 1085 inter-

161 1124 259 1205 cipiet
282 1123 502 1205 ingratitudo
527 1125 623 1206 quod
647 1145 668 1186 a
693 1124 813 1188 debita
837 1112 1044 1188 obedientia
1068 1138 1103 1188 et
1127 1128 1317 1223 devotione
1341 1148 1428 1210 erga

160 1232 262 1313 ipsam
295 1242 330 1293 et
362 1232 437 1295 eius
467 1233 588 1295 sedem
624 1232 855 1313 apostolicam
881 1233 1083 1314 aliquantes
1106 1234 1289 1300 declinem.
1337 1236 1427 1317 Que-

160 1338 375 1401 madmodum
401 1360 422 1401 a
445 1337 641 1402 venerabili
665 1338 743 1402 viro
768 1340 911 1401 domino
939 1339 1076 1418 Jacobo
1108 1340 1230 1403 Nereti
1257 1341 1428 1405 canonico

161 1444 361 1508 lausannae
397 1447 472 1509 eius
506 1466 651 1508 cursore
687 1447 812 1508 harum
854 1446 1055 1510 exhibitore
1098 1448 1203 1512 latius
1241 1448 1427 1531 intelliget.

161 1552 309 1615 Eandem
334 1552 444 1633 igitur
466 1552 722 1616 beatitudinem
746 1573 778 1617 v.
804 1556 959 1635 supplex
984 1574 1095 1616 exoro
1120 1554 1285 1642 dignetur
1308 1576 1429 1619 sacras

161 1658 227 1721 eius
239 1680 343 1723 aures
356 1680 377 1721 a
389 1660 594 1741 pernitiosis
610 1659 809 1723 huiusmodi
823 1660 1112 1742 suggestionibus
1125 1670 1299 1742 avertere,
1324 1664 1428 1726 devo-

161 1765 390 1847 tissimamque
428 1775 626 1829 creaturam
656 1786 755 1829 suam
791 1767 963 1830 adversus
993 1767 1149 1849 perfidos
1188 1772 1429 1832 oblactrantes

162 1882 300 1955 paterna
324 1872 472 1936 caritate
496 1894 560 1936 sua
583 1873 698 1937 tuheri
724 1884 759 1936 et
782 1893 1003 1955 preservare.
1051 1873 1151 1955 Quae
1182 1896 1238 1938 me
1262 1884 1299 1939 et
1321 1875 1428 1938 facul·

161 1988 244 2043 tates
266 2000 363 2043 meas
385 2000 508 2044 omnes
532 1982 807 2062 qualescumque
824 1981 895 2044 sint
911 1981 957 2043 ad
974 2000 1059 2043 suae
1076 1981 1310 2045 Beatitudinis
1333 1983 1429 2045 iussa

161 2085 207 2173 (ut
227 2107 291 2169 par
316 2088 383 2169 est)
407 2098 553 2169 paratas
576 2107 719 2169 semper
748 2087 917 2151 inveniet.
971 2086 1016 2150 Et
1051 2089 1170 2151 valeat
1197 2088 1275 2172 ipsa
1302 2089 1429 2153 felicis-

162 2194 255 2273 sime,
289 2214 395 2275 quam
425 2204 547 2257 sancto
572 2214 635 2257 suo
659 2194 822 2275 regimini
847 2194 908 2257 diu
931 2213 1078 2276 preesse
1101 2195 1215 2277 cupio
1271 2196 1326 2258 Ex
1358 2196 1428 2278 epi·

163 2301 273 2383 scopio
297 2322 376 2365 meo
401 2300 645 2365 Lausannensi
669 2301 737 2364 hac
761 2300 899 2363 XXIX
924 2299 1155 2382 Septembris.

687 2496 893 2509 mmmm

756 2728 819 2792 169

341 2853 591 2934 lerdinandus
618 2854 722 2935 lach
752 2853 920 2934 lustriae
948 2854 1120 2935 Clementi
1147 2855 1227 2937 tu

561 3001 680 3070 (At-man
699 3001 747 3060 xt
766 3001 841 3076 daps
860 3001 883 3058 t
902 3002 935 3059 rt.
955 3001 1011 3072 et.)

644 3123 678 3186 (1.
697 3123 822 3172 Octobris
844 3119 932 3190 1524.)

243 3265 295 3328 Ex
309 3265 421 3329 literis
436 3263 674 3328 Beatitudinis
691 3264 855 3345 Vestrae,
880 3263 1009 3345 quibus
1033 3264 1079 3324 ad
1103 3283 1201 3326 meas
1224 3266 1429 3345 respondet,

166 3391 241 3452 quas
263 3375 308 3435 ad
333 3393 412 3435 eam
435 3370 567 3433 XXX.
592 3370 675 3450 Julii
699 3369 792 3452 dedi,
816 3370 977 3451 intelligo
1000 3369 1146 3452 probari
1169 3391 1191 3432 a
1214 3391 1253 3434 se
1276 3371 1430 3435 studium

165 3497 277 3561 meum,
303 3479 408 3562 quod.
429 3478 596 3559 impendo
622 3475 752 3542 Sectae
774 3479 999 3541 Lutheranae
1033 3477 1265 3541 cohibendae.
1324 3477 1429 3542 Certe

165 3582 195 3646 id
215 3586 251 3648 fit
272 3609 293 3651 a
316 3607 372 3650 me
398 3607 466 3648 non
491 3585 597 3648 aliam
621 3587 667 3648 ob
691 3604 849 3666 causam,
881 3604 984 3667 quam
1009 3604 1100 3665 quae
1117 3585 1286 3666 optimum
1311 3606 1427 3666 quem-

167 3711 224 3772 que
253 3696 490 3756 orthodoxum
522 3691 723 3774 Principem
753 3713 898 3755 movere
929 3694 1046 3755 debet.
1093 3691 1205 3773 Coepi
1236 3691 1428 3774 negotium,

167 3802 247 3878 quod
278 3800 419 3864 Christo
443 3801 521 3862 Deo
551 3809 587 3862 et
616 3799 769 3862 Domino
801 3799 933 3862 Nostro
970 3800 1110 3863 fautore
1142 3819 1184 3861 ac
1207 3799 1428 3863 fortunatore

167 3906 349 3988 perficiam,
384 3907 543 3989 quamvis
568 3907 658 3969 male
681 3907 838 3969 habeant
869 3904 929 3989 qui
956 3927 1002 3969 ex
1033 3907 1146 3969 classe
1170 3907 1357 3969 lutherana
1379 3906 1429 3969 in·

167 4009 302 4078 lantibus
326 4013 501 4077 morsibus
525 4034 580 4076 me
605 4032 773 4094 meosque
803 4014 963 4076 lacerare
994 4033 1063 4076 non
1097 4013 1272 4076 desinunt.
1324 4011 1430 4092 Quod

168 4123 260 4184 semel
282 4121 402 4200 statui,
426 4119 521 4202 quod
545 4120 671 4184 iterum
694 4119 837 4201 publico
863 4120 981 4182 edicto
1006 4120 1085 4182 cavi
1109 4140 1175 4201 per
1198 4139 1320 4182 omnes
1344 4118 1428 4182 Pro·

169 4227 285 4292 vincias
301 4249 409 4308 meas,
434 4249 478 4291 ne
496 4227 680 4310 quisquam
696 4227 853 4289 Luthero
868 4225 998 4305 faveat,
1023 4225 1284 4307 seditiosaeque
1309 4236 1429 4287 sectae

168 4335 340 4417 adhereat,
378 4355 448 4398 non
488 4335 721 4416 posthabebo.
780 4334 835 4396 De
867 4353 937 4414 quo
970 4332 1232 4396 Beatitudinem
1263 4331 1430 4394 Vestram

168 4459 309 4506 securam
333 4441 438 4505 facin.
485 4443 599 4504 Multa
622 4441 784 4523 profecto
810 4449 929 4520 erant,
961 4440 1030 4502 nisi
1052 4439 1183 4520 privati
1207 4438 1274 4500 mei
1299 4438 1430 4501 oblitus

169 4551 325 4614 commodi
360 4549 549 4631 famaeque
584 4570 684 4613 meae
721 4546 963 4628 Evangelicae
998 4544 1214 4629 Synceritati
1254 4554 1290 4608 et
1330 4544 1431 4607 istius

170 4651 306 4721 Sanctae
330 4655 436 4721 Sedis
459 4655 635 4739 Dignitati
663 4675 728 4737 pro
759 4655 846 4717 meis
882 4651 1015 4716 viribus
1046 4653 1246 4715 maluissem
1276 4651 1319 4714 iri
1350 4671 1430 4714 con·

170 4764 291 4847 saltum,
315 4783 409 4846 quae
433 4783 489 4826 me
513 4765 558 4826 ab
582 4764 651 4825 hoc
675 4782 784 4845 opere
810 4782 880 4823 non
904 4761 980 4823 sine
1005 4761 1190 4841 exemplo,
1222 4761 1431 4822 abstrahere

170 4877 333 4954 poterant,
369 4889 518 4956 quorum
542 4889 620 4935 cum
644 4869 814 4934 nonnulla
837 4867 923 4931 talia
946 4867 1016 4930 sint
1045 4876 1084 4931 ut
1109 4887 1179 4931 non
1208 4865 1298 4929 citra
1321 4864 1430 4951 suspi-
