3425 5700
843 576 1089 636 “timii-0

327 723 537 790 executione
560 725 606 790 de
632 727 738 808 quelli
755 726 1025 790 venenosissimi
1049 737 1085 788 et
1104 720 1382 808 pestilentissimi
1405 720 1498 787 libri.
1536 719 1592 784 Dio

326 833 453 913 guardi
483 834 507 897 li
539 835 639 918 corpi
663 835 773 899 nostri
807 837 853 898 da
876 855 981 898 mano
1006 835 1051 896 de
1073 832 1205 913 inimici
1238 833 1304 894 che
1327 851 1367 893 se
1390 829 1593 893 sforzaremo

326 961 396 1002 non
421 941 477 1003 far
500 944 590 1005 male
615 944 733 1024 quello
770 943 835 1004 che
860 954 969 1022 resta,
1006 940 1066 1022 poi
1090 942 1157 1003 che
1181 959 1247 1002 con
1271 939 1393 1001 adiuto
1422 939 1468 1000 de
1492 936 1592 998 Diod

326 1046 416 1109 fatto
447 1047 476 1111 si
500 1051 592 1111 bene
617 1050 736 1130 quello
768 1051 834 1112 che
858 1050 975 1111 havea
1001 1048 1037 1110 in
1062 1068 1100 1110 se
1124 1066 1259 1108 summa
1283 1043 1465 1107 difficulta.
1512 1041 1592 1105 Scri·

326 1154 412 1216 vero
437 1156 495 1218 del
520 1166 614 1219 resto
640 1157 685 1218 de
702 1177 796 1219 novo
821 1176 887 1239 per
904 1156 928 1218 il
950 1155 1064 1237 primo
1088 1173 1190 1235 oper
1206 1161 1341 1234 quest0,
1366 1171 1405 1214 se
1420 1152 1455 1213 el
1472 1149 1594 1212 corrier

325 1282 395 1324 non
419 1273 521 1343 parte
546 1271 672 1344 questa
696 1272 805 1325 notte.
853 1261 894 1325 Li
910 1261 1063 1344 principi
1086 1262 1250 1323 haveano
1274 1257 1473 1322 deliberato
1492 1255 1595 1339 partit

324 1367 460 1431 Luncdl
493 1369 673 1452 proximo,
709 1381 825 1432 tamen
852 1368 983 1432 Caesar
1016 1369 1041 1431 li
1064 1369 1112 1430 ha
1140 1366 1282 1449 pregati
1305 1364 1439 1429 restino
1471 1382 1594 1426 ancora

325 1486 465 1556 quattro
490 1477 607 1558 giorni
631 1497 696 1558 per
722 1497 915 1558 componer
944 1478 1071 1538 alcune
1094 1482 1230 1537 cosette
1254 1474 1320 1535 che
1343 1481 1487 1535 restano
1510 1469 1595 1532 intra

324 1584 410 1647 loro.
458 1583 664 1664 L’Imperio
695 1585 824 1646 manda
847 1583 869 1645 l'
881 1582 1014 1645 official
1045 1584 1089 1645 de
1118 1579 1257 1644 Treviri
1288 1579 1435 1642 insieme
1467 1579 1512 1640 ad
1530 1575 1594 1638 -doi

324 1689 501 1752 consilieri
537 1691 570 1752 al
598 1691 657 1752 Re
693 1690 984 1754 christianissimo
1020 1711 1041 1751 a
1075 1698 1224 1751 trattare
1259 1696 1296 1750 et
1330 1685 1535 1750 confortare
1565 1686 1595 1745 la

322 1816 412 1877 pace
450 1807 505 1858 tra
536 1797 651 1878 questi
690 1797 749 1859 doi
780 1795 1017 1879 potentissimi
1049 1795 1214 1878 principi
1232 1793 1341 1857 Cesar
1379 1802 1415 1856 et
1448 1791 1509 1854 lui.
1552 1789 1594 1852 Se

315 1905 447 1984 'questo
486 1924 555 1965 non
597 1925 635 1967 se
671 1903 764 1985 fara,
806 1904 828 1966 l’
842 1903 997 1985 Imperio
1038 1906 1086 1966 ha
1123 1901 1358 1965 determinato
1396 1920 1468 1962 non
1504 1900 1595 1960 voler

320 2011 433 2072 lassat
464 2009 541 2072 fare
574 2011 783 2093 despiacere
815 2013 849 2073 al
874 2031 937 2073 suo
962 2011 1194 2093 imperatore,
1231 2029 1301 2071 non
1333 2008 1447 2070 solum
1479 2014 1596 2067 contra

321 2117 426 2179 alium
452 2136 652 2198 quenquam
677 2138 733 2180 ma
757 2137 889 2180 ancora
913 2128 1037 2180 contro
1062 2116 1086 2178 li
1102 2114 1248 2180 Svizari.
1295 2115 1334 2176 Io
1358 2113 1420 2195 piu
1436 2115 1535 2176 volte
1553 2115 1594 2173 ho

321 2223 441 2286 scritto
458 2223 588 2286 Cesare
613 2243 710 2286 esser
725 2224 868 2305 miglior
883 2226 989 2287 homo
1014 2226 1079 2286 che
1104 2223 1187 2285 viva
1210 2219 1379 2308 (excepto
1397 2218 1595 2294 Pontifice);

320 2332 446 2393 adesso
481 2330 671 2392 habbiamo
704 2332 935 2394 connosciuto
970 2341 1006 2392 et
1028 2331 1175 2412 palpato
1207 2349 1273 2410 per
1297 2327 1396 2391 molti
1427 2325 1530 2410 segni
1561 2325 1595 2404 (li

319 2437 415 2518 quali
445 2457 551 2518 spero
583 2439 733 2500 narrarli
765 2440 900 2520 coram)
937 2439 1002 2500 che
1038 2458 1077 2500 se
1103 2437 1215 2500 nond
1248 2438 1281 2498 el
1316 2435 1375 2516 piu
1400 2435 1520 2513 savio,
1554 2434 1597 2494 ha

318 2544 446 2625 pocchi
470 2544 528 2625 piu
555 2545 722 2627 prudenti
746 2555 782 2608 et
805 2547 937 2608 accorti
963 2547 1028 2608 che
1053 2545 1102 2607 lui
1126 2545 1160 2606 in
1186 2553 1313 2625 questa
1333 2540 1425 2605 cossi
1440 2539 1596 2623 giovanil

318 2650 386 2729 eti,
411 2653 477 2713 che
494 2651 562 2714 Dio
588 2655 621 2715 el
645 2652 852 2733 mantenghi
877 2674 898 2715 a
922 2655 955 2714 la
979 2651 1180 2733 prosperita
1205 2652 1250 2713 de
1274 2649 1309 2714 la
1326 2649 1504 2712 catholica
1518 2647 1597 2710 fede

317 2757 464 2822 insieme
497 2777 563 2820 con
589 2761 623 2821 el
647 2756 712 2822 S¹¹¹⁰
746 2771 781 2823 et
806 2760 849 2823 V.
875 2758 911 2825 S.
936 2760 1059 2822 Revm·
1091 2779 1239 2840 quorum
1268 2760 1380 2839 pedes
1414 2766 1451 2818 et
1474 2774 1597 2818 manus

317 2867 514 2929 deosculor.
561 2866 783 2931 Wormatiae
808 2866 924 2930 XXV
948 2867 1035 2929 Maii
1059 2866 1242 2929 MDXXI.

853 3064 904 3075 υννκ
915 3064 948 3075 ι’,ν
968 3067 984 3074 ,a
1003 3064 1057 3074 «uu»

928 3312 981 3375 97.

648 3436 856 3516 Aloander
889 3434 1260 3516 Viceonnoellnrio.

711 3574 883 3645 (ltuutiat
903 3574 1057 3633 German
1075 3574 1107 3632 Ιι.
1125 3574 1204 3646 158.)

829 3682 883 3755 (26.
903 3687 968 3735 Maii
990 3685 1079 3753 1521.)

403 3822 442 3883 Io
475 3823 580 3884 volea
611 3820 711 3902 quasi
736 3819 927 3882 cominciar
952 3842 972 3882 a
997 3831 1120 3883 cantar
1145 3820 1169 3883 li
1194 3820 1288 3884 versi
1312 3820 1348 3883 di
1374 3818 1509 3883 Ovidio
1535 3821 1601 3881 che

313 3929 463 4011 imparai
490 3931 536 3991 da
559 3938 670 4009 putto.
718 3927 834 3990 Dicite
859 3927 893 3990 io
911 3941 1032 4008 ‘paean
1067 3938 1103 3991 et
1126 3929 1159 3991 io
1184 3928 1516 4009 bisdicitepoean;
1543 3928 1600 3989 de-

314 4037 400 4099 cidit
432 4036 466 4098 in
502 4056 620 4099 casses
650 4036 787 4116 praeda
817 4034 931 4117 petita
963 4056 1079 4108 meos;
1112 4057 1169 4098 ma
1203 4036 1509 4115 recordandomi,
1535 4037 1602 4098 che

313 4144 335 4206 1’
361 4163 471 4223 opera
503 4144 568 4205 che
594 4142 623 4205 si
651 4151 760 4205 tratta
790 4142 810 4203 e
833 4140 1003 4222 religiosa
1039 4152 1074 4204 et
1098 4143 1158 4223 pia
1181 4145 1343 4224 besogna
1372 4162 1535 4207 evacuat
1560 4164 1602 4206 ea

313 4270 405 4330 quae
429 4259 510 4312 sunt
533 4250 683 4331 parvuli,
709 4258 744 4310 et
768 4249 822 4312 dir
846 4269 925 4311 cum
948 4251 983 4311 la
1008 4248 1177 4311 celebriti
1192 4249 1228 4311 di
1242 4249 1369 4330 hoggi:
1394 4249 1602 4313 Benedicta

313 4356 359 4419 sit
383 4365 504 4419 sancta
530 4355 694 4431 Trinitas
719 4368 826 4435 atque
850 4355 1144 4435 indivisaunitaS,
1170 4355 1416 4419 confitebimur
1441 4356 1489 4436 ei,
1516 4360 1604 4440 quia

312 4462 398 4525 fecit
422 4462 606 4525 nobiscum
631 4461 908 4525 misericordiam
933 4482 1040 4524 suam.
1088 4461 1176 4525 Heri
1192 4481 1239 4542 po
1255 4462 1373 4545 megio
1388 4464 1424 4526 di
1440 4464 1492 4527 ad
1510 4466 1603 4528 hore

314 4580 367 4631 tre
393 4590 454 4632 era
478 4569 562 4630 dato
589 4569 734 4647 ordene,
759 4572 823 4631 che
849 4590 886 4630 se
902 4570 1134 4633 concludesse
1151 4571 1185 4632 la
1201 4570 1307 4649 dieta,
1330 4571 1443 4652 perhd
1461 4592 1488 4634 a
1503 4576 1604 4637 bona

312 4679 402 4739 hora
437 4678 470 4738 el
494 4673 626 4756 Signor
651 4675 926 4737 Prothonotario
962 4684 998 4737 et
1033 4675 1067 4738 io
1092 4696 1136 4739 ne
1160 4686 1360 4741 attrovamo
1384 4699 1406 4740 a
1429 4678 1604 4761 PalazzO,

313 4792 349 4845 et
371 4782 558 4845 facessimo
583 4781 749 4845 instantia
773 4802 851 4844 cum
876 4780 1003 4862 Cesar,
1034 4784 1100 4845 che
1131 4784 1289 4847 horamai
1321 4795 1494 4850 mettesse
1529 4788 1603 4852 fine

313 4890 383 4951 alla
407 4909 490 4952 cosa
513 4900 649 4969 nostra,
679 4889 810 4970 perche
844 4888 966 4970 partiti
998 4891 1043 4955 de
1067 4893 1102 4954 la
1127 4892 1223 4955 dieta
1247 4896 1400 4956 sarebbe
1424 4896 1460 4957 la
1488 4916 1603 4981 expe·
