3425 5700
846 543 1092 642 &mom

329 688 388 759 via
420 698 671 760 demonstrano
694 700 783 777 ben,
820 701 886 761 che
915 700 1033 780 quello
1057 697 1192 777 animo,
1228 698 1295 760 che
1325 717 1468 781 sempre
1491 698 1599 761 hauno

330 807 437 868 hauto
462 806 506 867 de
530 804 701 867 liberarse
726 805 785 866 dal
808 804 892 885 iugo
916 806 962 867 de
985 804 1072 886 ogni
1095 803 1310 885 obedientia,
1338 814 1375 868 et
1397 805 1602 888 superioritl

330 913 363 974 d'
376 912 467 993 altri,
492 916 610 995 (quum
634 910 679 973 sit
703 913 768 973 che
792 932 933 993 sempre
957 910 981 974 li
1001 910 1213 993 Imperatori
1236 911 1297 993 gia
1320 912 1420 975 molti
1443 911 1528 975 anui
1549 915 1600 974 ha·
1683 889 1685 897 λ

330 1020 426 1083 biino
455 1028 602 1101 possuto
634 1037 748 1099 pocco
772 1018 944 1100 disponer
976 1020 1022 1081 de
1046 1019 1178 1099 quelle)
1210 1020 1320 1081 hauta
1353 1030 1480 1101 questa
1509 1040 1600 1083 occa·

329 1128 428 1190 sione
452 1127 497 1189 de
521 1127 556 1188 la
581 1124 742 1187 doctrina
767 1126 962 1204 lutherana,
988 1126 1053 1188 che
1077 1125 1274 1207 destrugge
1293 1127 1378 1208 ogni
1394 1127 1601 1204 obedientia,

328 1234 448 1296 hanno
472 1231 779 1295 manifestamente
810 1242 976 1314 scoperto
1008 1234 1044 1294 la
1067 1232 1252 1313 malignita
1275 1233 1320 1295 de
1345 1234 1366 1297 l’
1381 1235 1498 1298 anima
1521 1236 1601 1314 lor0,

330 1342 395 1404 che
419 1360 484 1422 per
508 1340 628 1403 avanti
652 1348 754 1401 stava
778 1341 932 1402 occulta:
968 1340 1012 1402 de
1037 1341 1142 1403 modo
1166 1341 1232 1402 che
1256 1360 1328 1403 non
1352 1343 1548 1404 solamente
1569 1340 1600 1402 in

328 1450 362 1511 le
387 1446 635 1510 deliberationi
666 1446 769 1508 dele
794 1446 923 1509 Diaete
947 1454 1069 1509 tenute
1093 1466 1114 1508 a
1139 1446 1378 1529 Norimberga
1405 1468 1493 1510 sono
1518 1456 1601 1509 state

329 1553 505 1618 contrarie
536 1573 557 1614 a
580 1553 616 1615 la
639 1550 805 1633 ragione,
842 1573 899 1615 ma
924 1572 1031 1615 ancor
1055 1551 1164 1615 fanno
1188 1553 1282 1617 assai
1309 1555 1445 1637 peggio
1469 1554 1504 1617 in
1528 1554 1601 1617 fatti

328 1661 459 1744 perche
494 1669 586 1723 sotto
611 1679 715 1723 nome
747 1660 791 1721 de
815 1659 871 1721 far
894 1661 1061 1741 predicar
1083 1658 1336 1741 l'Evangeli0,
1372 1682 1444 1725 non
1467 1663 1600 1724 lassano

328 1768 495 1852 predicar
527 1787 565 1830 se
590 1786 660 1829 non
684 1766 882 1846 lutherani,
918 1780 953 1828 et
986 1765 1237 1849 prohibiscono
1271 1788 1293 1831 a
1315 1768 1381 1831 tuti
1405 1768 1513 1850 quelli
1539 1769 1600 1831 che

328 1875 523 1959 predicano
548 1875 767 1936 altramente.

417 1982 541 2045 Fanno
566 1980 651 2063 ogni
675 1980 783 2059 male,
819 1979 971 2062 aquelli
995 1978 1152 2061 religiosi
1185 1982 1252 2044 che
1275 1981 1463 2063 seguitano
1486 1983 1603 2046 l’anti-

329 2110 399 2171 quo
423 2088 491 2151 rito
525 2089 619 2150 della
643 2086 783 2149 Chiesia
809 2086 1002 2165 catholica,
1038 2096 1075 2149 et
1096 2085 1230 2167 piliano
1253 2087 1280 2151 li
1303 2088 1379 2151 loro
1409 2089 1503 2153 lochi
1525 2110 1601 2152 con·

327 2194 527 2260 vertendoli
559 2194 594 2257 in
624 2193 676 2255 usi
701 2192 852 2276 profani.
901 2192 1146 2273 Permetteno,
1183 2192 1262 2256 anci
1293 2192 1471 2259 inducono
1495 2196 1602 2259 Pretti

330 2314 365 2366 et
380 2299 548 2365 Monachi
572 2300 677 2382 piliar
691 2300 795 2362 molie
813 2300 996 2378 monache,
1020 2320 1130 2363 oveto
1146 2301 1263 2381 quelle
1287 2303 1353 2363 che
1368 2301 1482 2383 prima
1499 2323 1602 2366 erano

327 2412 404 2473 loro
429 2407 626 2472 concubine
651 2415 687 2469 et
709 2405 898 2469 meretrici,

417 2514 457 2577 In
479 2512 596 2576 alcuni
612 2512 706 2575 lochi
728 2513 973 2593 destruggono
992 2514 1026 2575 le
1040 2510 1187 2594 imagini
1204 2513 1249 2576 de
1265 2510 1400 2595 Sancti,
1425 2512 1470 2579 de
1486 2526 1603 2580 nostra

330 2624 434 2685 Dona
465 2632 500 2683 et
524 2620 582 2682 del
608 2617 783 2681 Salvator.
830 2618 911 2680 Non
935 2622 1065 2682 voleno
1099 2621 1166 2682 che
1190 2618 1220 2681 si
1241 2619 1360 2683 facino
1384 2622 1534 2687 orationi
1542 2672 1551 2704 ‚
1582 2646 1604 2687 a

328 2738 451 2791 nostra
474 2726 598 2807 Dona,
633 2725 677 2788 ne
702 2747 722 2787 a
747 2725 880 2808 sancti,
913 2734 949 2789 et
971 2725 1007 2789 in
1032 2727 1158 2790 alcune
1182 2724 1323 2789 Chiesie
1345 2729 1465 2792 hanno
1489 2733 1603 2795 levato

327 2836 349 2899 l’
366 2835 446 2898 Ave
469 2833 601 2915 Maria,
638 2840 674 2896 et
706 2830 741 2896 in
764 2833 843 2896 loco
877 2832 923 2896 de
947 2830 1056 2897 Salve
1079 2832 1243 2916 Regina,
1278 2834 1409 2899 voleno
1441 2838 1471 2900 si
1502 2838 1604 2903 dichi.

328 2945 437 3007 Salve
453 2944 539 3007 Rex
557 2951 623 3007 etc.
670 2940 751 3004 Non
772 2958 924 3002 servano
948 2938 973 3002 li
996 2937 1128 3020 ieiunii,
1152 2939 1198 3002 ne
1220 2948 1296 3004 tute
1318 2944 1353 3004 le
1369 2941 1462 3007 feste
1478 2945 1604 3027 debite,

328 3053 371 3114 ne
396 3051 420 3113 li
445 3048 480 3112 dl
503 3047 674 3131 prohibiti
705 3049 752 3110 da
775 3066 892 3109 carne.
938 3045 1019 3109 Non
1044 3065 1176 3109 curano
1209 3046 1233 3111 li
1258 3045 1480 3114 Sacramenti
1505 3053 1606 3117 dela

328 3156 470 3221 Chiesie
494 3155 748 3237 specialmente
772 3155 806 3216 la
821 3151 1064 3216 Confessione.
1102 3152 1148 3214 Et
1171 3173 1216 3215 ne
1231 3155 1267 3216 la
1281 3153 1505 3221 Eucharistia
1518 3180 1606 3222 sono

328 3264 377 3326 dil
401 3273 476 3326 tuto
501 3261 656 3324 discordi
679 3263 726 3323 da
749 3261 784 3322 la
808 3257 937 3322 diretta
960 3258 1029 3323 via.
1074 3258 1127 3321 Ne
1151 3261 1281 3322 voleno
1305 3262 1372 3324 che
1392 3262 1547 3343 giovano
1570 3268 1606 3329 le

327 3369 497 3451 orationi,
532 3377 569 3432 et
591 3367 845 3449 Eleemosyne,
882 3387 902 3428 a
933 3365 958 3429 li
982 3363 1151 3428 defuncti.
1196 3364 1251 3428 Ne
1274 3386 1407 3431 cruano
1436 3370 1461 3433 li
1485 3371 1608 3436 Divini

328 3477 461 3558 Officii,
486 3477 529 3539 ne
555 3473 752 3538 ornamenti
777 3473 823 3535 de
845 3474 881 3535 la
906 3470 1055 3535 Chiesia.
1103 3471 1148 3533 Et
1171 3492 1210 3535 se
1233 3474 1362 3537 alcuna
1384 3477 1500 3560 volta,
1523 3499 1544 3542 o
1569 3481 1608 3542 in

330 3587 457 3648 alcuno
481 3586 560 3647 loco
585 3581 609 3644 li
625 3580 813 3663 tegimenti
837 3578 946 3642 fanno
964 3579 1114 3660 qualche
1129 3579 1431 3646 demonstratione
1447 3585 1492 3648 de
1506 3589 1611 3650 voler

328 3692 384 3756 far
408 3694 580 3754 observat
603 3689 624 3752 l’
638 3689 783 3771 antiquo
808 3688 876 3751 rito
902 3686 1168 3767 EcclesiasticO,
1204 3697 1281 3750 tuta
1302 3692 1401 3753 volta
1429 3713 1500 3756 non
1523 3695 1541 3758 ὲ
1567 3715 1610 3759 se

327 3819 399 3862 non
432 3797 593 3878 fictione,
629 3797 760 3879 perche
791 3795 827 3857 in
852 3795 877 3857 li
902 3793 1014 3856 effetti
1047 3813 1118 3856 non
1142 3794 1284 3857 lassano
1307 3798 1496 3878 praedicar
1523 3802 1612 3865 altri

328 3907 394 3969 che
427 3905 451 3968 li
474 3905 668 3985 lutherani,
704 3902 728 3965 li
760 3901 856 3984 quali
880 3919 968 3963 sono
998 3901 1055 3962 del
1085 3908 1162 3962 tuto
1197 3903 1364 3964 contrarii
1400 3925 1422 3967 a
1444 3905 1466 3968 l'
1479 3908 1613 3972 ordine

328 4015 449 4094 Sacr0,
473 4011 606 4076 inimici
630 4012 674 4074 de
699 4009 784 4092 ogni
808 4011 890 4090 lege
914 4007 1006 4070 cossi
1030 4006 1212 4088 canonica,
1238 4027 1339 4072 como
1363 4010 1477 4076 civile.

416 4105 549 4185 Contra
579 4116 693 4201 questi
717 4114 908 4180 desordeni
932 4115 1032 4198 Papa
1056 4113 1218 4179 Adriano
1241 4118 1371 4179 mando
1395 4138 1442 4181 un
1466 4119 1615 4186 Nuncio

325 4227 554 4310 ApostolicO,
578 4246 600 4288 a
623 4227 658 4288 la
682 4224 811 4287 Diaeta
834 4223 881 4284 de
904 4220 1166 4303 Noremberga,
1199 4223 1231 4284 el
1256 4225 1337 4303 qual
1362 4244 1434 4289 non
1458 4229 1616 4309 reporto

325 4336 415 4398 altro
447 4335 512 4396 che
536 4344 700 4413 resposta
732 4329 910 4412 captiosa;
946 4328 1078 4410 perche
1101 4327 1137 4390 in
1162 4330 1241 4394 loco
1270 4331 1315 4392 de
1347 4331 1412 4394 dar
1435 4337 1617 4416 remedi0‚

324 4463 346 4504 a
377 4441 467 4504 tanti
501 4439 630 4520 errori,
666 4439 821 4502 secundo
855 4437 921 4498 che
947 4435 1203 4498 commandano
1236 4445 1312 4500 tute
1344 4438 1427 4520 lege
1459 4442 1618 4524 antique

324 4547 494 4612 canonice
530 4555 566 4609 et
590 4545 701 4625 civili,
737 4556 773 4608 et
807 4546 842 4607 lo
868 4542 985 4605 edicto
1017 4543 1062 4605 de
1085 4544 1120 4606 la
1144 4541 1321 4606 Caesarea
1344 4543 1482 4610 Maesta
1510 4547 1618 4615 fatto

322 4655 357 4718 in
394 4657 430 4716 la
453 4654 583 4717 Diaeta
617 4655 661 4716 de
685 4650 887 4715 Wormatia
919 4650 964 4712 de
989 4669 1163 4713 consenso
1196 4651 1242 4713 de
1274 4659 1351 4713 tuto
1383 4653 1419 4716 lo
1443 4653 1619 4740 imperio,

323 4782 430 4825 senza
461 4763 564 4824 alcun
588 4766 746 4840 respetto
780 4759 824 4820 de
849 4755 923 4819 Sua
945 4754 1085 4819 Maesta
1114 4756 1234 4819 fecero
1259 4777 1352 4820 nove
1374 4761 1621 4846 conclusioni,

323 4877 358 4931 et
381 4867 633 4950 respondendo
658 4867 703 4929 de
726 4866 827 4928 voler
851 4865 916 4927 dar
939 4863 1116 4945 remedio,
1152 4872 1189 4926 et
1212 4863 1267 4926 far
1295 4864 1462 4946 predicar
1483 4871 1522 4932 la
1549 4890 1622 4955 pa·
