3425 5700
830 544 1076 607 odatrew

314 694 391 758 loro
416 691 437 756 l'
451 692 520 757 han
545 693 681 757 chiesto
705 694 738 756 al
759 692 950 759 Cardinale
965 695 1187 780 Campeggio
1201 695 1340 781 Legato
1364 694 1400 761 di
1416 696 1490 761 Sua
1506 693 1588 761 San·

313 801 392 882 titt,
427 821 493 883 per
514 811 666 863 ventura
700 801 794 864 saria
816 793 949 884 meglio
985 803 1030 866 de
1053 804 1223 887 prevenit
1245 807 1281 868 la
1304 807 1403 868 detta
1426 806 1534 868 Dieta
1555 805 1589 866 di

314 906 419 990 Spira
451 918 487 970 et
516 907 572 971 far
595 908 615 970 l’
631 908 850 972 intimatione
882 918 918 971 et
949 909 1193 991 publicatione
1224 912 1283 973 del
1307 912 1407 974 detto
1432 910 1588 975 Concilio

313 1015 512 1078 universale
536 1035 601 1097 per
625 1017 659 1078 la
683 1025 797 1078 estate
821 1016 985 1098 proxima
1016 1026 1051 1080 et
1073 1018 1134 1100 piu
1158 1027 1281 1101 presto
1306 1019 1371 1081 che
1395 1018 1426 1082 si
1448 1028 1590 1101 potesse

312 1124 405 1196 lare;
431 1132 467 1185 et
490 1123 550 1204 poi
567 1123 791 1186 demandono
816 1122 845 1185 si
868 1121 983 1186 faccia
1006 1124 1101 1188 nella
1115 1123 1260 1207 Magna,
1284 1125 1403 1207 potria
1414 1123 1488 1187 Sua
1505 1123 1588 1188 San·

312 1229 377 1293 tita
410 1231 580 1311 eleggere
612 1249 678 1310 per
701 1238 827 1311 questo
851 1232 887 1313 la
911 1230 995 1292 citta
1028 1230 1065 1293 di
1088 1231 1238 1321 Trent0,
1275 1235 1341 1295 che
1373 1253 1439 1316 per
1470 1232 1590 1295 lorod

311 1346 433 1399 tenuta
466 1338 560 1399 della
583 1336 718 1419 Magna
749 1356 882 1399 ancora
906 1337 972 1400 che
1005 1336 1058 1400 sia
1089 1337 1124 1400 in
1148 1324 1269 1420 Italia,
1305 1348 1340 1402 et
1370 1337 1491 1402 avanti
1527 1340 1590 1401 che

311 1443 452 1506 venisse
492 1442 513 1505 'l
550 1451 672 1524 tempo
710 1443 805 1506 della
839 1444 1095 1507 convocatione
1137 1444 1167 1507 si
1203 1429 1322 1527 potria
1366 1466 1433 1509 con
1471 1445 1592 1527 giusta

312 1570 419 1612 causa
449 1550 599 1611 mutarlo
630 1548 667 1611 in
702 1551 793 1613 altro
829 1552 939 1633 luogo
969 1550 1029 1632 piu
1065 1573 1086 1614 a
1117 1552 1304 1633 proposito
1337 1573 1359 1615 o
1391 1552 1427 1615 in
1459 1552 1591 1632 Roma,

312 1656 392 1719 oin
416 1657 506 1718 altre
530 1653 614 1718 cittlt
645 1650 811 1736 d’Itali'a,
848 1667 884 1721 et
908 1678 1040 1722 ancora
1073 1660 1139 1723 che
1163 1660 1186 1723 'l
1209 1660 1359 1723 termine
1391 1661 1487 1723 della
1512 1679 1592 1723 con·

310 1761 499 1827 vocatione
539 1762 627 1825 fussi
670 1783 735 1845 per
769 1764 971 1845 primavera
1002 1786 1067 1849 per
1106 1766 1258 1849 impedit
1293 1766 1352 1849 piu
1387 1765 1592 1830 facilmente

310 1873 344 1933 la
368 1870 475 1933 Dieta
499 1869 535 1933 di
559 1868 683 1952 Spira,
719 1870 748 1941 si
771 1871 891 1953 potria
914 1872 950 1933 di
973 1872 1034 1954 poi
1068 1895 1088 1936 a
1111 1883 1233 1937 nostra
1256 1873 1488 1956 requisitione
1514 1895 1593 1957 pro·

310 1979 471 2067 rogarlo.⁴
511 1976 635 2039 Direte
668 1997 690 2039 a
723 1974 796 2039 Sua
829 1976 970 2042 Santita
1003 1982 1069 2043 che
1102 1980 1280 2043 consideri
1312 1983 1421 2043 molto
1453 1984 1528 2045 ben
1560 1984 1595 2044 el

310 2094 401 2147 tutto
426 2093 462 2147 et
486 2084 517 2147 ci
541 2083 653 2147 avvisi
677 2084 701 2148 il
726 2104 789 2147 suo
813 2104 961 2167 parere,
997 2088 1063 2151 che
1087 2108 1159 2151 non
1182 2089 1377 2151 lasceremo
1410 2087 1446 2152 di
1470 2090 1596 2171 seguir

310 2212 373 2255 suo
409 2194 504 2255 buon
540 2191 714 2274 consiglio
749 2212 849 2255 corne
885 2192 922 2255 di
956 2203 1078 2257 nostro
1113 2214 1200 2258 vero
1233 2195 1361 2276 padre,
1404 2204 1440 2257 et
1474 2215 1593 2258 corre·

310 2298 490 2381 sponderli
524 2319 623 2363 come
663 2301 757 2363 buon
794 2297 929 2380 figliolo
963 2309 1000 2363 et
1036 2310 1218 2384 protector
1251 2300 1287 2364 di
1326 2303 1444 2384 quella
1479 2301 1595 2365 Santa

310 2403 415 2470 Sede.
440 2415 506 2469 etc.

911 2925 985 2994 159.

771 3041 919 3124 carolus
945 3042 1126 3125 clementi

728 3189 827 3266 (aput.
852 3189 1011 3265 15ὼοὶμὶ
1039 3190 1085 3249 iol.
1103 3189 1172 3264 210.)

821 3307 876 3379 (18.
896 3311 962 3361 Maii
984 3310 1071 3377 1524.)

469 3443 679 3510 Beatissimo
703 3445 812 3508 Pater
835 3443 987 3508 Domine
1011 3442 1337 3509 Reverendissime.

399 3589 569 3652 Libenter
592 3607 714 3650 eorum
748 3586 942 3650 commodis
972 3586 1207 3666 consulimus,
1239 3605 1388 3668 quorum
1418 3587 1510 3652 fides
1542 3591 1598 3654 in-

310 3695 445 3759 dustria
474 3705 509 3758 et
532 3693 694 3758 assiduus
729 3696 831 3757 labor
864 3715 906 3757 ac
939 3692 1126 3774 diligentia
1160 3713 1230 3756 non
1266 3695 1379 3756 solum
1414 3694 1521 3758 nobis
1560 3707 1600 3761 et

309 3802 502 3866 maioribus
525 3801 673 3882 nostris,
697 3803 759 3864 sed
794 3800 901 3864 etiam
924 3798 1078 3863 Sanctae
1101 3800 1160 3863 isti
1185 3797 1272 3863 Sedi
1298 3809 1335 3864 et
1364 3803 1601 3868 orthodoxae

309 3907 392 3972 fidei
416 3909 494 3972 usui
518 3918 554 3971 et
578 3918 785 3972 ornamento
809 3907 887 3972 fuit.
926 3907 1013 3970 Cum
1034 3907 1154 3988 itaque
1168 3907 1389 3972 honorabilis
1404 3909 1601 3992 utriusque

307 4015 394 4098 juris
424 4016 562 4079 Doctor
594 4015 782 4078 Balthasar
822 4013 1028 4098 propositus
1063 4014 1099 4077 in
1128 4013 1333 4077 Waltkirch
1366 4014 1602 4081 consiliarius

310 4131 433 4186 noster
457 4123 608 4186 devotus
633 4121 783 4184 dilectus
806 4121 841 4183 in
867 4121 1007 4203 magnis
1028 4130 1063 4184 et
1079 4120 1200 4183 arduis
1223 4122 1331 4184 rebus
1354 4122 1603 4188 Divo'Cesari

310 4229 553 4293 Maximiliano
577 4229 731 4292 Domino
756 4238 791 4291 et
815 4249 883 4292 avo
900 4237 1023 4292 nostro
1039 4227 1285 4292 colendissimo
1306 4229 1604 4310 preclarissimae

309 4336 501 4401 memoriae
525 4336 795 4418 diligentissime
819 4334 1019 4415 serviverit‚
1045 4344 1081 4398 et
1094 4333 1319 4416 Imperialem
1331 4334 1603 4401 Cancellariam

310 4464 547 4507 summanum
578 4444 684 4506 laude
709 4452 744 4506 et
767 4443 973 4526 integritate
997 4442 1116 4505 multis
1144 4441 1248 4504 annis
1278 4441 1605 4523 administraverit,

310 4571 376 4614 nec
401 4571 470 4614 non
496 4549 665 4613 defuncta
690 4550 766 4613 eius
784 4551 973 4613 Maiestate
997 4551 1043 4612 ad
1067 4549 1240 4630 obsequia
1262 4556 1385 4614 nostra
1408 4560 1607 4634 evocem,

311 4657 414 4721 nobis
438 4677 517 4720 cum
541 4657 659 4720 multis
683 4656 718 4719 in
740 4660 866 4739 rebus,
891 4667 964 4719 tum
986 4655 1181 4739 praecipue
1204 4655 1239 4718 in
1265 4665 1443 4720 conventu
1466 4669 1605 4724 nostro

309 4764 488 4847 Imperiali
512 4763 766 4828 Wormatiensi
801 4763 1018 4846 singularem
1052 4782 1197 4844 operam
1228 4771 1264 4825 et
1286 4762 1393 4826 fidem
1415 4763 1606 4831 illibatam

310 4871 512 4946 navaverit;
551 4870 692 4953 quippe
725 4870 858 4933 ibidem
891 4880 1015 4933 contra
1050 4869 1272 4933 lutheranam
1309 4870 1461 4934 heresim
1502 4874 1608 4940 mira
