3425 5700
856 927 932 994 233.

712 1042 885 1124 Roianus
913 1041 1085 1124 Sadolen.

701 1188 819 1258 (varior.
838 1190 876 1249 ad
893 1190 976 1250 dim
995 1191 1031 1250 11.
1049 1191 1098 1260 51.)

767 1310 820 1374 (18.
839 1311 906 1375 Julii
930 1310 1015 1378 1525.)

343 1451 384 1514 El
410 1449 514 1514 Ser¹¹¹⁰
539 1451 704 1533 Principe
728 1453 845 1514 havea
865 1453 1062 1516 deliberato
1086 1455 1199 1536 partit
1223 1455 1269 1516 (16
1285 1453 1345 1536 qui
1362 1452 1409 1515 ali
1425 1453 1534 1515 XVII

254 1569 290 1622 et
313 1560 427 1621 andar
451 1579 471 1620 a
496 1557 674 1640 Coupaier
697 1578 763 1639 per
787 1561 959 1622 accordar
988 1560 1011 1622 li
1036 1560 1174 1623 tumulti
1199 1561 1244 1623 de
1269 1560 1445 1642 Aigovia;
1480 1581 1534 1622 ma

254 1667 289 1728 la
320 1665 409 1747 Liga
440 1666 485 1727 de
521 1663 653 1728 Suevia
684 1668 848 1728 havendo
873 1667 934 1746 piri
964 1670 1061 1730 volte
1092 1667 1182 1730 fatto
1213 1667 1377 1730 intender
1409 1687 1430 1729 a
1463 1665 1535 1728 Sua

255 1772 347 1836 Serui
373 1774 439 1835 che
463 1793 529 1855 per
553 1785 658 1835 conto
683 1774 811 1836 alcuno
840 1795 911 1836 non
945 1778 1097 1837 volcano
1132 1775 1304 1852 accord0,
1338 1774 1416 1836 anzi
1440 1776 1533 1836 vole·

254 1901 347 1943 vano
372 1880 527 1961 castigat
551 1880 574 1941 11
598 1879 730 1961 prefati
754 1879 965 1962 Algoviensi
989 1901 1068 1945 cum
1091 1885 1125 1945 16
1149 1902 1261 1962 ame,
1295 1881 1534 1944 ultimamente

256 1988 416 2067 partirno
441 1989 487 2049 da
512 1987 618 2049 Ulma
642 1997 694 2068 et,
727 1987 925 2049 simulando
962 1991 1073 2051 ander
1108 1989 1143 2050 in
1169 2008 1333 2050 soccorso
1363 1990 1408 2050 de
1440 1986 1532 2049 Salz·

254 2095 377 2175 purch,
394 2095 560 2156 voltorno
584 2115 605 2154 a
629 2095 662 2156 la
687 2095 786 2155 volta
808 2094 844 2155 di
869 2094 1021 2176 Chempt
1045 2104 1081 2157 et
1103 2095 1127 2156 li
1153 2115 1173 2157 a
1199 2115 1267 2156 una
1292 2096 1373 2175 lega
1397 2115 1435 2156 se
1456 2095 1533 2156 dice

256 2201 412 2262 habiano
444 2200 547 2263 morti
580 2201 625 2262 (16
655 2200 742 2262 VIII
767 2200 848 2263 mile
883 2201 1021 2281 villani,
1053 2203 1087 2264 la
1116 2203 1198 2282 quai
1234 2222 1336 2264 cossa
1368 2202 1415 2263 ha
1438 2201 1532 2262 facto

254 2309 466 2389 sopraseder
489 2309 524 2368 la
547 2307 680 2388 partita
704 2308 763 2370 dei
787 2307 964 2388 Principe.
1013 2308 1085 2371 Pur
1100 2308 1246 2371 intendo
1272 2309 1337 2370 che
1353 2327 1417 2369 sua
1440 2305 1530 2368 gefe

252 2416 300 2476 ha
323 2415 490 2476 mandato
515 2415 561 2475 (16
585 2413 610 2476 11
633 2412 765 2494 prefati
795 2415 840 2475 de
874 2416 908 2477 la
937 2413 1028 2496 Liga
1057 2436 1078 2478 a
1110 2417 1250 2478 dolerse
1283 2415 1349 2477 che
1377 2413 1531 2475 habiano

253 2522 422 2584 assaltato
454 2522 499 2582 de
528 2520 635 2601 quelli
659 2521 781 2583 villani
812 2541 834 2583 a
857 2521 882 2584 li
906 2521 1014 2602 qualli
1037 2523 1178 2584 haveva
1201 2541 1384 2603 promesso
1410 2522 1454 2582 de
1479 2540 1531 2582 ac-

252 2627 405 2690 cordarli
430 2637 466 2690 et
490 2628 535 2689 ad
559 2627 755 2690 exhortarli
779 2627 814 2689 di
839 2648 933 2691 novo
958 2649 979 2690 a
1003 2649 1092 2710 pace
1117 2638 1153 2691 et
1176 2627 1388 2708 concordia,
1414 2637 1450 2690 et
1472 2647 1529 2690 ve·

253 2746 337 2797 nuta
362 2737 396 2797 ia
420 2743 584 2816 resposta
608 2755 646 2797 se
670 2755 776 2817 spera
800 2736 866 2798 che
890 2734 945 2797 fra
969 2735 1021 2797 VI
1044 2734 1162 2817 giorni
1186 2733 1259 2799 Sua
1283 2733 1378 2798 861ιι
1401 2733 1531 2798 anderi

254 2866 275 2907 a
305 2844 527 2925 parlamento
558 2861 637 2905 cum
667 2841 776 2924 quelli
805 2843 850 2905 de
879 2843 912 2906 la
944 2842 1035 2925 Liga
1059 2852 1094 2906 et
1118 2843 1163 2906 de
1195 2839 1220 2905 li
1249 2843 1310 2924 poi
1339 2864 1377 2905 se
1402 2863 1446 2905 ne
1470 2863 1528 2905 an·

252 2953 340 3017 dard
362 2952 398 3016 in
423 2950 579 3031 Austria,
604 2961 640 3013 et
663 2970 702 3013 se
726 2970 796 3012 non
813 2950 947 3013 andard
963 2951 1010 3014 da
1027 2951 1135 3033 quelli
1159 2951 1204 3013 de
1220 2953 1255 3013 la
1270 2950 1371 3031 Liga,
1396 2948 1529 3013 ander&

253 3063 297 3124 de
323 3063 380 3142 qui
405 3060 450 3122 de
474 3062 583 3139 longo
607 3057 643 3120 in
668 3056 824 3122 Austria.
872 3058 922 3120 Le
946 3078 1048 3121 cosse
1079 3059 1124 3119 de
1148 3056 1344 3138 Salzpurch
1369 3066 1471 3119 stano
1494 3056 1530 3117 in

252 3167 416 3250 maggior
439 3166 618 3228 discordia
641 3166 707 3227 che
731 3165 811 3245 mai,
835 3166 879 3228 nd
903 3167 1033 3229 voleno
1057 3164 1092 3228 in
1132 3166 1235 3227 alcun
1263 3174 1369 3227 conto
1402 3162 1426 3225 il
1451 3162 1530 3225 Car-

252 3275 380 3339 dinaie.
426 3272 475 3337 Se
508 3273 604 3352 dice,
637 3293 695 3334 ma
724 3273 784 3355 gii
815 3293 887 3335 non
918 3274 990 3335 scio
1024 3293 1089 3354 per
1113 3281 1222 3352 certo,
1253 3274 1319 3334 che
1348 3270 1396 3332 lui
1424 3268 1529 3333 habia

252 3390 439 3463 acceptato
463 3380 498 3443 in
523 3379 707 3442 coadiutor
735 3379 760 3441 il
783 3399 939 3443 vescovo
964 3380 1009 3442 de
1034 3379 1183 3441 Patavia
1206 3398 1271 3461 per
1286 3378 1418 3441 volersi
1435 3377 1527 3465 adiu-

251 3500 407 3553 tarcum
433 3490 466 3550 61
490 3486 615 3550 favore
639 3487 683 3548 de
708 3485 732 3548 li
754 3486 886 3550 fratelli
911 3489 969 3549 (161
992 3488 1095 3549 Duca
1119 3486 1155 3548 di
1180 3484 1344 3547 Baviera.

339 3596 392 3658 La
403 3594 510 3658 Dieta
534 3596 579 3657 de
603 3594 758 3676 quinon
783 3595 801 3657 ὲ
826 3597 961 3658 anchor
984 3595 1170 3665 conclusa;
1207 3593 1236 3655 si
1260 3613 1366 3675 spera
1400 3590 1435 3654 di
1459 3593 1526 3653 ben

250 3725 307 3766 ma
331 3723 401 3765 non
427 3701 500 3765 scio
525 3703 590 3764 che
614 3705 684 3764 ben
709 3701 829 3783 possia
852 3722 999 3784 sperare
1023 3702 1188 3765 vedendo
1212 3701 1236 3763 11
1261 3718 1446 3763 commune
1470 3700 1525 3761 de·

251 3813 400 3894 syderar
432 3812 511 3872 chel
544 3809 597 3871 sia
631 3810 749 3871 levato
774 3811 890 3872 almen
914 3809 939 3871 il
963 3810 1158 3891 temporale
1183 3827 1204 3868 a
1227 3808 1252 3869 li
1276 3804 1526 3883 Ecclesiastici,

251 3918 349 3980 nesi
379 3918 441 3999 pol
465 3917 519 3979 dir
551 3936 648 3979 esser
679 3918 769 3978 altro
803 3917 869 3979 che
894 3916 915 3977 'l
944 3916 1127 3996 Principe,
1160 3916 1242 3995 qual
1273 3934 1351 3976 cum
1380 3922 1473 3975 tutto
1502 3911 1526 3972 il

249 4046 333 4088 core
358 4026 380 4087 li
405 4023 570 4087 defende.

338 4131 427 4194 Heri
451 4152 530 4195 sera
555 4152 645 4193 vene
670 4132 796 4195 lettere
821 4134 854 4193 al
880 4130 1045 4211 Principe
1076 4130 1122 4191 (16
1153 4130 1187 4191 la
1218 4128 1373 4191 Cesarea
1389 4124 1527 4188 Maesti

249 4242 294 4302 de
319 4239 411 4301 XIV
436 4240 494 4301 del
517 4254 662 4321 passato
686 4259 752 4321 per
781 4240 813 4300 le
847 4239 965 4319 qualle
998 4236 1098 4299 avisa
1127 4238 1238 4298 haver
1268 4234 1466 4297 deliberata
1495 4234 1528 4295 la

250 4357 380 4411 venuta
404 4346 438 4410 in
464 4348 675 4429 Alemagna.
721 4344 761 4407 In
779 4346 982 4428 Hinspruch
999 4343 1055 4406 die
1071 4343 1210 4405 XVIII,
1225 4342 1307 4421 Julii
1324 4338 1525 4403 MDXXV.

793 4648 805 4658 θ.
812 4649 989 4660 υν»κ-Μυιμ,κκκιι·.
