3425 5700
663 570 910 627 ΗΕΙΠΞΗ

146 719 346 798 debuisset,
388 718 475 780 velit
511 719 737 782 nihilominus
772 740 834 781 sua
874 720 1039 781 maiestas
1076 739 1118 781 ne
1160 720 1427 801 quomodolibet

146 826 213 889 sibi
230 826 472 908 conquerendi
487 847 610 889 ansam
626 826 755 908 capiat,
779 824 1036 908 precipitanter
1052 846 1171 889 secum
1195 836 1312 891 actum
1336 848 1427 908 esse,

145 932 440 996 deliberationem
455 934 602 1015 petitam
619 937 812 997 clementer
831 934 1018 1016 indulgere
1044 944 1080 996 et
1103 954 1241 997 rursum
1265 935 1310 997 ad
1335 954 1425 996 com-

145 1042 352 1122 parendum,
379 1040 742 1124 deliberationemque
766 1062 865 1104 suam
889 1041 1131 1121 aperiendum,
1148 1040 1240 1104 diem
1264 1040 1426 1123 proxime

144 1157 364 1228 sequentem,
389 1149 478 1211 hora
501 1148 625 1229 ‘quinta
648 1158 731 1229 post
755 1147 947 1225 meridiem,
973 1148 1141 1211 stutuisse
1165 1158 1201 1211 et
1224 1147 1425 1230 prefixisse,

145 1255 442 1335 quemadmodum
466 1275 530 1317 sua
545 1255 722 1337 maiestas,
747 1257 898 1318 eundem
916 1254 1009 1317 diem
1034 1264 1069 1318 et
1093 1256 1216 1319 horam
1241 1254 1356 1317 eidem
1380 1256 1426 1318 ad

144 1360 319 1442 premissa
341 1360 544 1423 faciendum
568 1371 742 1424 statueret
773 1373 808 1423 et
841 1360 1045 1443 prefigeret.
1093 1361 1127 1423 Is
1158 1360 1223 1425 fuit
1256 1361 1330 1425 eius
1356 1362 1426 1425 diei

144 1488 317 1531 recessus.
358 1468 506 1550 Absque
523 1489 593 1550 quo
610 1470 657 1531 ad
672 1468 824 1550 aliquem
842 1480 959 1531 actum
972 1466 1176 1531 ulteriorem
1189 1468 1426 1533 diverteretur

144 1574 350 1638 discessum.

234 1683 454 1746 Advenienti
479 1683 536 1746 die
560 1683 750 1766 prostituta
774 1692 841 1745 etc.
867 1683 983 1745 denuo
1008 1703 1109 1745 sacre
1134 1692 1168 1745 et
1185 1682 1314 1746 invicte
1340 1684 1424 1747 Cae·

142 1810 246 1852 saree
258 1789 456 1871 Maiestatis
468 1788 574 1870 iussu,
590 1799 804 1853 memoratus
816 1789 985 1852 Notarius
1007 1790 1042 1852 in
1056 1792 1148 1852 hunc
1164 1791 1305 1853 modum
1318 1791 1425 1855 latine

142 1906 180 1960 et
204 1900 369 1960 almanne
393 1897 512 1960 dicere
537 1897 673 1979 coepit:

233 2004 413 2067 Hesterno
429 2004 583 2087 Vesperi
600 2026 678 2068 cum
695 2004 899 2088 gravareris
916 2004 1069 2068 Martine
1094 2024 1158 2087 pre
1182 2003 1425 2087 magnitudine

141 2111 195 2173 rei
220 2110 369 2197 (uttunc
386 2112 546 2192 dicebas)
571 2112 689 2174 subito
707 2120 742 2174 et
766 2133 811 2174 ex
829 2122 1002 2193 tempore,
1027 2112 1073 2173 ad
1097 2100 1191 2173 illam
1216 2111 1425 2193 interrogati

142 2227 282 2299 partem
306 2220 547 2299 respondere:
582 2218 640 2281 An
665 2218 776 2281 libros
799 2218 876 2281 heri
912 2240 958 2282 ex
983 2218 1099 2281 indice
1132 2217 1197 2281 tibi
1227 2218 1426 2282 nominatos

141 2326 254 2389 latine
279 2336 315 2389 et
338 2323 534 2389 alemanice
557 2328 624 2388 abs
646 2334 683 2387 te
707 2324 821 2388 editos
846 2336 883 2389 et
907 2325 1063 2404 emissos
1088 2346 1128 2387 ac
1152 2344 1218 2406 pro
1244 2324 1312 2389 tuis
1328 2325 1425 2408 agni-

142 2445 216 2513 tos,
258 2442 496 2515 contentaque
534 2432 569 2496 in
609 2432 743 2496 eisdem
776 2444 971 2522 retractare
1013 2442 1048 2495 et
1088 2452 1256 2495 revocare
1297 2434 1425 2507 velles;

142 2538 245 2602 Licet
269 2540 305 2602 in
331 2540 446 2603 causis
470 2538 553 2604 fidei
578 2548 613 2603 et
637 2560 770 2619 rerum,
801 2540 837 2602 in
862 2540 990 2621 quibus
1014 2539 1208 2602 animarum
1232 2540 1427 2621 periculum

141 2646 294 2708 vertitur
317 2646 441 2709 dilatio
466 2648 586 2710 danda
609 2668 678 2710 non
703 2646 767 2725 sit,
803 2656 839 2711 et
871 2646 1091 2728 potissimum
1124 2646 1209 2709 viris
1233 2646 1293 2728 qui
1317 2646 1427 2710 sacris

141 2752 273 2816 litteris
297 2754 457 2836 (quarum
482 2752 770 2835 explanationem
795 2754 898 2816 unice
923 2753 987 2816 tibi
1011 2753 1190 2839 venditas)
1222 2754 1427 2819 exercitatis

143 2869 183 2923 et
207 2861 372 2942 eruditiS,
408 2861 468 2943 qui
500 2861 617 2943 parati
649 2883 728 2925 esse
752 2862 902 2942 debent,
939 2862 984 2924 ad
1016 2861 1305 2924 satisfaciendum
1334 2862 1427 2925 omni

142 2969 308 3051 poscenti
332 2969 520 3049 rationem,
545 2970 590 3032 de
615 2990 658 3032 ea
687 2990 756 3050 que
785 2969 818 3030 in
853 2967 904 3031 eis
935 2978 990 3031 est
1017 2968 1107 3048 fide,
1137 2977 1174 3031 et
1206 2990 1284 3051 spe;
1316 2969 1427 3033 Sacra

143 3087 263 3138 tamen
289 3085 324 3138 et
348 3076 482 3138 invicta
511 3075 694 3156 maiestas,
727 3095 794 3157 pro
827 3074 988 3154 ingenita
1019 3096 1082 3137 sua
1118 3075 1264 3139 lenitate
1293 3087 1329 3140 et
1359 3079 1425 3140 cle-

141 3182 276 3246 mentia
300 3183 364 3245 tibi
389 3183 682 3246 deliberationem
714 3181 893 3263 permisit,
928 3191 964 3245 et
992 3184 1084 3244 hunc
1114 3181 1206 3244 diem
1238 3193 1274 3245 et
1303 3185 1427 3246 horam

140 3291 241 3353 illam
276 3291 526 3353 declarandam
558 3289 736 3372 prestituit
770 3299 805 3352 et
836 3288 1026 3371 prefinivit.
1079 3289 1203 3371 Itaque
1234 3299 1428 3372 expectant

141 3397 322 3460 Caesarea
346 3418 448 3460 sacra
472 3397 642 3460 Maiestas
666 3408 702 3459 et
725 3397 882 3460 universi
910 3397 1055 3480 Imperii
1085 3398 1245 3478 ordines,
1280 3406 1427 3480 attente,

142 3505 240 3567 illam
265 3504 430 3567 audituri.
603 3501 605 3505 ’

235 3611 294 3674 Ad
318 3612 384 3675 hec
409 3610 585 3674 Martinus
608 3609 762 3674 omnium
796 3611 963 3693 primum:
1001 3611 1051 3674 Ut
1081 3632 1119 3673 se
1153 3611 1198 3672 de
1222 3610 1362 3693 justicie
1392 3620 1428 3673 et

140 3717 306 3780 veritatis
348 3739 455 3781 causa
488 3717 664 3781 dicentem
704 3718 862 3800 benigne
896 3717 1043 3781 audiant
1079 3726 1263 3800 precatur3
1299 3717 1428 3782 deinde

140 3824 287 3888 veniam
311 3823 482 3907 prefatus,
507 3825 536 3887 si
560 3846 665 3906 quem
689 3824 803 3889 minus
835 3823 1032 3887 honorifico
1064 3823 1166 3886 titulo
1199 3825 1428 3906 appellasset,

141 3940 207 3996 aut
230 3932 259 3994 si
282 3930 366 4013 quid
392 3931 426 3994 in
459 3932 593 3995 aulicos
625 3942 793 4014 peccaret
825 3953 960 4011 mores,
991 3931 1027 3992 id
1058 3930 1191 3993 homini
1222 3930 1428 4013 monastic0,

141 4058 218 4101 non
242 4037 352 4120 regiis
375 4037 465 4100 aulis
489 4039 553 4101 sed
578 4037 830 4101 coenobiorum
863 4035 1010 4101 latebris
1045 4044 1081 4099 et
1114 4037 1255 4117 angulis
1287 4048 1429 4102 versato

139 4146 398 4210 condonarent.
446 4143 715 4227 Subsequenter
739 4146 784 4208 ad
817 4146 986 4208 articulos
1016 4143 1314 4223 interrogatorios
1345 4143 1430 4208 Cae·

136 4272 245 4318 saree
268 4248 468 4315 Maiestatis
492 4252 632 4315 nomine
657 4252 690 4315 ei
713 4252 931 4334 propositos,
965 4271 1043 4314 cum
1076 4249 1289 4332 quibusdam
1319 4250 1430 4332 longi-

137 4358 266 4425 oribus
290 4358 583 4441 digressionibus,
607 4358 804 4442 respondit,
828 4379 934 4440 quam
959 4357 1243 4439 responsionem,
1268 4377 1346 4419 cum
1373 4359 1431 4420 du·

137 4469 230 4530 dum
251 4465 525 4548 preconceperit
547 4467 637 4541 etin
655 4465 797 4547 scriptis
820 4465 1017 4548 redegerit,
1042 4462 1191 4545 eiusque
1208 4463 1314 4526 michi
1329 4464 1434 4546 copia

136 4572 327 4653 factasit,
350 4573 569 4636 adverbum
593 4573 675 4636 huic
698 4573 933 4636 instrumento
958 4571 1185 4634 inserendam
1209 4569 1310 4634 duxi:

706 4688 879 4768 Jhesus

237 4793 470 4859 Serenissime
513 4795 657 4858 domine
700 4794 921 4877 Imperator,
967 4793 1196 4858 Illustrissimi
1239 4793 1435 4876 Principes,

141 4896 421 4967 Clementissimi
459 4901 610 4982 domini,
646 4902 697 4965 ad
737 4900 913 4986 prefixum
951 4901 1056 4964 michi
1090 4903 1259 4964 hesterno
1294 4899 1436 4982 vesperi

172 5027 257 5079 Belum
268 5028 413 5069 Documenta
423 5027 564 5068 trutbertus.
1241 5007 1275 5060 12
