3425 5700
796 570 1042 626 eberti&

282 716 331 780 rei
356 719 599 799 perpendere,
633 718 677 779 de
712 738 776 779 suo
809 724 844 779 et
876 716 990 779 tocius
1021 716 1296 779 Christianitatis
1324 716 1499 780 beneficio
1524 726 1561 779 et

282 824 402 906 quiete
416 823 485 906 agi,
510 824 539 885 si
555 823 611 886 his
628 823 808 887 erroribus
823 822 905 886 finis
920 822 1054 905 imponi
1069 823 1198 905 possit:
1216 823 1351 886 hortari
1367 836 1561 905 propterea

282 930 362 995 illos
393 930 532 1013 imperii
564 929 743 1012 principes
779 938 816 993 ut
847 951 922 993 rem
953 930 1052 993 cordi
1083 932 1239 993 habeant
1267 951 1373 1012 quam
1403 930 1559 1012 alioquin

280 1036 389 1099 ceteri
413 1036 598 1119 negligere
623 1058 692 1099 non
717 1046 903 1118 poterunt;
935 1038 1029 1116 quod
1058 1035 1173 1117 ipsum
1197 1056 1263 1117 per
1287 1036 1474 1100 Caesarem
1503 1058 1560 1100 co-

281 1142 370 1205 mitti
394 1154 515 1225 posset
538 1143 614 1206 fieri
646 1154 681 1206 et
713 1144 875 1225 partibus
898 1142 1067 1206 Flandrie
1099 1153 1138 1205 ut
1174 1153 1209 1205 et
1240 1144 1346 1207 ilhinc
1379 1143 1562 1207 mittantur

282 1250 340 1332 qui
366 1250 443 1333 pari
468 1260 553 1312 voto
578 1271 651 1313 rem
669 1250 847 1314 adiuvent.
888 1250 946 1313 Ad
963 1251 1040 1330 hoc,
1058 1271 1167 1333 opere
1184 1251 1343 1332 precium
1369 1251 1563 1313 arbitrarer

281 1377 359 1419 esse
390 1358 484 1437 quod
522 1358 698 1421 Caesarea
729 1356 900 1421 Maiestas
930 1367 1051 1439 preter
1085 1356 1221 1420 litteras
1252 1359 1440 1439 generales
1471 1379 1561 1439 quas

281 1464 452 1527 emissura
476 1474 546 1543 est,
579 1477 639 1527 aut
663 1464 731 1527 iam
758 1474 959 1548 opportune
984 1464 1108 1544 emisit,
1132 1467 1304 1546 quasdam
1328 1476 1493 1546 preterea
1525 1475 1562 1528 et

280 1571 346 1632 has
378 1570 520 1651 quidem
552 1572 716 1653 proprias
741 1579 776 1633 et
808 1570 1073 1635 efficacissimas
1102 1572 1276 1635 scriberet
1306 1573 1351 1635 ad
1379 1573 1562 1654 principes

280 1676 419 1759 imperii
451 1680 683 1760 temporales,
717 1678 763 1741 ad
796 1678 959 1741 civitates
988 1679 1072 1741 item
1096 1678 1308 1760 imperiales,
1335 1680 1562 1743 admonendo

281 1785 443 1864 eosdem,
468 1784 558 1847 sicut
583 1804 645 1847 sue
669 1783 850 1847 Maiestati
875 1784 1027 1867 negocio
1052 1784 1243 1848 convenire
1267 1786 1463 1848 videretur:
1493 1788 1564 1848 hec

281 1902 396 1954 autern
430 1890 548 1953 omnia
586 1890 615 1953 si
655 1890 811 1973 alioquin
851 1901 1012 1974 prestare
1046 1891 1234 1954 videantur
1264 1913 1348 1955 cura
1381 1913 1490 1974 opera
1525 1906 1564 1955 et

281 1998 466 2079 diligentia
489 2007 609 2061 vestre
633 1997 863 2061 beatitudinis
887 1997 1108 2062 conficienda
1132 2020 1212 2062 esse
1236 2019 1376 2063 censeo

372 2102 443 2167 Sed
492 2124 585 2187 pene
624 2103 919 2186 pretermisissem
962 2106 1058 2186 quod
1100 2106 1241 2168 minime
1285 2108 1565 2188 pretereundum

282 2211 423 2274 fuisset:
449 2212 562 2277 videri
586 2211 670 2274 mihi
694 2232 766 2275 non
790 2215 855 2276 abs
879 2234 918 2275 re
949 2233 1045 2295 esse,
1076 2213 1182 2276 immo
1215 2213 1369 2277 maxime
1401 2234 1565 2277 necessa·

282 2317 369 2381 rium
394 2320 490 2399 quod
513 2328 634 2381 vestra
650 2318 853 2399 Beatitudo,
880 2321 1081 2402 quempiam
1097 2322 1256 2402 legatum
1273 2341 1292 2383 e
1309 2323 1421 2385 latere
1437 2324 1566 2385 eodem

281 2424 396 2487 mittat
412 2425 578 2488 idoneum
597 2424 814 2508 aptissimum
831 2446 873 2489 ac
888 2447 1006 2489 rerum
1022 2430 1286 2490 tractandarum
1302 2428 1566 2510 peritissimum,

283 2532 339 2593 cui
376 2552 492 2613 neque
516 2540 677 2614 potestas
701 2532 917 2613 amplissima
947 2532 1040 2595 desit
1074 2533 1105 2595 si
1132 2533 1225 2597 forte
1257 2534 1437 2617 quidpiam
1469 2548 1569 2599 esset

283 2638 379 2720 quod
403 2638 498 2701 illam
532 2641 739 2720 postularet,
771 2660 837 2703 nec
863 2643 909 2702 ab
938 2660 981 2703 eo
1009 2640 1183 2703 mittendo
1210 2661 1248 2704 se
1273 2641 1452 2705 contineat
1482 2642 1572 2723 quia

283 2744 342 2826 qui
367 2754 472 2807 antea
496 2745 592 2808 missi
617 2757 697 2808 sunt
720 2744 873 2809 fructum
897 2746 1026 2810 afferre
1050 2747 1275 2828 nequiverint
1307 2759 1343 2810 et
1373 2750 1486 2830 magis
1513 2751 1567 2812 lu-

283 2849 399 2914 dibrio
423 2850 535 2914 habiti
568 2863 649 2915 sunt
682 2873 786 2934 quam
820 2856 915 2936 quod
945 2856 1018 2918 ulla
1050 2855 1208 2938 ipsorum
1239 2855 1330 2918 ratio
1364 2857 1567 2920 duceretur.

282 2958 421 3021 Etenim
453 2978 522 3041 ego
554 2959 764 3024 crediderim
799 2962 895 3042 quod
923 2983 994 3026 non
1031 2962 1156 3025 eadem
1191 2961 1282 3024 ratio
1313 2962 1358 3024 sit
1388 2963 1570 3045 presentis

284 3085 389 3146 quarn
414 3066 575 3146 preteriti
599 3068 769 3149 temporis
784 3069 861 3150 fuit,
885 3069 1173 3151 quandoquidem
1196 3089 1299 3132 nemo
1316 3079 1400 3132 tunc
1423 3090 1571 3151 persua·

284 3171 360 3234 deri
398 3172 510 3235 voluit
542 3174 659 3236 labem
694 3176 786 3238 hanc
823 3177 918 3258 quod
952 3174 1038 3239 fecit
1073 3186 1201 3257 postea
1231 3176 1418 3239 incomode
1451 3176 1568 3240 fuisse

283 3277 488 3361 parituram.
536 3279 614 3359 Jam
638 3291 754 3346 autem
779 3303 884 3346 nerno
914 3304 986 3347 non
1018 3282 1116 3346 videt
1147 3283 1275 3365 quibus
1306 3282 1574 3347 calamitatibus

285 3385 466 3448 subiectus
491 3387 597 3449 luerit
621 3398 657 3450 et
679 3390 793 3472 magis
818 3410 897 3455 esse
920 3391 1034 3473 possit
1057 3389 1125 3453 nisi
1146 3389 1263 3453 omnia
1278 3390 1574 3472 redintegrentur

285 3501 324 3554 ut
347 3500 481 3555 certum
505 3493 550 3556 sit
573 3495 746 3558 rationem
771 3496 885 3578 ipsam
908 3517 979 3560 non
1004 3517 1083 3560 esse
1107 3497 1345 3560 necessariam
1368 3497 1402 3558 in
1423 3517 1573 3578 persua·

286 3599 411 3662 dendis
434 3599 503 3664 illis
527 3621 616 3682 quos
637 3601 715 3683 ipsa
739 3623 855 3667 rerum
871 3604 1093 3686 experientia
1116 3603 1202 3667 satis
1226 3623 1404 3685 superque
1436 3603 1573 3685 docuit,

285 3706 436 3790 proinde
460 3707 617 3790 legatum
641 3729 712 3772 non
735 3709 911 3774 incassum
935 3710 1061 3774 iturum
1087 3710 1286 3792 putaverim
1310 3711 1366 3773 cui
1391 3711 1494 3772 etiam
1519 3711 1573 3775 de

285 3813 422 3876 itineris
446 3813 636 3878 securitate
661 3815 853 3880 timendum
883 3837 955 3880 non
988 3819 1073 3898 erit,
1111 3837 1219 3899 quum
1253 3816 1478 3899 profecturus
1511 3829 1576 3880 est

285 3943 351 4004 per
373 3923 452 3984 loca
476 3921 689 3985 serenissimi
713 3923 885 4005 principis
908 3946 1019 4007 usque
1043 3945 1158 4007 prope
1182 3926 1382 4008 Augustam
1405 3943 1471 4006 per
1494 3923 1574 3986 die-

286 4039 371 4108 tam,
397 4039 434 4091 et
455 4031 549 4092 bene
572 4029 684 4110 possit
708 4031 889 4112 provideri
912 4032 1008 4113 quod
1033 4043 1069 4096 et
1091 4031 1264 4095 tutissime
1289 4032 1341 4095 ire
1366 4040 1401 4094 et
1422 4031 1574 4094 honori-

285 4133 511 4198 ficentissime
536 4135 653 4218 excipi
669 4137 796 4218 possit;
821 4138 885 4201 sed
908 4149 1030 4220 preter
1044 4141 1202 4222 legatum
1219 4139 1394 4202 conducet
1411 4135 1572 4202 maxime

286 4242 382 4324 quod
406 4243 597 4306 Beatitudo
622 4243 671 4304 V*
695 4243 820 4308 litteris
844 4245 916 4308 suis
939 4247 1100 4310 hortetur
1124 4255 1196 4309 tam
1219 4244 1400 4329 principes
1426 4244 1576 4326 imperii

289 4369 393 4430 quam
418 4349 523 4412 etiam
541 4350 763 4414 comissarios
778 4351 919 4415 Cesaris
943 4353 1033 4416 sicut
1055 4353 1136 4434 ipsa
1158 4355 1354 4435 prudenter
1377 4361 1413 4416 et
1436 4371 1575 4434 oppor-

287 4465 371 4519 tune
402 4456 541 4520 noverit
570 4477 648 4520 esse
679 4460 923 4522 adhortandos
953 4469 1025 4524 tam
1055 4480 1122 4542 pro
1153 4462 1231 4522 zelo
1261 4458 1345 4522 fidei
1375 4458 1578 4524 christiane

288 4583 393 4645 quam
425 4563 530 4626 etiam
550 4573 643 4628 statu
667 4568 852 4630 ethonore
870 4567 1111 4660 ecclesiastice
1126 4565 1311 4648 dignitatis
1328 4564 1577 4628 defendendo.

377 4669 578 4734 Proderunt
606 4672 674 4734 ista
708 4673 849 4736 comitia
880 4684 919 4736 ut
949 4674 1104 4736 arbitror
1133 4673 1284 4755 primum
1315 4681 1353 4735 ut
1377 4671 1496 4752 aliqua
1520 4691 1578 4736 ex

288 4787 391 4859 parte
415 4778 551 4841 heresis
575 4780 641 4841 hec
667 4781 826 4860 sopiatur
849 4782 944 4844 unde
967 4789 1021 4842 tot
1035 4779 1160 4860 rapine
1175 4777 1394 4841 vastationes
1408 4780 1577 4844 locorum

289 4885 395 4948 cedes
411 4884 575 4948 incendia
598 4895 650 4947 tot
674 4885 827 4968 denique
850 4886 988 4970 flagitia
1011 4896 1261 4968 processerunt
1290 4896 1325 4948 et
1348 4905 1453 4966 quum
1478 4887 1578 4950 ordo
