3425 5700
639 586 697 633 ⁶⁴3³.
738 572 789 635 119
827 577 885 633 {5⁴

141 725 229 791 libros
254 725 388 810 ubique
410 747 476 809 per
500 725 647 790 Sacrum
671 727 875 790 Romanum
898 728 1101 811 imperium,
1133 724 1236 793 sicuti
1263 726 1298 793 in
1323 745 1401 813 pro·

143 834 246 898 vinciis
276 834 408 898 nostris
436 833 615 898 inferioris
645 834 877 915 Burgundiae
909 835 1042 898 factum
1073 835 1215 917 fuisset,
1254 839 1402 901 cremari

143 942 339 1006 laceremus:
370 951 406 1005 et
436 962 514 1005 cum
545 941 638 1004 inter
659 942 748 1005 haec
773 942 983 1023 magnificus
1007 942 1183 1005 Henricus
1207 943 1334 1007 Comes
1358 948 1402 1007 de

143 1048 259 1113 Nassau
276 1049 498 1113 consiliarius
514 1058 645 1129 noster,
663 1048 766 1112 nobis
782 1050 923 1113 nomine
940 1060 1001 1113 tuo
1016 1050 1187 1132 retulerit,
1203 1051 1403 1114 dilectionis

143 1166 208 1219 tuae
236 1157 453 1220 desiderium
485 1176 582 1235 esse,
614 1176 660 1219 ne
682 1156 719 1218 in
743 1177 783 1218 re
807 1157 971 1236 Lutheri,
1002 1156 1068 1220 nisi
1093 1178 1135 1219 eo
1159 1156 1256 1238 prius
1281 1158 1403 1220 audito

143 1264 270 1327 ulterius
291 1265 489 1346 procedere
514 1263 681 1343 velimus,
707 1262 952 1346 requisivimus
977 1274 1022 1345 te,
1047 1274 1085 1326 ut
1108 1264 1260 1327 eundem
1276 1265 1402 1326 Luthe-

145 1392 204 1434 rum
224 1373 270 1435 ad
293 1380 506 1434 conventum
530 1370 749 1451 imperialem
772 1372 841 1436 huc
866 1372 1079 1434 adduceres:
1116 1370 1160 1433 Et
1185 1391 1249 1433 nos
1273 1371 1403 1434 ibidem

145 1479 221 1541 viros
243 1480 379 1557 doctos,
404 1489 441 1539 et
462 1477 644 1559 sapientes
667 1478 871 1559 deputaturi
889 1497 1055 1557 essemuS,
1080 1478 1139 1559 qui
1155 1497 1234 1541 eum
1251 1479 1403 1540 audituri

146 1596 258 1649 essent:
291 1586 340 1649 Ut
363 1594 490 1667 postea
513 1584 612 1647 iuxta
636 1584 852 1666 aequitatem
876 1586 944 1648 hoc
969 1585 1150 1667 negotium
1175 1586 1301 1649 tollere
1325 1606 1403 1668 pos-

146 1693 249 1757 simus:
268 1694 321 1755 Ita
336 1703 453 1755 tamen
471 1693 568 1775 quod
585 1692 724 1754 interim
740 1692 819 1773 ipse
835 1692 1012 1755 Lutherus
1029 1692 1115 1755 nihil
1131 1701 1254 1755 contra
1269 1690 1402 1755 Sancti·

146 1810 233 1863 tatem
259 1798 441 1863 Pontificis
464 1808 525 1862 aut
548 1798 738 1879 scriberet,
769 1808 831 1861 aut
854 1798 1042 1861 emitteret.
1084 1796 1158 1861 Sed
1183 1818 1287 1881 quum
1312 1820 1404 1862 nunc

146 1904 201 1969 fide
222 1908 330 1990 digno
355 1899 557 1969 testimonio
582 1905 700 1968 edocti
725 1925 843 1968 sumus
869 1909 1019 1967 eundem
1035 1905 1227 1968 Lutherum
1252 1906 1404 1969 maximo

146 2015 353 2076 anathemate
387 2034 409 2075 a
445 2013 672 2075 Beatitudine
704 2011 888 2076 Pontificis
933 2013 1272 2075 excommunicatum
1316 2034 1405 2095 esse,

147 2120 374 2201 gravissimum
396 2120 621 2183 interdictum
645 2120 841 2196 observari,
865 2130 900 2183 et
925 2140 1003 2183 esse
1027 2121 1160 2182 debere
1184 2140 1405 2202 quocumque

147 2227 347 2307 pervenerit,
379 2235 440 2290 aut
473 2226 685 2307 ubicumque
715 2226 901 2309 manserit,
933 2229 991 2290 vel
1020 2246 1100 2289 cum
1128 2226 1406 2308 quibuscumque

147 2334 350 2397 tractaverit:
381 2343 516 2395 mature
542 2332 854 2413 consideravimus,
887 2332 915 2395 si
939 2354 1031 2397 nunc
1056 2333 1231 2397 Lutherus
1255 2353 1333 2397 cum
1358 2336 1405 2396 di·

146 2442 279 2505 lectione
303 2452 364 2502 tua
388 2441 559 2503 advenire
583 2442 747 2520 deberet,
782 2442 877 2523 quod
901 2442 968 2503 hoc
993 2460 1064 2503 non
1089 2440 1301 2503 mediocrem
1326 2460 1405 2504 con-

147 2548 303 2611 fusionem
326 2547 481 2627 afferret,
513 2547 697 2628 Nobisque
721 2568 762 2609 ac
787 2568 890 2611 sacro
913 2567 1059 2611 romano
1086 2548 1232 2629 imperio
1257 2558 1292 2610 et
1315 2548 1407 2611 illius

148 2656 279 2719 statibus
303 2658 349 2718 ab
373 2656 506 2718 exteris
531 2656 734 2718 nationibus
758 2655 900 2718 sinistre
924 2657 1114 2719 admodum
1137 2656 1406 2736 interpretatum

148 2762 182 2823 iri
212 2783 330 2845 posse:
366 2772 402 2824 et
436 2771 475 2824 ut
509 2762 709 2825 huiusmodi
740 2762 1004 2824 inconvenienti
1038 2762 1158 2824 debite
1191 2772 1407 2843 occurratur,

148 2872 311 2934 hortamur
333 2871 559 2933 dilectionem
583 2881 678 2933 tuam
703 2869 798 2932 omni
821 2890 892 2952 quo
917 2890 1103 2953 possumus
1125 2871 1252 2951 studi0,
1275 2882 1314 2933 ut
1329 2892 1406 2953 prev

148 2977 210 3040 fato
233 2978 386 3042 Luthero
410 2997 593 3059 proponas
617 2987 653 3041 et
676 2980 862 3057 ostendas,
892 2978 920 3040 si
944 2980 1059 3057 volet,
1088 2978 1205 3039 omnia
1229 2997 1288 3057 ea,
1317 2999 1406 3061 quae

150 3097 256 3148 contra
275 3086 537 3148 Beatitudinem
554 3084 746 3166 Pontificis,
769 3096 805 3147 et
821 3083 989 3148 Sanctam
1007 3082 1137 3147 Sedem
1152 3085 1407 3166 Apostolicam‚

150 3203 178 3253 et
197 3204 390 3256 sanctorum
414 3204 554 3275 patrum
578 3194 741 3272 decreta,
765 3203 801 3254 et
825 3193 976 3254 concilia
1000 3192 1194 3274 scripserit,
1219 3203 1407 3274 antequam

151 3297 230 3362 illinc
258 3300 433 3378 discedat,
468 3319 656 3377 revocare,
688 3310 724 3361 et
754 3319 792 3362 se
823 3300 969 3380 insuper
992 3308 1137 3362 sanctae
1162 3299 1256 3361 sedis
1279 3299 1408 3361 iudicio

150 3406 316 3486 subiicere,
340 3410 437 3489 quod
462 3406 591 3469 deinde
616 3426 695 3468 eum
719 3415 846 3487 tecum,
871 3426 941 3468 non
966 3407 1033 3468 huc
1058 3407 1121 3468 sed
1142 3405 1408 3468 Francfordiam

149 3512 185 3572 ad
207 3513 361 3594 Menum,
390 3516 448 3576 vel
473 3513 625 3596 aliquem
649 3514 756 3576 alium
781 3517 896 3577 locum
920 3513 1090 3592 vicinum,
1115 3522 1150 3576 et
1174 3513 1410 3595 propinquum

149 3619 307 3701 adducas,
337 3631 373 3684 et
395 3621 466 3684 illic
492 3623 709 3684 voluntatem
734 3630 891 3684 nostram
916 3630 1093 3702 expectet.
1141 3620 1244 3702 Quod
1268 3621 1298 3683 si
1322 3622 1410 3682 baec

148 3720 213 3805 ipse
234 3725 407 3790 Lutherus
431 3727 553 3791 facere
584 3728 820 3809 recusaverit,
853 3737 936 3790 tunc
963 3727 1078 3809 ipsum
1103 3727 1198 3790 domi
1221 3728 1410 3811 relinquas.

150 3832 247 3894 donec
280 3835 384 3897 latius
415 3837 461 3897 de
493 3836 560 3898 hac
592 3855 700 3898 causa
730 3855 809 3898 cum
843 3834 1033 3896 dilectione
1058 3845 1118 3896 tua
1141 3837 1253 3897 verbo
1278 3835 1411 3916 aegeri-

150 3958 230 4020 mus,
260 3943 353 4022 quod
388 3942 614 4005 dilectionem
638 3951 733 4004 tuam
758 3944 871 4004 latere
896 3940 1084 4018 noluimuS,
1118 3941 1212 4003 utin
1239 3962 1281 4003 eo
1306 3942 1411 4003 etiam

151 4047 350 4110 voluntatem
382 4059 537 4112 nostram
570 4049 767 4130 exequeris.
817 4050 946 4110 Datum
980 4048 1014 4108 in
1041 4047 1184 4111 civitate
1209 4057 1330 4112 nostra
1352 4047 1411 4109 im·

151 4152 261 4229 periali
285 4154 514 4219 Wormatiae.
