3425 5700
791 510 1037 615 *aare*

276 705 358 759 ante
383 706 522 761 centum
546 719 587 761 ac
613 699 827 785 quindecim,
859 703 895 766 ni
926 703 1046 786 fallor,
1082 724 1193 767 annos
1224 707 1436 787 donaverat,
1469 727 1553 788 quas

274 813 463 885 praeterea
486 805 523 868 in
547 805 680 870 effluxo
705 807 766 871 illo
790 819 951 892 tempore
975 812 1020 875 ad
1039 833 1155 875 mores
1178 822 1214 876 et
1229 811 1387 894 linguam
1401 811 1553 876 Misnen·

276 909 376 990 sium,
401 932 482 975 nam
506 913 663 978 moribus
688 925 723 978 et
748 917 870 998 lingua
883 915 1044 984 Saxonia
1059 928 1095 982 et
1109 919 1227 982 Misna
1239 919 1333 982 inter
1355 940 1394 983 se
1408 921 1553 982 multum

280 1018 431 1098 variant,
446 1018 648 1085 illexerunt.
695 1023 794 1086 Vera
809 1033 926 1088 autem
943 1023 1102 1089 Saxonia
1126 1036 1162 1089 et
1185 1026 1245 1108 qui
1268 1027 1426 1108 linguam
1447 1023 1555 1089 Saxo·

275 1123 390 1189 nicam
425 1135 461 1190 et
483 1148 599 1190 mores
627 1128 856 1210 profitentur,
890 1152 962 1195 non
995 1132 1109 1196 minor
1140 1142 1194 1196 est
1216 1132 1327 1202 Italia⁴
1351 1153 1446 1214 quae
1474 1152 1554 1195 suos

274 1233 386 1295 habet
407 1233 588 1316 principes
611 1246 685 1300 tum
714 1239 977 1303 ecclesiasticos
1009 1251 1083 1304 tum
1117 1243 1343 1322 prophanos,
1375 1239 1554 1303 Ecclesias

275 1340 568 1422 metropolitanas
584 1345 683 1426 duae,
701 1347 926 1410 cathedrales
942 1347 1153 1430 quindecim,
1169 1347 1413 1410 Marchionem
1437 1367 1553 1427 unum,

276 1446 384 1510 duces
408 1459 551 1530 praeter
574 1449 654 1514 illos
678 1451 753 1533 qui,
789 1463 828 1516 ut
851 1453 946 1529 dixi,
982 1455 1085 1518 titulo
1115 1453 1177 1518 illo
1208 1455 1333 1517 saltem
1364 1452 1556 1517 condonati

275 1561 367 1635 sunt,
392 1564 484 1634 octo,
507 1557 689 1639 principes
713 1560 813 1640 duos,
838 1561 984 1624 comites
1009 1569 1045 1624 et
1059 1564 1213 1624 barones
1230 1563 1368 1639 multos,
1392 1559 1555 1622 civitates

274 1660 535 1744 munitissimae,
560 1664 619 1745 qui
643 1685 766 1729 omnes
781 1667 948 1731 Romano
973 1667 1138 1751 Imperio,
1162 1688 1234 1731 non
1258 1667 1351 1729 Duci
1373 1664 1556 1730 Saxoniae

275 1778 413 1848 parent.
461 1768 536 1832 Nec
567 1771 751 1853 quisquam
777 1793 899 1838 eorum
922 1773 1123 1859 principum
1146 1773 1333 1838 nobilitate
1362 1783 1399 1837 et
1421 1775 1556 1857 populo

276 1874 551 1957 principatuque
576 1876 724 1942 ducibus
749 1877 941 1964 Saxoniae,
965 1882 1233 1945 Marchionibus
1250 1881 1389 1944 Misnae
1410 1891 1446 1944 et
1461 1882 1555 1964 Τὴγ-

277 1981 416 2064 ringiae
440 1983 535 2046 cedit
559 1994 620 2047 aut
643 1985 792 2050 inferior
814 1998 879 2070 est,
904 2009 1027 2052 omnes
1050 1998 1168 2052 tamen
1193 1998 1444 2052 sacrosanctae
1469 1985 1557 2051 Sedi

275 2089 508 2170 Apostolicae
532 2093 812 2157 obedientissimi
835 2094 900 2158 filii
912 2144 921 2178 ,
955 2096 1093 2179 indigni
1117 2096 1259 2178 quidem
1283 2104 1433 2178 propter
1456 2114 1556 2157 enor-

275 2216 366 2259 mem
388 2195 645 2280 indulgentiam
676 2211 711 2263 et
735 2201 949 2266 litentiosam
973 2203 1192 2283 libertatem,
1225 2221 1331 2284 quam
1354 2203 1476 2264 Duces
1507 2201 1558 2264 illi

276 2299 457 2366 Saxoniae
475 2307 520 2367 ab
537 2325 606 2368 uno
619 2307 731 2371 latere
751 2307 990 2378 Misnensibus
1005 2319 1041 2373 et
1056 2308 1249 2391 Thyringis
1261 2310 1333 2372 suis
1357 2309 1557 2391 indulgent,

276 2411 524 2474 contumeliam
547 2413 623 2494 pati
648 2423 684 2478 et
706 2414 899 2496 infamiam,
923 2437 1071 2499 quorum
1094 2417 1177 2479 olim
1200 2425 1345 2496 statum,
1370 2416 1558 2498 originem,

275 2517 513 2600 conditiones,
537 2541 672 2603 mores,
702 2523 912 2604 pronuntias
936 2544 1058 2587 omnes
1082 2524 1149 2587 nisi
1173 2523 1325 2606 epistola
1357 2524 1392 2585 in
1426 2524 1557 2586 librum

275 2623 409 2705 abiret,
441 2645 608 2690 enarrare
640 2628 747 2692 facile
777 2649 930 2712 possem.
978 2629 1052 2694 Sed
1080 2631 1163 2713 quia
1192 2639 1442 2694 sacrosanctae
1468 2628 1558 2693 Sedi

275 2731 483 2796 deditissimi
508 2747 543 2798 et
569 2735 651 2798 huic
674 2736 883 2801 lutheraane
907 2749 1027 2801 sectae
1050 2737 1155 2802 invisi
1178 2738 1293 2802 dictas
1315 2737 1452 2801 litteras
1485 2756 1559 2800 non

275 2860 389 2921 aequo
420 2840 595 2924 aspiciunt
618 2844 742 2928 ocu10,
777 2854 813 2909 et
836 2855 876 2908 ut
898 2844 969 2909 fert
992 2856 1128 2928 natura,
1154 2847 1270 2928 zelosi,
1294 2845 1330 2909 in
1355 2866 1558 2909 moerorem

273 2950 482 3012 vacillantes
508 2959 542 3014 et
566 2950 602 3013 in
625 2951 713 3015 iram
737 2953 978 3036 concitantur,
1007 2954 1140 3036 alitque
1162 2957 1279 3017 facem
1302 2953 1434 3016 vitulus
1458 2973 1557 3016 mon-

275 3064 410 3119 strosus
434 3076 548 3138 nuper
571 3059 712 3121 Romae
736 3059 900 3142 depictus
924 3069 960 3123 et
982 3064 1050 3124 huc
1079 3062 1239 3140 delatus,
1274 3061 1330 3123 cui
1364 3069 1559 3143 praeterea

275 3158 456 3227 Saxoniae
479 3184 608 3227 nornen
632 3166 796 3230 adiunxit
818 3168 944 3250 pictor,
969 3187 1074 3250 quem
1096 3167 1132 3231 in
1156 3168 1275 3231 Misna
1297 3176 1401 3231 natus
1424 3166 1470 3230 sit
1495 3168 1558 3230 ad·

274 3268 374 3352 didit,
399 3280 435 3334 et
458 3272 578 3336 nescio
603 3292 693 3355 quae
714 3294 807 3337 vana
830 3274 866 3337 in
890 3274 1069 3338 infamiam
1083 3272 1261 3338 Saxoniae
1285 3274 1451 3353 carmina,
1478 3272 1557 3356 qui·

275 3379 341 3439 bus
366 3379 530 3441 omnibus
554 3380 748 3443 Lutherani
773 3390 898 3444 contra
921 3382 1085 3445 Sanctam
1110 3379 1240 3445 Sedem
1263 3390 1300 3445 et
1315 3378 1349 3444 S.
1365 3381 1408 3445 D.
1425 3380 1469 3443 N.
1487 3400 1557 3462 pro

275 3485 542 3567 consuetudine,
565 3488 758 3551 abutuntur
782 3498 820 3551 ut
843 3486 1006 3552 Saxones
1020 3489 1057 3552 in
1080 3509 1162 3551 suas
1186 3496 1307 3570 partes
1330 3488 1557 3569 protrahant.

274 3590 333 3655 Sic
350 3591 410 3655 ille
425 3594 579 3675 populus
602 3593 704 3657 vafer
726 3603 833 3677 atque
849 3596 962 3657 solers
987 3595 1052 3658 hos
1076 3594 1254 3657 benefitiis
1278 3592 1436 3675 attrahit,
1461 3594 1558 3656 alios

274 3700 356 3763 odio
381 3708 519 3781 avocat,
543 3700 632 3764 alios
655 3701 760 3764 bonis
783 3702 1068 3765 adversariorum
1092 3701 1246 3780 inescat,
1271 3701 1360 3763 alios
1384 3701 1557 3764 libertate

274 3808 397 3889 donat,
428 3807 517 3871 alios
541 3808 694 3890 denique
718 3808 905 3890 voluptate
936 3809 1132 3889 demulcet,
1161 3817 1200 3870 ut
1227 3806 1371 3870 difficile
1404 3807 1449 3869 sit
1482 3807 1558 3870 illis

273 3915 378 3977 etiam
403 3934 491 3977 saxa
514 3913 690 3978 resistere.
739 3912 809 3977 Sed
833 3926 937 3997 petra
959 3916 1115 3978 iustitiae
1140 3912 1304 3978 Saxones
1328 3934 1421 3993 suos,
1445 3912 1510 3994 qui
1535 3936 1559 3978 a

274 4020 369 4085 Saxo
394 4041 523 4084 nomen
548 4041 731 4103 accepere,
756 4020 982 4084 miserebitur
1005 4031 1042 4085 et
1064 4022 1204 4084 tutabit.
1257 4021 1459 4084 Paternitas
1491 4030 1559 4084 tua

273 4148 317 4191 ne
332 4128 499 4191 innoxius
514 4128 668 4210 populus
685 4130 777 4191 ultra
793 4129 980 4191 damnetur
994 4128 1134 4192 curabit
1140 4152 1148 4203 ;
1174 4148 1243 4209 ego
1261 4130 1339 4191 Deo
1359 4127 1558 4191 adiuvante

275 4234 427 4300 efficiam
443 4246 482 4297 ut
498 4234 654 4299 Saxonia
669 4234 769 4318 fides,
795 4236 1012 4316 obedientia,
1028 4236 1134 4319 zelus,
1150 4234 1305 4299 charitas
1321 4236 1357 4296 in
1374 4232 1559 4297 Christum

273 4352 309 4406 et
333 4342 499 4406 Sanctam
516 4340 645 4406 Sedem
661 4342 969 4426 perspicacissima
990 4353 1237 4424 cognoscatur.
1276 4341 1407 4403 Valeat
1430 4340 1557 4405 Pater-

273 4449 365 4513 nitas
389 4450 465 4512 Tua
489 4458 525 4512 et
549 4448 603 4513 sui
619 4450 735 4513 Lunni
759 4450 950 4532 aliquando
975 4450 1182 4512 recordetur
1206 4457 1243 4511 et
1266 4448 1557 4511 commendatum

271 4559 413 4620 habeat.
473 4556 526 4619 Ex
570 4556 820 4639 Norneburgst
856 4557 892 4619 in
936 4556 1181 4639 penetralibus
1222 4554 1401 4619 Saxoniae
1442 4554 1557 4618 Anno

272 4663 480 4727 MDXXIII
503 4664 659 4727 Kalend.
708 4662 873 4745 Augusti.

432 4792 463 4843 P.
485 4790 515 4841 T.
734 4788 848 4849 lmus
867 4786 902 4849 do
919 4786 1048 4849 vollhon
1065 4786 1110 4855 n„
1130 4791 1300 4857 Praepositus
1318 4790 1516 4841 Hildesemens.

806 4924 1012 4943 ῚΝΝἏΛΛΛΝΜΜ
