3425 5700
802 542 1047 598 *barse*

286 704 427 768 semper
464 686 588 749 solitus
620 708 658 749 es
693 688 882 753 exhibebis
915 699 1089 771 paratum.
1143 690 1218 753 Nos
1253 692 1345 753 enim
1378 692 1563 757 Nobilitati

285 799 367 853 tuae
390 792 526 873 gratias
548 813 636 874 quas
660 815 801 877 semper
824 797 997 861 debemus
1019 817 1085 878 pro
1109 797 1220 880 ipsius
1243 798 1378 862 meritis
1411 800 1563 863 libenter

285 898 422 979 agimus
447 910 482 961 et
505 909 564 963 tue
588 902 871 981 prestantissime
895 902 1004 967 menti
1027 924 1068 967 ac
1099 904 1225 986 pietati
1252 925 1332 968 eam
1365 916 1564 987 prestamus

285 1005 571 1070 benevolentiam
611 1017 650 1069 ut
680 1008 765 1071 nihil
797 1009 979 1074 ardentius
1012 1023 1135 1074 nostro
1168 1031 1257 1094 erga
1287 1019 1322 1074 te
1352 1033 1475 1077 amore
1514 1034 1561 1076 re·

285 1111 393 1193 periri
412 1112 518 1175 facile
539 1134 645 1195 posse
662 1116 836 1199 videatur,
861 1120 942 1184 Dat.
966 1128 1032 1183 etc.
1057 1116 1126 1182 Die
1146 1117 1205 1180 XI
1217 1117 1291 1181 Mai
1302 1118 1563 1184 MDXXXIV.

285 1219 391 1284 Anno
415 1219 544 1283 Primo

818 1548 889 1560 vvuvv-
894 1550 1024 1561 »ts-„m

890 1778 964 1845 156.

604 1890 763 1974 Clemens
790 1894 869 1975 VII.
899 1895 1042 1976 electori
1069 1896 1287 1977 treverensi.

701 2041 787 2114 (Arm.
805 2041 853 2100 n.
873 2042 949 2116 Ospa.
967 2042 1030 2101 m
1048 2043 1082 2102 li.
1100 2043 1154 2114 ta.)

800 2160 853 2229 (11.
873 2164 939 2213 Maii
962 2160 1048 2231 1524.)

373 2284 597 2350 Venerabilis
629 2288 755 2351 Frater
790 2298 856 2351 etc.
915 2289 971 2351 De
1002 2287 1143 2369 optimis
1179 2286 1306 2351 officiis
1331 2286 1566 2352 fraternitatis

283 2397 365 2451 tuae
390 2410 477 2473 erga
501 2391 606 2455 fidem
631 2393 770 2478 Christi,
795 2404 831 2457 et
855 2393 987 2458 Sedem
1011 2396 1103 2458 hanc
1127 2392 1313 2475 Sanctam,
1337 2414 1403 2477 per
1427 2395 1567 2458 litteras

282 2496 414 2560 Dilecti
448 2496 511 2561 filii
548 2502 658 2563 nostri
690 2502 873 2565 Laurentii
906 2500 1061 2566 Sanctae
1101 2502 1314 2565 Anastasiae
1345 2501 1566 2565 Praesbiteri

283 2602 480 2668 Cardinalis
505 2605 713 2689 Campegii,
747 2608 878 2690 nostri,
910 2619 947 2671 et
970 2605 1076 2672 Sedis
1100 2607 1333 2690 Apostolicae
1367 2610 1415 2671 de
1451 2610 1566 2672 latere

282 2711 394 2793 legati
425 2713 595 2777 certiores
625 2715 728 2797 facti,
765 2727 819 2779 est
850 2717 946 2798 quod
979 2736 1128 2798 agamus
1159 2714 1294 2797 gratias
1317 2716 1414 2794 Deo,
1443 2714 1565 2796 quiin

282 2819 442 2901 quamvis
466 2841 596 2904 magna
619 2822 723 2907 copia
747 2822 968 2904 zizaniorum,
992 2822 1125 2906 aliquid
1149 2831 1268 2888 tamen
1289 2822 1375 2886 boni
1397 2831 1434 2885 et
1457 2822 1568 2886 electi

281 2926 424 2989 seminis
458 2949 599 3012 semper
628 2930 801 3013 reliquum
833 2951 913 2994 esse
936 2932 1029 3011 vult,
1060 2931 1156 3012 quod
1179 2929 1333 2994 fructum
1356 2932 1566 3012 centuplum

281 3033 394 3114 possit
417 3034 563 3110 afferre;
595 3037 693 3100 Tuae
723 3057 811 3101 vero
842 3037 1057 3101 fraternitati
1086 3037 1275 3120 plurimum
1303 3056 1383 3100 cum
1406 3036 1566 3100 Domino

281 3142 516 3224 gratulemur,
550 3165 641 3226 quae
665 3145 742 3208 sola
769 3143 874 3208 nobis
897 3143 974 3207 visa
1002 3152 1078 3224 est,
1110 3153 1172 3207 aut
1202 3153 1300 3208 certe
1323 3164 1403 3207 cum
1426 3144 1566 3225 paucis,

281 3270 351 3312 non
377 3252 491 3314 solum
515 3252 775 3315 obtrectatione
800 3250 912 3314 divini
936 3250 1105 3331 nominiS,
1130 3252 1226 3334 quod
1250 3251 1344 3314 omni
1367 3251 1566 3316 christiano

281 3357 350 3420 ritu
375 3358 642 3440 confundendo,
668 3358 703 3421 in
727 3358 960 3443 opprobrium
990 3367 1155 3439 vocatur,
1184 3368 1333 3442 propter
1360 3379 1459 3438 eam,
1491 3379 1568 3440 qua

281 3465 444 3546 praedita
459 3477 514 3529 est
537 3465 745 3549 religionem
769 3466 932 3530 molestia
956 3465 1064 3540 affici;
1089 3467 1153 3530 sed
1176 3476 1324 3550 propter
1348 3465 1566 3547 sapientiam

282 3573 399 3654 etiam,
423 3593 590 3655 quorsum
613 3573 682 3637 ista
705 3575 865 3654 tendant,
890 3583 926 3636 et
949 3593 1054 3653 quem
1077 3574 1124 3636 ad
1139 3571 1246 3636 finem
1260 3582 1434 3655 spectent,
1455 3591 1565 3654 prae·

281 3680 414 3743 videre.
474 3681 618 3744 Utinam
661 3690 732 3744 tam
767 3689 932 3763 prompte
967 3680 1125 3743 remedia
1158 3679 1248 3743 tanti
1281 3678 1365 3743 mali
1398 3678 1565 3743 invenire

281 3808 481 3871 possemus,
506 3807 610 3871 quam
641 3797 844 3870 promptum
868 3797 923 3850 est
945 3787 1108 3850 omnibus
1131 3786 1233 3850 istius
1256 3785 1410 3850 nationis
1432 3785 1567 3868 princi-

280 3896 385 3980 pibus
409 3916 450 3958 ac
474 3893 684 3978 praesertim
708 3893 958 3958 ecclesiasticis
988 3893 1069 3975 (nisi
1093 3894 1193 3956 Deus
1216 3892 1398 3975 averterit)
1421 3893 1565 3974 pericu·

279 4004 370 4066 lumi
417 4002 473 4065 Ac
497 4021 562 4065 nos
586 4001 738 4083 quidem,
763 4001 792 4063 si
816 4000 1027 4082 temporalia
1050 4000 1235 4064 commoda
1258 4009 1475 4081 spectemus,
1498 4019 1566 4082 pa-

280 4130 356 4172 rum
380 4119 442 4173 aut
466 4109 552 4171 nihil
576 4129 695 4172 sumus
720 4109 899 4187 amissuri,
930 4108 1030 4170 salva
1061 4107 1155 4170 enim
1188 4127 1329 4188 semper
1361 4106 1428 4169 erit
1454 4107 1566 4170 nobis

280 4217 455 4298 dignitas;
480 4215 544 4279 sed
568 4224 690 4278 noster
713 4214 826 4278 omnis
850 4215 953 4277 dolor
972 4234 1019 4276 ex
1037 4213 1116 4276 Deo
1141 4221 1205 4294 est,
1229 4233 1345 4295 neque
1369 4212 1565 4276 incommo

280 4325 325 4386 do
350 4332 488 4402 nostro,
520 4324 584 4386 sed
607 4321 831 4405 pereuntium
862 4321 1057 4384 animarum
1088 4319 1347 4394 misericordia;
1376 4329 1413 4382 et
1444 4317 1563 4382 divini

280 4431 395 4494 cultus
419 4429 618 4512 dispendio,
642 4448 913 4493 commovemur.
960 4426 1048 4491 Cum
1071 4447 1160 4509 ergo
1180 4426 1364 4491 videamus
1388 4426 1473 4509 quid
1497 4447 1564 4490 no-

279 4537 420 4601 vissime
444 4536 479 4598 in
503 4535 667 4619 proximo
691 4545 870 4600 conventu
893 4533 1153 4617 Norimbergae
1175 4534 1284 4598 fuerit
1307 4541 1496 4597 statutum:
1521 4533 1563 4598 in

279 4665 349 4726 quo
384 4663 463 4706 cum
506 4643 716 4727 premissum
750 4642 875 4707 fuisset
911 4640 1066 4704 omnium
1100 4660 1296 4719 consensu,
1335 4660 1375 4702 se
1410 4641 1564 4705 decreto

279 4749 552 4831 Wormatiensi,
594 4769 660 4832 per
698 4759 912 4814 conventum
935 4749 1033 4811 illum
1055 4756 1140 4811 tunc
1175 4755 1364 4832 praesente
1401 4745 1565 4812 Caesare

279 4859 386 4942 facto,
420 4877 498 4924 esse
521 4859 612 4924 sicut
636 4857 767 4922 decens
791 4865 884 4939 erat,
917 4857 1244 4937 obtemperaturos,
1274 4853 1321 4918 ad
1358 4861 1563 4918 extremum
