3425 5700
832 560 1080 617 cb{illidii-0

313 708 350 771 di
373 708 520 771 Treveri
553 717 587 769 et
611 728 681 770 uno
705 709 875 789 theologo
900 709 1046 772 Decano
1080 709 1125 772 de
1150 730 1220 771 una
1245 708 1374 772 Chiesa
1406 709 1442 771 di
1468 708 1582 771 Franc·

314 815 394 877 ford
418 817 523 877 homo
549 817 595 876 da
618 817 711 877 bene
737 824 772 877 et
796 815 1081 895 catholicissimo,
1111 817 1194 897 qual
1218 816 1333 903 scrire
1358 825 1483 879 contra
1507 816 1586 877 Mar-

314 922 387 984 tino
419 922 456 983 di
489 921 581 984 forte
608 925 704 984 buon
737 923 847 985 voler.
896 923 968 985 Alli
1003 922 1085 985 anni
1110 922 1245 1005 passati
1275 932 1377 986 stava
1408 923 1442 985 in
1467 923 1587 985 Roma.

315 1029 392 1091 Hor
415 1028 512 1109 quivi
536 1029 557 1090 l'
575 1027 707 1092 official
731 1028 767 1092 di
789 1030 947 1110 Treveri,
972 1030 1134 1094 oratione
1158 1030 1284 1111 latina,
1317 1030 1526 1093 commincid
1549 1032 1588 1091 ad

315 1138 484 1199 exhortar
507 1136 662 1199 Martino
693 1138 760 1199 che
784 1157 975 1201 revocasse
1007 1137 1031 1199 li
1055 1137 1132 1200 suoi
1157 1137 1268 1200 errori
1301 1147 1335 1200 et
1364 1138 1392 1200 si
1416 1147 1588 1199 sottomet·

315 1254 409 1307 tesse
442 1244 501 1305 alli
525 1242 691 1322 Concilii,
726 1244 889 1324 Decreti,
925 1244 996 1323 usi,
1033 1244 1226 1308 cerimonie
1255 1244 1291 1306 di
1315 1244 1427 1308 Santa
1452 1229 1590 1316 Chiesa;

313 1350 467 1413 Martino
501 1350 636 1431 replico
669 1372 801 1433 pocw,
837 1352 977 1432 perche·
1003 1354 1053 1431 (ut
1076 1351 1186 1432 aiunt)
1220 1352 1238 1413 ὲ
1267 1352 1374 1413 homo
1399 1349 1589 1413 obliviosis·

314 1457 467 1530 sissim03
493 1460 605 1520 solum
631 1457 735 1537 disse,
761 1459 826 1521 che
852 1478 922 1520 non
948 1466 1051 1520 stava
1075 1458 1131 1521 alli
1150 1457 1310 1537 Concilii,
1334 1458 1359 1519 li
1375 1458 1471 1539 quali
1490 1478 1591 1520 erano

314 1565 406 1628 inter
430 1585 469 1627 se
494 1564 662 1627 contrarii
691 1574 726 1627 et
751 1586 942 1645 erravan0,
981 1586 1081 1628 come
1105 1567 1139 1628 lo
1165 1566 1199 1627 di
1225 1564 1450 1639 Constantia;
1488 1564 1589 1628 l'offi-

316 1672 384 1735 cial
408 1692 555 1753 respose
579 1674 645 1733 che
669 1672 704 1734 in
730 1672 878 1735 materia
901 1672 985 1735 fidei
1009 1673 1033 1735 li
1059 1672 1199 1735 concilii
1226 1694 1297 1735 non
1313 1673 1592 1747 contrariavano,

315 1780 360 1842 ne
394 1799 578 1843 erravano
627 1780 672 1840 A]
708 1780 773 1841 che
802 1778 956 1842 Martino
991 1780 1108 1861 allego
1143 1778 1327 1842 l'artieolo
1361 1780 1529 1842 damnato
1560 1778 1592 1839 in

316 1885 473 1949 Concilio
505 1887 550 1947 de
575 1886 798 1965 Constantia,
834 1888 929 1967 quod
954 1886 1117 1949 Ecclesia
1141 1895 1235 1948 esset
1266 1894 1400 1948 tantum
1425 1884 1592 1966 predesti-

318 2002 480 2055 natorum
514 2013 584 2055 non
610 1992 715 2054 etiam
749 1993 983 2074 prescitorum
1008 1994 1129 2071 simul,
1166 2002 1201 2054 et
1224 2014 1245 2054 a
1269 2006 1394 2073 questo
1419 1993 1539 2075 allego
1562 1992 1594 2053 in

315 2099 539 2164 contrarium.
578 2098 719 2161 Dictum
734 2100 870 2179 Jannis,
893 2099 1020 2163 XVII:
1046 2121 1135 2182 quos
1152 2099 1281 2162 dedisti
1298 2098 1381 2162 mihi
1398 2120 1468 2182 ego
1484 2112 1593 2163 custo-

316 2206 398 2285 divi,
423 2214 458 2267 et
483 2226 586 2267 nemo
611 2226 658 2267 ex
682 2204 734 2274 eis
757 2204 863 2286 periit
888 2206 954 2268 nisi
977 2207 1069 2270 filius
1088 2206 1308 2288 perditionis,
1333 2207 1366 2267 el
1389 2209 1471 2287 qual
1487 2209 1595 2285 detto,

315 2314 336 2376 l’
352 2312 483 2375 official
514 2322 652 2374 retorse
676 2311 748 2374 cosi
781 2310 1020 2377 validamente
1049 2314 1084 2377 in
1109 2314 1299 2376 Martinum
1332 2335 1431 2377 corne
1456 2314 1596 2377 certoe

314 2422 340 2482 il
363 2422 490 2499 dever,
513 2421 581 2482 che
605 2440 677 2481 non
701 2420 784 2501 pote
808 2420 869 2503 piu
894 2420 1056 2501 replicar.
1104 2422 1133 2484 Il
1157 2421 1247 2483 simil
1271 2420 1349 2483 fece
1373 2419 1409 2483 in
1434 2422 1493 2484 doi
1519 2421 1597 2485 altri

315 2528 451 2608 luochi,
476 2527 561 2589 nelli
585 2527 681 2608 quali
705 2526 743 2588 fu
768 2537 944 2590 convento
970 2528 1005 2589 di
1029 2537 1140 2608 sorte,
1166 2530 1231 2590 che
1255 2528 1403 2590 Treveri
1427 2530 1474 2591 ha
1498 2531 1597 2591 detto

314 2637 380 2697 che
405 2654 575 2716 sperava,
599 2635 665 2696 che
689 2634 844 2696 Martino
869 2634 966 2697 fusse
990 2634 1107 2697 subito
1131 2656 1197 2716 per
1221 2635 1394 2699 rendersi.
1441 2635 1503 2698 Ma
1527 2637 1597 2699 non

314 2744 352 2805 fu
383 2741 526 2821 ordine,
562 2742 639 2803 anzi
669 2740 969 2804 obstinatamente
1001 2740 1095 2804 disse
1130 2762 1199 2804 non
1230 2763 1328 2805 esser
1360 2763 1508 2825 prorsus
1534 2764 1598 2827 per

245 2867 246 2870 ’
314 2869 482 2929 revocar,
507 2850 558 2911 sel
583 2870 654 2911 non
679 2848 776 2912 fusse
800 2849 905 2911 melio
929 2862 1055 2922 vento;
1086 2860 1121 2912 et
1144 2850 1275 2931 perche
1301 2848 1322 2911 l'
1338 2849 1470 2913 official
1495 2872 1598 2934 argu-

315 2967 480 3020 mentava
503 2956 539 3017 in
563 2955 678 3018 forma
693 2955 890 3036 dialectica,
916 2955 1047 3038 disseli,
1072 2959 1137 3020 che
1158 2957 1205 3018 lui
1222 2978 1293 3019 non
1310 2959 1415 3020 volea
1440 2958 1461 3020 l'
1475 2979 1599 3022 usasse

314 3064 442 3145 logica,
466 3063 491 3126 il
516 3065 581 3126 che
606 3064 624 3126 ἐ
648 3084 719 3126 una
742 3063 868 3144 paccia
891 3085 1007 3144 mera,
1031 3064 1164 3146 perche
1188 3066 1284 3127 buon
1309 3066 1464 3128 sarebbe
1488 3085 1600 3128 ancor

315 3173 381 3234 che
413 3192 485 3234 non
509 3171 538 3233 si
570 3173 747 3253 parlasse;
784 3172 875 3233 adeo
906 3182 1031 3252 questo
1056 3181 1214 3234 monstro
1224 3222 1233 3252 ,
1269 3173 1501 3254 procedendo
1532 3192 1601 3254 per

314 3279 377 3341 tali
407 3277 543 3340 insanie
575 3282 647 3339 cosi
680 3278 864 3358 evidente,
900 3278 969 3340 tira
1001 3300 1021 3340 a
1054 3300 1092 3341 se
1124 3289 1291 3360 questoro
1322 3300 1422 3342 come
1456 3279 1599 3361 stupidi.

315 3385 381 3448 Poi
415 3387 448 3447 el
472 3387 693 3448 Treverense
727 3386 761 3446 lo
794 3385 945 3447 exhorto
979 3405 1000 3446 a
1023 3397 1143 3466 parte,
1178 3386 1221 3448 nd
1257 3385 1324 3448 mai
1359 3385 1397 3448 fu
1426 3387 1553 3449 ordine
1580 3408 1601 3449 a

314 3492 564 3574 persuaderIO,
601 3491 646 3553 ne
679 3491 699 3553 ὲ
729 3511 901 3574 speranza
925 3513 946 3554 a
976 3493 1137 3573 disputar
1170 3513 1271 3573 secO,
1308 3492 1440 3574 perche
1472 3513 1601 3556 recusa

315 3601 400 3681 ogni
424 3599 540 3662 iudice
566 3610 600 3662 et
625 3608 870 3680 apertamente
896 3599 974 3662 dice
999 3620 1070 3662 non
1087 3591 1188 3661 voler
1212 3608 1286 3662 star
1309 3599 1353 3662 ad
1371 3601 1500 3663 alcuno
1517 3621 1601 3662 con·

315 3707 412 3786 cilio,
449 3707 493 3768 ne
523 3708 568 3768 ad
600 3708 690 3768 altro
721 3727 866 3787 prorsus
898 3708 963 3769 che
996 3708 1072 3770 solo
1107 3709 1176 3770 alle
1206 3708 1329 3789 parole
1361 3708 1457 3770 della
1488 3707 1603 3770 biblia

315 3813 495 3894 utriusque
519 3814 732 3893 testamenti,
758 3823 793 3875 et
818 3815 934 3895 quelle
960 3823 1050 3876 tutte
1074 3816 1106 3877 le
1131 3817 1213 3877 vole
1234 3814 1471 3895 interpretare
1496 3835 1517 3877 a
1532 3835 1602 3878 suo

315 3922 421 3982 modo
431 3969 440 4000 ,
478 3929 513 3982 et
537 3921 593 3982 chi
618 3923 651 3983 le
677 3941 819 4001 expone
844 3923 1071 3998 altramente‚
1108 3943 1146 3984 se
1171 3943 1215 3983 ne
1240 3922 1334 4000 ride,
1367 3930 1403 3982 et
1426 3930 1604 4002 protesta,

315 4030 380 4089 che
405 4047 477 4088 non
500 4026 524 4088 li
548 4028 568 4088 ὲ
592 4025 779 4106 satis-fatto,
805 4037 841 4089 et
865 4049 886 4089 a
911 4037 1035 4108 questo
1062 4036 1165 4089 trova
1187 4026 1329 4089 subbito
1353 4026 1378 4088 li
1400 4027 1476 4090 suoi
1494 4027 1602 4090 Lute-

315 4134 391 4196 rani
417 4134 482 4196 che
507 4133 530 4194 li
554 4134 755 4214 aplaudeno
781 4143 816 4196 et
836 4133 986 4217 giurano
1011 4136 1076 4196 che
1101 4133 1122 4196 l’
1137 4136 1183 4195 ha
1204 4132 1363 4214 ragione.
1404 4133 1448 4195 Et
1471 4144 1604 4215 questo

316 4241 418 4322 giale
451 4250 506 4302 sta
530 4243 721 4303 observato
754 4243 800 4303 da
825 4241 923 4302 molti
955 4242 1020 4303 che
1046 4243 1163 4302 hanno
1194 4240 1367 4302 conferito
1393 4261 1495 4320 seco,
1530 4242 1603 4304 che

314 4348 363 4410 lui
386 4348 432 4410 ne
461 4348 478 4408 ὸ
503 4347 718 4429 gramaticO,
755 4348 799 4410 ne
823 4347 1008 4426 dialetico,
1047 4348 1089 4410 ne
1114 4346 1310 4428 philosofo,
1347 4348 1389 4409 ne
1415 4349 1603 4428 theologo,
1686 4359 1687 4362 ’

315 4476 372 4516 rna
396 4474 492 4516 mero
517 4455 711 4534 insensat0,
748 4464 783 4517 et
808 4455 825 4517 ὲ
851 4454 996 4536 opinion
1022 4453 1059 4517 di
1082 4453 1180 4534 tutti,
1218 4456 1284 4516 che
1308 4454 1355 4516 lui
1381 4474 1451 4517 non
1476 4454 1602 4518 habbii

315 4572 499 4642 composto
524 4563 559 4622 la
581 4561 641 4642 piu
666 4581 757 4642 gran
778 4571 880 4642 parte
905 4561 941 4624 di
966 4561 1081 4642 questi
1098 4560 1190 4640 libri,
1215 4569 1251 4622 et
1273 4560 1321 4622 lui
1336 4560 1397 4643 gia
1418 4563 1463 4624 ad
1479 4561 1604 4624 alcuni

314 4670 396 4731 l’ha
429 4668 631 4732 confessato
664 4677 940 4750 secretamente,
976 4671 1041 4732 che
1074 4670 1099 4731 li
1123 4668 1199 4730 suoi
1224 4667 1326 4730 amici
1357 4670 1476 4731 hanno
1504 4688 1602 4730 com·
1686 4651 1687 4658 ἵ

315 4785 419 4856 posto
444 4776 559 4856 questi
583 4775 750 4858 peggiori
774 4776 868 4859 libri,
892 4797 949 4839 rna
973 4777 1039 4839 che
1064 4779 1136 4838 cosl
1161 4775 1179 4838 ὲ
1205 4785 1400 4838 constretto
1425 4795 1545 4839 servar
1566 4777 1607 4838 la

314 4882 398 4949 fede
431 4884 467 4947 di
491 4905 555 4948 sua
579 4884 823 4948 coniuratione
858 4893 894 4948 et
917 4904 988 4947 non
1020 4886 1054 4948 lo
1080 4883 1177 4963 dice,
1213 4903 1346 4946 senon
1380 4883 1427 4946 ad
1450 4903 1497 4945 un
1519 4883 1608 4948 solo
1686 4881 1687 4914 ³
