3425 5700
641 570 699 629 eo
740 556 791 631 isa
829 560 890 629 ea

141 729 262 802 menta,
293 738 431 803 perque
463 721 620 784 rationes
650 742 729 786 cum
760 719 926 785 hereticis
951 720 1192 802 disceptantes
1217 719 1404 800 diffusique

142 826 331 909 elicuerunt,
356 848 462 909 quam
486 848 667 892 sacrorum
684 827 922 891 Conciliorum
940 827 1187 890 determinatio
1211 826 1405 906 roboravit,

141 944 171 996 et
200 936 291 1016 quod
325 955 391 1017 per
423 937 590 999 doctores
626 944 703 999 erat
726 934 970 998 doctrinaliter
995 934 1208 1015 discussum,
1245 931 1405 996 Ecclesia

140 1042 382 1106 sententialiter
406 1042 585 1108 diffinivit.
631 1043 672 1105 In
697 1063 767 1123 qua
791 1051 913 1123 patres
937 1050 973 1103 et
996 1041 1148 1104 maiores
1166 1040 1275 1104 nostri
1301 1039 1404 1102 confi-

140 1149 253 1212 denter
276 1150 403 1213 mortui
427 1158 519 1230 sunt,
544 1160 580 1212 et
604 1160 771 1232 tanquam
795 1148 1031 1212 hereditatem
1055 1148 1090 1210 in
1115 1168 1180 1211 nos
1205 1146 1404 1210 transmise-

141 1265 219 1336 runt,
240 1257 285 1319 de
309 1277 379 1339 qua
402 1267 474 1320 tam
497 1256 685 1339 pontifitio,
711 1277 816 1339 quam
841 1256 1006 1319 Caesaris
1027 1255 1103 1337 jure
1128 1254 1309 1336 disputare
1326 1274 1403 1337 pro·

141 1361 296 1443 hibemur,
320 1372 356 1426 et
380 1384 459 1426 cum
484 1364 581 1445 apud
605 1365 734 1426 multos
757 1362 959 1426 rationandi
984 1372 1019 1423 et
1043 1361 1240 1425 altercandi
1264 1380 1336 1424 non
1362 1360 1406 1422 sit

141 1465 216 1550 finis,
238 1478 388 1551 utraque
412 1491 572 1552 censura,
597 1470 632 1533 in
657 1490 720 1533 eos
744 1470 802 1552 qui
818 1480 988 1551 proterva
1005 1469 1204 1531 temeritate
1224 1467 1405 1530 Ecclesiae

142 1574 260 1639 nollent
282 1577 578 1640 determinatione
610 1578 794 1640 subiacere
825 1597 965 1659 poenae
998 1576 1139 1657 prodite
1164 1585 1245 1638 sunt
1269 1585 1305 1638 et
1328 1595 1405 1657 pro-

141 1683 290 1763 mulgate.
338 1685 495 1766 Reliqua
514 1706 579 1767 per
602 1693 638 1747 te
660 1684 755 1746 dicta
770 1684 935 1764 Martine,
959 1683 1135 1746 brevitate
1153 1684 1307 1762 studens,
1332 1693 1405 1744 tan·

141 1808 232 1868 quam
252 1792 335 1853 huic
361 1792 506 1872 negotio
531 1812 601 1854 non
626 1791 871 1874 congruentia,
896 1792 941 1853 de
964 1790 1137 1853 industria
1160 1800 1336 1872 pretereo.

216 1896 309 1960 Nihil
333 1908 388 1961 est
412 1920 500 1982 ergo
525 1898 689 1978 Martine,
714 1899 810 1980 quod
832 1896 1108 1980 disputationem
1133 1917 1253 1960 eorum
1279 1916 1405 1977 expec-

141 2011 186 2063 tes
216 2024 283 2085 que
316 2014 415 2069 certa
451 2016 487 2068 et
518 2006 689 2088 explicita
711 2004 782 2068 fide
807 2008 954 2068 credere
979 2004 1120 2068 teneris
1168 2004 1406 2085 Quamobrem

141 2110 249 2173 eadem
272 2112 393 2195 sepius
413 2113 626 2175 inculcanda
649 2123 684 2177 et
709 2114 907 2194 repetenda
930 2122 1028 2194 puto,
1052 2120 1091 2173 ut
1105 2110 1242 2173 sincere
1267 2118 1303 2173 et
1326 2130 1403 2173 can-

141 2216 229 2296 dide,
261 2239 331 2282 non
362 2222 529 2302 ambigue
567 2241 638 2283 non
673 2231 821 2283 cornute
846 2220 1086 2300 respondeas,
1112 2238 1157 2279 an
1181 2218 1292 2280 libros
1315 2226 1406 2299 tuos,

140 2331 169 2382 et
189 2344 322 2388 errores
345 2326 433 2389 inibi
457 2335 645 2389 contentos
669 2331 733 2390 abs
760 2336 795 2389 te
820 2326 1079 2406 disseminatos
1104 2345 1274 2388 revocare
1299 2332 1334 2387 et
1354 2346 1406 2387 re-

140 2438 278 2494 tractare
301 2433 401 2515 velis,
425 2453 491 2496 nec
516 2455 571 2497 ne.

569 2577 632 2638 Ad
656 2579 732 2639 hec
756 2576 971 2640 Martinus

218 2701 366 2782 Quando
383 2721 471 2783 ergo
485 2702 723 2765 sacratissima
736 2702 907 2782 Majestas
922 2712 1052 2781 vestra,
1077 2700 1407 2782 dominationesque

140 2817 246 2873 vestre
279 2809 431 2891 simplex
457 2828 664 2890 responsum
693 2818 819 2890 petunt
854 2810 948 2872 dabo
973 2809 1060 2871 illud
1085 2829 1200 2891 neque
1224 2820 1407 2872 cornutum

141 2933 241 2995 neque
265 2917 467 2996 dentatum,
503 2917 537 2977 in
563 2918 656 2979 hunc
681 2917 841 2979 modum:
878 2917 951 2979 Nisi
976 2917 1159 2979 convictus
1183 2917 1285 2979 fuero
1309 2919 1405 2980 testi·

141 3022 251 3084 moniis
284 3022 558 3105 scripturarum,
596 3032 657 3086 aut
691 3025 828 3086 ratione
853 3023 1010 3086 evidenti
1047 3021 1141 3110 (nam
1166 3043 1280 3105 neque
1307 3025 1405 3104 Pape

142 3147 240 3210 neque
265 3129 432 3192 Conciliis
467 3131 553 3192 solis
590 3133 718 3207 credo,
754 3150 832 3192 cum
858 3140 996 3192 constet
1022 3140 1057 3192 et
1081 3151 1200 3192 erasse
1225 3131 1345 3212 sepius
1369 3141 1403 3192 et

141 3233 197 3297 sibi
216 3237 302 3319 ipsis
334 3236 607 3315 contradixisse)
643 3247 678 3298 et
707 3237 821 3299 victus
845 3237 909 3299 sim
934 3237 1119 3318 scripturis
1143 3257 1163 3298 a
1187 3258 1243 3300 me
1268 3238 1403 3300 edoctis

142 3351 171 3402 et
191 3353 291 3425 capta
322 3343 539 3406 conscientia
566 3344 600 3404 in
633 3345 753 3406 verbis
785 3344 871 3424 Dei,
903 3363 1074 3406 revocare
1104 3364 1219 3424 neque
1251 3365 1405 3426 possum,

142 3468 240 3530 neque
274 3452 358 3514 volo
388 3449 574 3532 quicquid,
611 3469 690 3512 cum
719 3460 843 3512 contra
869 3451 1120 3513 conscientiam
1155 3471 1264 3532 agere
1290 3471 1405 3532 neque

141 3564 248 3638 tutum,
273 3579 389 3639 neque
413 3558 590 3638 integrum
615 3557 670 3619 sit.
717 3556 805 3620 Gott
829 3557 930 3619 Helff
951 3557 1024 3630 mir;
1051 3558 1176 3620 Arnen.

216 3665 294 3746 Quo
320 3684 494 3746 responso
520 3685 584 3747 per
608 3665 776 3726 Luterum
802 3665 898 3744 datu,
915 3674 1136 3726 «memoratus
1152 3663 1310 3726 notarius
1334 3683 1405 3726 om-

143 3769 231 3832 nibus
260 3773 329 3834 iam
362 3792 427 3853 pre
458 3776 564 3834 turba
596 3783 632 3833 et
656 3775 775 3834 calore
800 3771 951 3850 lassatis,
976 3771 1161 3833 discedere
1185 3771 1404 3852 parantibuS,

143 3879 248 3954 paucis
272 3899 338 3961 pro
363 3878 533 3960 temporis
556 3879 722 3960 angustia
739 3877 957 3940 inclamavit:
985 3879 1135 3959 Depone
1153 3878 1404 3941 conscientiam

143 3982 297 4067 Martine,
332 4007 435 4067 quarn
462 3987 643 4067 deponere
668 3985 818 4062 teneris,
843 3985 926 4066 quia
951 4005 1101 4047 erronea
1133 3996 1203 4058 est;
1233 3995 1268 4047 et
1292 3995 1404 4047 tutum

144 4089 196 4152 tibi
216 4093 280 4155 erit
303 4109 474 4155 revocare
504 4103 539 4154 et
563 4093 750 4172 integrum.
799 4093 903 4172 Quod
935 4103 1052 4154 autem
1078 4093 1237 4155 Concilia
1266 4113 1403 4155 errasse

144 4196 233 4278 dicis,
260 4203 356 4263 nullo
385 4220 539 4280 unquam
565 4208 725 4280 tempore
750 4201 904 4281 probare
929 4199 1062 4280 poteris
1092 4198 1125 4260 in
1150 4200 1298 4262 materia
1320 4197 1403 4261 fidei

145 4307 268 4388 saltem,
298 4309 381 4369 licet
404 4307 438 4368 in
463 4307 611 4368 materia
635 4327 787 4384 morum,
812 4306 879 4368 ista
903 4307 998 4367 baud
1025 4317 1174 4387 gravate
1199 4305 1403 4387 permisero.

221 4415 275 4475 Ad
296 4417 363 4476 bec
387 4413 562 4476 Martinus
586 4433 625 4474 se
649 4434 692 4474 ea
716 4416 870 4493 probare
897 4433 1004 4494 posse
1028 4414 1243 4475 reclamavit.

221 4519 270 4582 Ita
292 4521 358 4584 fuit
382 4541 571 4583 recessum.

490 4663 612 4725 Libri
638 4660 823 4724 Martini
848 4659 1044 4724 Lutlreri.

146 4781 192 4844 De
213 4786 309 4850 bonis
331 4787 512 4869 operibus.

147 4886 192 4950 De
213 4892 370 4957 libertate
394 4895 599 4957 christiana.
