3425 5700
735 897 808 964 117.

395 1024 864 1106 vicecancellarius
900 1020 1153 1102 Alcandrc.

574 1163 713 1230 dimitat.
731 1161 857 1222 aeman
877 1161 908 1220 L
927 1162 975 1227 81.)

627 1281 684 1350 (20.
702 1283 818 1346 Augusti
841 1280 928 1344 1521.)

229 1428 323 1492 Rev.
347 1427 450 1491 nobis
475 1426 713 1492 dilectissime.
760 1425 924 1488 Havemo
947 1446 1019 1488 una
1049 1433 1171 1488 vostra
1201 1426 1245 1486 de
1273 1435 1327 1486 tre
1356 1425 1414 1487 del

158 1556 236 1598 mese
260 1537 306 1598 da
331 1531 467 1619 Gaude
490 1555 556 1616 per
580 1535 614 1598 la
638 1537 742 1616 quale
759 1534 790 1596 ci
806 1533 943 1596 avisate
959 1533 994 1595 la
1011 1533 1225 1595 resolutione
1250 1532 1345 1594 iacta
1369 1531 1414 1594 de

158 1642 310 1722 expedire
335 1642 359 1704 il
384 1661 526 1704 correre
551 1644 596 1704 de
613 1641 743 1705 Cesare
768 1641 823 1702 coi
837 1639 994 1703 mandati
1017 1658 1083 1721 per
1106 1647 1197 1702 tutta
1214 1637 1416 1719 Germania,

158 1750 233 1830 quali
258 1769 367 1812 erano
396 1749 455 1831 gi'a
484 1748 646 1830 sigillati;
670 1748 696 1811 il
720 1750 785 1811 che
810 1748 827 1811 ὲ
853 1747 961 1811 molto
986 1746 1162 1829 piacciuto
1187 1767 1208 1808 a
1231 1745 1274 1808 N.
1300 1743 1352 1807 Sm
1381 1753 1417 1808 et

160 1855 246 1917 lauda
269 1856 305 1918 la
328 1855 435 1918 solita
458 1855 643 1938 diligentia
668 1866 788 1918 vostra
812 1863 854 1918 et·
872 1863 1004 1936 quanto
1028 1855 1064 1916 al
1087 1851 1219 1936 Signor
1243 1855 1416 1934 guberna-

160 1971 222 2024 tore
242 1961 276 2024 di
301 1961 450 2040 Bressa,
482 1965 587 2043 quale
615 1962 767 2025 scrivete
791 1961 926 2025 esservi
950 1969 1044 2024 stato
1068 1960 1277 2023 favorevole
1302 1981 1323 2022 a
1346 1961 1417 2022 tale

164 2069 372 2161 expeditione
386 2068 459 2131 Sua
475 2067 614 2132 Santita
639 2069 675 2132 vi
699 2079 887 2132 commette
911 2069 947 2131 lo
970 2068 1179 2150 ringratiate
1205 2077 1241 2131 et
1257 2067 1419 2130 offeriate

165 2185 215 2240 etc.
254 2175 295 2238 N.
321 2175 358 2238 S.
393 2177 411 2238 ὲ
444 2176 640 2240 certissimo
673 2178 739 2240 che
771 2197 842 2239 non
875 2175 1027 2258 bisogna
1061 2176 1104 2238 nd
1136 2173 1344 2238 exhortarvi
1374 2173 1418 2236 ne

57 2278 60 2295 '
166 2280 321 2346 ricordare
346 2283 537 2347 altrimenti
561 2305 582 2346 a
604 2304 815 2365 perservare
838 2282 887 2345 fin
911 2285 977 2346 che
1001 2283 1036 2345 vi
1051 2303 1137 2366 pare
1157 2303 1276 2346 essere
1300 2302 1418 2345 neces-

167 2390 239 2452 saria
259 2389 279 2452 l’
296 2411 409 2472 opera
432 2400 553 2454 vostra
579 2393 666 2466 cosl;
690 2393 803 2473 perhd
827 2391 864 2454 in
888 2400 979 2452 tutto
1003 2411 1041 2453 se
1065 2400 1214 2453 remette
1239 2412 1258 2452 a
1282 2392 1317 2452 la
1339 2409 1419 2471 pru·

168 2497 263 2560 dentia
287 2507 323 2560 et
346 2497 430 2561 fede
454 2508 575 2561 vostra
599 2500 764 2562 havendo
788 2507 930 2561 trovato
956 2497 991 2560 in
1014 2497 1073 2560 voi
1097 2498 1118 2559 l’
1136 2517 1205 2560 uno
1230 2507 1267 2560 et
1290 2498 1310 2558 l’
1330 2498 1420 2561 altro

169 2604 239 2665 assai
260 2604 445 2687 maggiore
469 2606 514 2669 de
538 2606 572 2668 la
597 2605 841 2689 expettatione
866 2626 940 2669 sua.
986 2605 1165 2687 Adonque
1181 2606 1214 2666 el
1237 2623 1421 2668 remanere

169 2711 258 2773 anche
280 2713 431 2793 qualche
465 2714 499 2774 dl
531 2711 645 2776 finche
678 2713 712 2776 el
739 2713 891 2795 bisogno
922 2713 957 2775 lo
981 2710 1133 2797 ricerehi
1157 2732 1228 2774 non
1251 2710 1332 2773 sara
1355 2712 1421 2773 che

170 2815 240 2881 bene
258 2821 400 2901 quando
417 2841 438 2883 a
454 2819 513 2884 voi
536 2817 684 2902 piaccia,
709 2829 745 2884 et
768 2828 983 2883 tornarvene
1006 2817 1067 2901 poi
1091 2819 1233 2902 quando
1257 2817 1294 2882 vi
1316 2817 1422 2900 parra

170 2927 284 3003 poterlo
307 2926 385 2989 fare
410 2947 515 2988 senza
538 2928 696 3008 periculo
721 2938 842 2990 vostro
867 2936 903 2990 et
933 2929 1036 2990 dela
1066 2947 1173 2991 causa
1204 2926 1347 3008 publica
1378 2927 1423 2987 de

170 3038 247 3094 tanta
268 3032 497 3116 importanza.
545 3034 582 3096 L'
599 3033 718 3097 officio
748 3034 838 3097 fatto
864 3055 932 3098 con
956 3034 1102 3097 Erasmo
1127 3035 1145 3097 ὲ
1170 3044 1248 3097 suto
1272 3032 1422 3115 grande-

170 3150 265 3201 mente
289 3142 322 3204 al
345 3142 545 3223 proposit0,
571 3150 606 3204 et
638 3141 679 3203 N.
711 3140 758 3204 δ’.
784 3141 949 3205 desidera
971 3141 1234 3223 perseveriate‚
1270 3140 1423 3202 iacendo

170 3244 369 3311 dolcemente
394 3248 480 3330 ogni
505 3248 621 3312 sforzo
637 3270 703 3331 per
726 3248 860 3311 ridurlo
878 3250 946 3312 alla
963 3248 1071 3311 dritta
1095 3248 1164 3328 via,
1188 3248 1254 3310 che
1278 3246 1313 3309 in
1336 3267 1423 3309 νετο

168 3349 271 3417 faresti
296 3378 315 3418 a
340 3352 376 3418 S.
402 3354 454 3416 Sca
484 3376 569 3419 cosa
593 3356 872 3438 singolarmente
896 3365 1019 3439 grata,
1047 3355 1178 3437 perche
1211 3375 1311 3417 come
1342 3353 1423 3415 scri·

167 3469 242 3539 vete,
265 3462 311 3524 ha
335 3462 480 3542 seguaei
505 3463 608 3527 assai.
657 3464 758 3526 Circa
781 3464 805 3525 li
822 3462 1221 3545 desordiniprocedeno
1246 3463 1303 3523 nel
1329 3462 1424 3523 clero

164 3584 219 3645 per
243 3570 275 3631 la
303 3568 454 3632 timidita
489 3571 523 3632 di
555 3570 637 3653 quel
668 3570 763 3633 Rmo
793 3581 827 3633 et
861 3573 932 3632 bon
957 3568 1156 3650 servitori),
1186 3568 1304 3630 danno
1336 3586 1424 3648 gran

163 3676 310 3739 molestia
335 3698 354 3739 a
380 3676 421 3739 N.
445 3674 493 3740 Sr.
519 3687 555 3741 et
578 3698 599 3739 a
623 3698 687 3740 sua
711 3676 869 3758 signoria
892 3677 987 3739 Rma
1010 3676 1166 3739 incarico
1190 3672 1425 3756 grandissimo

162 3789 191 3841 et
212 3782 267 3863 gia
291 3782 320 3847 si
345 3783 365 3845 ὲ
390 3785 513 3847 scritto
544 3786 578 3848 al
612 3784 887 3847 Prothonotario
917 3784 982 3845 che
1013 3782 1104 3865 parli
1135 3802 1243 3864 sopra
1273 3782 1327 3843 cio
1358 3800 1425 3842 con

162 3884 296 3973 Cesare,
335 3900 371 3954 et
405 3892 497 3955 dove
532 3893 684 3975 bisogna
713 3912 778 3973 per
806 3890 887 3953 farli
918 3891 1002 3972 ogni
1036 3890 1204 3954 remedio.
1256 3888 1325 3951 Voi
1355 3908 1426 3949 non

162 4008 351 4061 mancarete
377 4000 413 4060 di
437 4000 514 4063 fare
546 4002 580 4065 el
610 4002 790 4062 medesmo
820 4008 855 4060 et
886 3997 989 4060 caldo
1018 3996 1136 4059 officio
1167 4005 1202 4059 et
1234 4015 1427 4078 procurare

162 4118 220 4164 con
245 4106 324 4187 ogni
349 4107 519 4170 instantia
535 4108 600 4170 che
618 4107 640 4168 'l
664 4108 755 4168 male
772 4126 842 4168 non
858 4108 1026 4187 proceda,
1051 4125 1108 4166 ma
1131 4103 1159 4165 si
1183 4102 1270 4185 tagii
1295 4110 1427 4183 quanto

164 4206 216 4282 piu
245 4224 371 4291 presto
427 4213 508 4276 Non
543 4222 703 4295 potreste
738 4214 887 4275 credere
921 4222 1053 4294 quanto
1084 4209 1282 4293 dispiacere
1312 4230 1351 4271 se
1381 4210 1429 4271 ha

166 4314 218 4389 qui
246 4318 368 4382 detali
394 4320 674 4402 inconvenienti,
699 4321 851 4383 maxime
876 4320 1056 4382 nascendo
1090 4338 1155 4398 per
1185 4318 1220 4378 la
1251 4316 1426 4398 dappoca·

197 4540 220 4607 'i
238 4550 333 4602 Frustra
354 4556 474 4620 quaesivi
503 4555 570 4604 hanc
589 4554 704 4604 litteram
729 4562 756 4604 et
774 4553 847 4603 illam
868 4552 955 4601 datam
981 4550 1030 4599 snb
1050 4550 1093 4599 die
1116 4562 1155 4600 12.
1180 4548 1298 4597 eiusdem
1317 4550 1431 4617 mensis3

239 4634 335 4683 maxime
360 4636 506 4687 dolendum
526 4636 559 4685 de
582 4636 689 4685 istarum
716 4636 834 4693 delectu,
863 4632 1031 4694 singulariter
1048 4631 1117 4679 enim
1145 4630 1292 4693 praetiosae
1310 4631 1432 4679 videntur

242 4719 331 4774 propter
347 4716 464 4766 officium
484 4733 542 4766 cum
557 4717 668 4765 Erasmo
689 4717 787 4765 sactum
806 4721 833 4763 et
851 4713 1014 4762 narrationes
1033 4711 1210 4759 defectionum
1230 4710 1294 4758 cleri
1307 4712 1430 4775 precipue

248 4788 276 4835 ⁰¹)
291 4794 427 4859 Marrucini
446 4798 621 4850 oscitantiam.

220 4860 355 4941 'inrchiep
373 4880 522 4942 Magnentio.
542 4885 571 4927 ut
590 4884 698 4943 apparet
717 4892 749 4925 ex
768 4876 841 4940 epist
864 4874 995 4923 Aleandri
1013 4873 1056 4921 die
1075 4872 1146 4921 XVI
1164 4871 1232 4935 Julii
1250 4872 1320 4921 data.
