3425 5700
656 562 715 618 ΗΒ
753 566 806 618 459
845 562 904 616 &a

150 707 320 771 dentinum
344 718 538 791 expectare
562 710 657 774 omni
680 712 769 773 hora
793 709 1035 789 obsidionem,
1072 730 1176 791 quarn
1209 710 1329 773 rustici
1360 711 1418 773 mi-

150 824 279 896 nantur,
303 825 341 879 ut
365 819 411 879 ab
436 816 724 899 exploratoribus
755 816 895 899 accepi;
931 817 1074 899 quando
1103 815 1217 898 pridie
1238 815 1360 880 rustici
1384 816 1419 879 in

152 922 299 984 Bolzano
335 924 537 1005 propinquo
577 923 711 1006 oppido
749 926 845 987 bona
879 923 1192 1005 Mnnasteriorum‚
1229 934 1265 986 et
1296 925 1420 986 domus

149 1029 415 1093 Teutonieorum
431 1029 467 1092 in
482 1031 653 1111 praedam
668 1030 761 1093 inter
778 1051 815 1094 se
839 1031 962 1112 partiti
985 1041 1075 1094 sunt.
1124 1029 1216 1111 Quid
1236 1030 1420 1113 pluribus?

150 1135 180 1197 in
201 1136 373 1217 praefatis
397 1136 591 1218 provinciis
621 1146 657 1200 et
684 1137 763 1200 aliis
787 1137 905 1200 multis
928 1137 1016 1200 locis
1041 1137 1126 1200 nihil
1151 1137 1302 1219 amplius
1334 1137 1419 1219 pris·

150 1241 206 1304 tini
228 1244 387 1324 decoris,
412 1243 747 1327 ecclesiasticaeque
771 1245 1021 1308 observantiae
1045 1265 1191 1308 cernere
1217 1254 1280 1308 est.
1340 1243 1419 1308 Om-

151 1347 202 1411 nia
214 1351 387 1431 populare
405 1351 532 1434 vulgus
547 1351 741 1429 innovavit,
751 1372 1002 1433 sacrorumque
1017 1353 1302 1436 peragendorum
1316 1353 1420 1415 ritum

152 1457 314 1520 hactenus
338 1469 517 1522 servatum
541 1459 751 1540 antiquavit;
776 1479 892 1540 neque
917 1461 983 1522 hoc
1008 1461 1144 1522 scelere
1169 1459 1276 1541 impio
1301 1461 1419 1522 admo·

152 1563 225 1626 dum
249 1575 471 1644 contentum,
497 1587 539 1628 eo
564 1553 723 1629 insaniae
747 1565 931 1647 processit,
956 1576 995 1628 ut
1017 1567 1258 1630 saecularibus
1279 1586 1420 1650 quoque

154 1671 368 1752 Principibus
383 1674 510 1754 legem,
531 1693 601 1755 qua
624 1672 675 1735 illi
698 1673 744 1736 de
762 1681 881 1736 cetero
907 1673 979 1736 suis
995 1673 1208 1756 imperitent,
1224 1674 1419 1756 imposituri

153 1799 222 1840 esse
246 1778 444 1843 videantur.
491 1779 650 1862 Exigunt
673 1790 755 1842 ante
780 1779 915 1860 omnia,
948 1790 986 1842 ut
1016 1782 1061 1844 ad
1093 1782 1234 1844 modum
1259 1801 1358 1844 suum
1382 1780 1419 1842 li-

152 1885 230 1946 bere
254 1885 305 1946 eis
329 1887 549 1968 relinquatur
565 1885 798 1969 evangelicae
823 1886 1006 1950 doctrinae
1029 1886 1217 1971 professi0,
1234 1908 1338 1969 quam
1361 1886 1421 1950 im·

153 1991 301 2071 peditam
325 2013 391 2074 per
414 1992 605 2075 episcopos
628 1994 813 2073 hactenus,
837 2013 907 2056 uno
931 1994 1019 2056 hore
1044 1996 1213 2076 clamant,
1245 1993 1312 2056 sibi
1337 1993 1422 2076 ipsis

152 2098 292 2160 electuri
315 2099 351 2162 in
375 2109 556 2183 posterum
580 2098 640 2180 qui
665 2100 864 2163 declament
882 2100 1123 2184 evangelium;
1149 2102 1244 2182 quod
1262 2101 1321 2163 ubi
1346 2100 1420 2163 sine

154 2207 389 2270 moderatione
414 2208 501 2287 ulla,
533 2217 572 2269 ut
595 2206 701 2269 etiam
726 2227 804 2269 curn
827 2207 987 2288 periculo
1012 2208 1107 2270 vitae
1131 2229 1216 2271 suae
1240 2217 1363 2290 petere
1388 2217 1423 2270 et

153 2316 240 2376 velle
255 2314 430 2394 videntur,
447 2314 674 2393 obtinuerint,
690 2323 764 2377 tum
778 2323 895 2377 actum
919 2314 986 2378 erit
1001 2315 1046 2377 de
1062 2313 1225 2378 omnibus
1243 2315 1423 2378 Ecclesiae

154 2421 376 2502 proceribus,
400 2421 435 2484 in
471 2423 538 2486 hac
571 2420 738 2501 Natione,
773 2420 810 2484 in
843 2441 992 2502 quorum
1028 2422 1173 2485 exitium
1208 2421 1425 2502 conspiravit

155 2529 314 2592 universa
337 2529 462 2610 populi
491 2526 694 2591 Germanici
725 2528 931 2609 multitud0,
968 2529 1062 2610 quod
1101 2527 1184 2590 mihi
1219 2548 1337 2590 coram
1372 2527 1426 2589 his

155 2636 273 2698 diebus
300 2635 462 2698 innotuit.
510 2626 642 2697 Audivi
666 2633 759 2697 enirn
794 2634 881 2698 meis
906 2634 1049 2698 auribus
1082 2657 1128 2698 ex
1157 2636 1261 2698 huius
1295 2632 1422 2695 Princi-

156 2753 254 2824 patus
268 2742 336 2805 mei
354 2741 562 2825 Tyrolensis
577 2741 739 2821 subditis,
756 2742 802 2804 ad
818 2761 907 2823 quos
923 2743 1101 2805 sedandos
1124 2763 1180 2804 me
1203 2741 1316 2823 ipsum
1346 2759 1424 2802 con·

156 2850 229 2923 tuli;
255 2850 466 2933 inceperant
490 2849 582 2913 enim
606 2860 642 2912 et
677 2848 745 2931 ipsi
780 2848 814 2912 in
850 2848 1134 2914 Ecclesiasticam
1169 2870 1243 2912 rem
1278 2847 1426 2929 saevire,

156 2957 298 3038 primurn
322 2957 418 3038 apud
442 2956 636 3035 Brixinam,
661 2957 696 3019 in
720 2977 791 3038 qua
821 2958 1016 3039 expilatum
1048 2965 1102 3019 est
1133 2977 1236 3019 omne
1266 2957 1427 3019 sacerdo·

155 3064 245 3143 tium,
269 3075 305 3129 et
330 3064 528 3147 Episcopus
551 3064 707 3145 fugatus,
732 3064 864 3128 deinde
888 3064 1005 3127 vicina
1025 3062 1253 3142 Monasteria,
1279 3081 1427 3143 quorum

157 3175 220 3236 duo
245 3174 352 3237 etiam
376 3172 534 3254 depilata
561 3180 643 3234 sunt
666 3193 777 3254 usque
804 3172 840 3235 in
870 3174 1000 3237 vallem
1024 3174 1241 3236 Puseranam
1264 3190 1330 3252 pro
1355 3189 1425 3231 ser·

156 3281 267 3361 pentis
291 3280 374 3344 rnali
396 3279 643 3363 intemperiem
667 3279 929 3360 sustinuerunt,
962 3290 1095 3361 quanta
1125 3279 1319 3341 animorum
1350 3296 1427 3359 per-

157 3388 281 3451 vicatia
304 3388 453 3450 tendant
480 3387 516 3449 in
549 3386 687 3449 ruinam
719 3387 826 3449 totius
849 3385 1090 3449 Ecclesiastici
1115 3384 1257 3448 ordinis,
1304 3384 1429 3464 Neque

158 3496 244 3558 enim
272 3494 409 3574 dubito,
433 3493 518 3577 quin
551 3493 810 3575 processissent
834 3494 879 3556 ad
914 3492 1051 3575 reliqua
1084 3493 1325 3569 devastanda,
1362 3489 1431 3553 nisi

156 3621 209 3666 me
231 3602 300 3667 illis
324 3600 533 3665 obiecissem
556 3600 651 3664 omni
682 3600 964 3664 mansuetudine.
1021 3599 1146 3681 Neque
1176 3598 1314 3661 vicinos
1346 3596 1430 3659 mihi

158 3728 202 3771 ex
224 3710 290 3773 hoc
315 3710 427 3773 latere
444 3708 620 3771 Bavariae
645 3707 829 3789 Principes
854 3716 1123 3789 praetergressa
1147 3716 1201 3768 est
1225 3706 1300 3767 lues
1323 3707 1429 3777 haec;

157 3814 319 3879 viderunt
343 3815 436 3879 enim
460 3823 496 3877 et
518 3814 588 3897 ipsi
611 3813 821 3894 Coenobia,
846 3816 996 3894 locaque
1020 3833 1084 3875 sua
1107 3834 1209 3876 sacra
1233 3811 1350 3876 diruta
1373 3810 1430 3873 de·

158 3933 305 4004 vastata,
329 3931 365 3986 et
378 3922 538 4005 expilata
561 3922 696 4003 aliquot
720 3919 875 3984 Sveviae
899 3919 1026 4001 vicina,
1052 3940 1200 4002 quorum
1224 3918 1376 3982 omnium
1401 3917 1430 3979 si

158 4032 358 4113 catalogum
390 4030 546 4093 scribere
578 4028 696 4107 velim,
737 4028 879 4091 modurn
913 4026 1142 4108 epistolarum
1177 4036 1215 4087 ut
1248 4026 1431 4103 excedam,

156 4148 312 4218 oportet;
349 4137 413 4200 sed
444 4139 532 4200 haec
561 4156 627 4218 per
662 4136 781 4219 capita
816 4136 991 4197 duntaxat
1025 4133 1300 4217 perstringenda
1335 4131 1431 4211 duxi,

156 4262 224 4324 quo
248 4243 428 4308 Sanctitas
454 4242 583 4307 Vestra
606 4251 814 4325 cognoscat,
848 4242 977 4322 quibus
1004 4240 1040 4303 in
1065 4239 1222 4303 terminis
1246 4259 1302 4301 res
1326 4237 1431 4321 potis·

155 4350 281 4416 simum
314 4350 558 4416 ecclesiastica
592 4361 773 4429 versetur,
810 4368 1012 4430 quanquam
1047 4346 1105 4428 qui
1136 4356 1323 4409 censentur
1354 4366 1431 4407 esse

154 4458 348 4523 saecularis
372 4467 499 4537 status,
532 4466 568 4520 et
598 4458 792 4540 praecipue
822 4457 958 4538 aliquot
992 4454 1123 4536 insigni
1147 4455 1226 4517 loco
1251 4452 1324 4517 nati
1348 4452 1431 4515 mili-

153 4574 248 4630 tares
272 4567 342 4630 viri
365 4566 401 4628 in
426 4565 592 4647 Hegovia
624 4574 660 4628 et
687 4566 765 4628 aliis
795 4564 883 4627 locis
911 4561 1157 4626 factiosissime
1185 4558 1433 4623 ferocientissi·

151 4691 282 4755 meque
307 4672 541 4738 multitudinis
563 4672 633 4735 sint
661 4670 803 4753 experti
825 4671 909 4751 vim,
945 4690 964 4733 e
995 4668 1123 4750 quibus
1152 4668 1318 4730 trucidati
1342 4676 1432 4747 sunt,

151 4788 186 4840 et
207 4782 337 4861 plures
360 4780 501 4844 arcibus
525 4779 598 4842 suis
622 4778 761 4860 expulsi
786 4788 822 4841 et
845 4776 998 4859 spoliati.
1046 4774 1127 4838 Non
1143 4783 1220 4837 erat
1236 4773 1271 4836 in
1289 4771 1433 4835 Svevici

148 4882 287 4956 federis
312 4888 458 4976 viribus,
481 4886 568 4950 utin
585 4894 638 4955 tot
653 4886 740 4956 locis
757 4894 879 4954 ettam
903 4882 984 4952 latis
1007 4880 1223 4963 regionibus,
1243 4880 1279 4948 in
1304 4879 1431 4969 quibus
