3425 5700
633 529 879 590 0⁴32&le

139 679 180 742 ius
209 690 243 743 et
279 699 356 743 cum
390 683 540 762 qualche
575 681 738 743 maturith
770 683 814 742 de
848 690 979 761 tempo,
1026 679 1068 741 El
1097 677 1395 741 reverendissimo

139 786 221 849 Santi
243 796 384 868 quattro
409 809 454 851 ne
479 789 497 852 ἐ
521 787 819 851 informatissimo.

209 894 338 956 Mando
362 915 434 956 una
458 905 555 958 certa
579 893 815 976 supplication
842 895 887 956 de
911 915 982 956 uno
998 894 1170 956 canonico
1187 894 1232 956 de
1248 891 1396 956 Colonia

138 1003 163 1062 el
187 1003 262 1081 qual
294 1001 312 1063 ὲ
344 1003 532 1064 molestato
565 1023 586 1064 a
609 1002 729 1064 Roma
763 1000 804 1082 (si
829 1011 883 1064 est
907 1011 945 1064 ut
968 997 1102 1085 narrat)
1127 1019 1233 1062 senza
1256 999 1393 1080 ragion.

138 1108 254 1170 lllesser
275 1107 329 1186 Jo.
357 1107 509 1170 Vinchel
538 1129 583 1170 ne
608 1110 626 1171 d
651 1107 858 1182 informato;
890 1108 933 1171 V.
959 1105 995 1169 S.
1020 1107 1096 1169 R¹¹¹²
1120 1107 1149 1168 si
1173 1105 1282 1187 degni
1306 1104 1397 1167 ordin

136 1215 250 1276 narde
274 1217 309 1277 la
332 1217 398 1277 che
423 1235 488 1296 per
512 1218 616 1298 colpa
640 1226 763 1278 nostra
786 1224 955 1296 questoro
980 1235 1050 1277 non
1066 1214 1217 1294 gridin0,
1243 1233 1312 1275 non
1338 1213 1395 1274 de·

137 1323 247 1384 mando
271 1322 384 1403 perhd
409 1343 447 1384 se
471 1343 542 1386 non
566 1325 601 1385 la
624 1343 729 1385 rason
756 1342 822 1385 con
847 1320 1000 1403 aequitii.

208 1429 246 1490 El
271 1429 472 1492 Leodiense
496 1431 565 1492 mio
591 1429 737 1512 antiquo
762 1439 890 1511 patron
915 1449 1030 1511 prega
1053 1428 1146 1493 assai
1170 1427 1214 1489 V.
1240 1427 1276 1491 S.
1300 1427 1396 1489 Rma

135 1555 165 1596 se
187 1536 287 1618 degni
311 1535 512 1599 interceder
536 1556 709 1620 appresso
734 1538 767 1599 el
792 1534 1023 1599 Sanctissimo
1055 1556 1122 1617 per
1145 1537 1180 1597 la
1203 1555 1310 1597 causa
1334 1555 1397 1596 sua
1438 1554 1442 1561 ’

133 1643 377 1705 arrendationis
410 1643 623 1706 valentinae.
671 1643 777 1706 Certo
803 1645 869 1705 che
893 1643 942 1705 lui
966 1645 1012 1705 ha
1035 1642 1125 1704 fatto
1150 1643 1183 1704 el
1207 1640 1321 1722 primo
1346 1639 1395 1702 of-

134 1747 201 1810 ficio
222 1749 255 1812 in
281 1759 406 1831 questa
431 1771 539 1814 causa
563 1752 759 1830 lutherana,
784 1759 819 1813 et
843 1752 890 1813 do
914 1751 974 1832 poi
999 1749 1161 1830 exceptis
1185 1748 1396 1829 quibusdam

132 1855 237 1918 verbis
257 1855 378 1918 liberis
403 1866 437 1919 et
461 1855 602 1937 iocosiS,
627 1859 721 1920 dove
747 1860 764 1920 d
790 1865 882 1920 stato
907 1859 1068 1936 besogno
1086 1865 1128 1918 et
1150 1855 1338 1937 vpresertim
1363 1855 1395 1916 el

132 1961 160 2022 dl
182 1963 258 2026 dell'
273 1984 421 2027 examen
446 1965 482 2027 di
507 1965 640 2028 Luther
665 1965 737 2046 egli
761 1965 839 2027 fece
865 1986 947 2027 cose
972 1964 1139 2036 mirabili;
1166 1962 1210 2025 ne
1234 1966 1396 2042 besogna

131 2073 240 2148 parlar
276 2073 340 2133 che
379 2074 438 2134 nel
473 2092 593 2153 paese
617 2082 653 2134 et
684 2072 827 2134 diocese
857 2092 921 2134 sua
954 2072 1062 2134 chel)
1097 2069 1333 2152 grandissima
1356 2089 1394 2130 se

131 2177 211 2255 parli
249 2178 291 2240 de
316 2179 468 2252 Luther;
506 2189 695 2261 praeterea
730 2179 747 2242 d
773 2188 878 2260 grato
911 2200 931 2238 a
965 2187 1090 2260 questo
1123 2177 1285 2258 principe
1317 2186 1353 2238 et
1376 2197 1398 2237 a

130 2281 275 2347 Chevres
304 2295 339 2346 et
364 2295 464 2348 tanto
488 2287 547 2367 pin
573 2285 759 2348 aestimato
784 2288 937 2348 sarebbe
962 2288 1013 2348 sel
1045 2305 1191 2366 sapesse
1216 2304 1313 2347 esser
1336 2282 1395 2365 pin

128 2387 267 2454 frenato.
321 2391 474 2455 Omnino
503 2393 654 2473 plurima
686 2391 771 2454 fecit
802 2403 837 2455 et
868 2396 920 2471 (ut
948 2395 1065 2474 spero)
1095 2393 1199 2473 plura
1229 2391 1337 2453 faciet
1360 2390 1395 2451 in

129 2516 225 2559 causa
250 2510 387 2578 nostra,
421 2499 456 2560 la
490 2499 573 2580 qual
609 2501 721 2580 perho
747 2499 764 2562 d
789 2520 863 2561 sua.
912 2501 1029 2580 Prego
1056 2499 1099 2560 V.
1124 2497 1159 2561 S.
1185 2499 1282 2560 Rma
1304 2495 1397 2559 faeci

126 2605 268 2682 qualche
293 2625 377 2667 cosa
401 2625 466 2686 per
490 2605 537 2667 lui
568 2607 602 2668 in
640 2607 748 2668 detta
771 2626 897 2686 causa,
933 2609 1017 2687 qual
1051 2607 1158 2667 credo
1194 2626 1264 2667 non
1300 2623 1397 2667 esser

126 2707 236 2792 iniqua
262 2715 373 2796 (come
396 2712 556 2792 intendo)
581 2715 694 2794 perhd
720 2723 755 2774 et
778 2723 878 2774 tanto
904 2713 962 2795 pili
988 2716 1023 2775 la
1045 2732 1159 2794 prego
1184 2719 1316 2793 quanto
1340 2731 1397 2772 me

125 2816 195 2878 sarh
226 2839 248 2881 a
279 2840 334 2883 me
369 2821 414 2883 de
447 2822 598 2901 qualche
627 2823 698 2883 bon
727 2821 928 2903 preposite,
961 2841 999 2883 se
1030 2839 1230 2903 pareranno
1263 2821 1297 2881 ie
1328 2817 1396 2880 mie

123 2926 305 3006 preghiere
335 2946 404 2989 non
421 2948 519 2989 esser
533 2937 625 2990 state
641 2928 798 3009 volgari;
825 2929 848 2990 li
866 2928 987 3007 agenti
1003 2948 1091 2989 sono
1109 2948 1242 2989 messer
1256 2926 1396 3005 Juliano

124 3029 261 3094 Nasello
286 3044 500 3115 procurator
524 3044 559 3095 et
583 3034 607 3096 li
632 3033 805 3097 Grimaldi
839 3034 1040 3112 banchieri‚
1071 3035 1130 3096 alli
1162 3034 1256 3115 quali
1280 3032 1396 3093 scrivo

122 3156 155 3197 se
177 3139 370 3202 addresino
395 3140 455 3202 alli
480 3140 662 3203 secretarii
688 3142 732 3201 de
756 3140 801 3203 V.
827 3138 862 3202 S.
888 3140 972 3202 Ru.
1020 3141 1109 3203 Esso
1133 3141 1312 3222 Episcopo
1341 3160 1398 3201 me

122 3243 163 3303 ha
196 3247 297 3308 detto
334 3250 400 3309 che
435 3247 469 3309 io
501 3246 608 3309 scrivi
632 3249 697 3309 che
723 3248 781 3309 del
807 3256 898 3309 tutto
922 3267 961 3308 se
986 3249 1080 3309 dona
1103 3246 1163 3309 alli
1187 3246 1328 3309 servicii
1352 3245 1397 3307 de

120 3351 244 3427 quella.
293 3353 442 3435 Insuper
466 3374 600 3416 messer
624 3353 677 3432 J0.
694 3353 793 3435 Gays
818 3354 906 3415 alias
921 3353 1058 3416 notario
1084 3355 1128 3416 de
1151 3355 1172 3416 l'
1189 3354 1328 3416 auditor
1352 3354 1397 3413 de

121 3456 151 3515 la
173 3458 325 3523 Camere
358 3460 418 3541 qui
449 3460 484 3522 in
518 3470 645 3541 questa
674 3471 771 3522 corte
796 3460 842 3523 mi
866 3472 988 3541 presta
1012 3462 1097 3542 ogni
1121 3464 1191 3523 bon
1217 3460 1336 3523 officio
1360 3459 1397 3521 in

120 3564 266 3643 stipular
292 3566 512 3630 instrumenti
537 3576 573 3630 et
596 3566 736 3629 adiutar
759 3588 780 3629 a
804 3567 939 3629 scriver
962 3567 998 3630 in
1022 3568 1057 3630 la
1077 3588 1185 3629 causa
1199 3569 1396 3648 lutherana,

119 3673 226 3749 perhd
261 3672 405 3755 ingrato
437 3672 548 3737 sarrei
576 3694 614 3735 se
640 3694 709 3735 non
734 3675 770 3736 lo
794 3676 1089 3738 reccomandasse
1114 3695 1135 3735 a
1159 3674 1203 3737 V.
1229 3674 1265 3737 S.
1291 3674 1395 3735 Rma.

119 3774 248 3842 Mando
285 3781 317 3843 el
350 3800 414 3843 suo
447 3780 651 3843 memoriale
683 3790 719 3842 et
742 3780 905 3862 supplico
929 3780 1074 3843 insieme
1099 3801 1177 3843 curn
1202 3801 1284 3843 seco
1309 3802 1347 3843 se
1373 3781 1396 3842 li

119 3880 202 3948 faeci
228 3888 350 3967 gratia
374 3886 418 3949 de
441 3887 535 3950 iusta
559 3898 594 3949 et
618 3887 727 3951 celeri
752 3888 992 3969 expeditione.

199 3994 411 4057 Retornard
435 4015 544 4057 ancor
568 3998 639 4057 alla
662 4015 769 4057 causa
794 3997 838 4057 de
863 3996 1014 4067 Luther;
1049 3998 1202 4060 sarebbe
1235 3999 1329 4059 bono
1361 4007 1396 4058 et

117 4096 156 4160 de
186 4100 349 4164 conselio
384 4103 427 4164 de
459 4102 541 4163 tutti
572 4101 629 4182 qui
666 4103 731 4163 che
764 4101 792 4163 si
817 4101 991 4164 scrivesse
1015 4123 1062 4164 un
1086 4106 1196 4165 breve
1220 4123 1241 4163 a
1265 4102 1398 4167 Caesar

117 4208 409 4287 rengratiandolo
434 4210 479 4271 de
503 4211 538 4271 la
562 4211 657 4271 bona
681 4208 917 4271 deliberation
942 4230 1016 4289 sua,
1041 4210 1086 4270 de
1111 4210 1145 4270 la
1168 4213 1250 4290 qual
1266 4211 1396 4273 mando

116 4313 145 4375 la
167 4318 297 4380 scritta
321 4318 365 4380 de
390 4338 451 4379 sua
477 4338 581 4380 mano
606 4329 641 4380 et
666 4320 847 4380 exortatio
873 4319 919 4379 ad
941 4338 1170 4399 perseveram,
1202 4328 1237 4380 et
1268 4318 1396 4380 dicono

117 4426 267 4487 sarebbe
304 4427 421 4487 buono
452 4426 518 4486 che
551 4425 572 4485 'l
598 4423 677 4486 St¹¹¹⁰
710 4424 924 4506 adiungesse
956 4426 1014 4487 doi
1047 4426 1114 4488 soli
1144 4424 1237 4487 versi
1263 4426 1397 4486 desua

114 4550 212 4593 mano
239 4551 347 4594 como
370 4533 418 4595 ha
441 4530 531 4594 fatto
557 4531 674 4593 Cesar.

198 4641 232 4701 A
270 4639 294 4701 l'
310 4636 442 4701 official
475 4638 520 4699 de
544 4638 690 4701 Treveri
715 4658 760 4699 un
787 4639 938 4720 qualche
962 4647 1129 4719 presente
1154 4641 1307 4700 sarebbe
1332 4639 1395 4699 util

114 4764 173 4823 per
205 4749 242 4811 lo
279 4745 431 4808 advenir
455 4755 491 4807 et
515 4746 676 4825 honest0,
700 4747 824 4826 perio
849 4747 914 4807 che
939 4747 985 4807 ha
1009 4744 1098 4807 fatto
1122 4744 1330 4826 benissimo,
1363 4746 1394 4807 el

113 4855 189 4933 qual
214 4854 359 4917 anchor
383 4854 448 4917 che
474 4851 568 4915 iussu
594 4852 757 4917 Caesaris
780 4862 816 4915 et
839 4852 893 4915 sui
917 4851 1049 4915 domini
1073 4852 1199 4918 fecerit
1215 4854 1322 4915 talem
1346 4853 1394 4920 in·
