3425 5700
662 550 909 610 0-{330104

163 699 253 782 igitur
276 707 315 762 ut
338 699 368 762 si
392 700 579 790 a'Sancta
608 700 669 763 illa
700 699 795 764 Sede
828 700 1041 782 Apostolica
1071 701 1282 782 emanarint,
1314 702 1354 763 P.
1382 699 1424 763 T.

164 827 215 870 nos
235 807 493 889 quamprimum
517 806 689 870 certiores
712 808 850 872 reddat.
898 808 1049 872 Meroris
1069 817 1185 872 autern
1209 809 1322 872 nostri
1346 827 1423 870 cau-

163 933 222 976 sam
260 913 415 996 longiori
459 914 550 978 serie
590 914 879 996 pertractandam
911 935 1021 996 opere
1055 915 1207 997 pretium
1250 915 1425 979 duximus

163 1020 303 1083 Primum
326 1020 422 1102 quod
446 1018 483 1086 S.
497 1019 540 1085 D.
554 1019 613 1102 N.,
637 1029 710 1084 turn
734 1041 836 1084 sacer
860 1020 1100 1086 Cardinalium
1124 1034 1234 1104 cetus,
1258 1034 1332 1086 tum
1355 1041 1424 1086 orn·

163 1147 213 1190 nes
235 1127 295 1208 qui
320 1126 560 1208 Cancellarie,
594 1127 765 1192 Camerae
797 1137 834 1191 et
862 1125 1089 1211 Segretariae
1113 1129 1301 1193 Romanae
1325 1150 1424 1212 prae-

162 1243 259 1318 sunt,¹
281 1231 387 1320 (sicut
420 1253 514 1297 nunc
547 1235 642 1318 apud
678 1237 809 1298 bonam
844 1234 1059 1300 Germaniae
1092 1257 1193 1300 meae
1227 1246 1365 1319 partem
1390 1237 1425 1299 in

163 1361 388 1424 quoscumque
411 1341 555 1424 impune
574 1343 789 1406 debacchari
813 1341 947 1406 licitum
968 1345 1035 1425 est)
1059 1343 1241 1427 tyrannidi
1265 1353 1301 1407 et
1323 1343 1424 1407 insci·

162 1448 221 1511 tiae
242 1461 451 1532 arguuntur.
498 1449 640 1512 Deinde
664 1451 760 1531 quod
779 1450 898 1512 Breve
921 1449 1016 1512 istud
1033 1448 1232 1513 Germanos
1254 1471 1297 1513 ac
1320 1468 1426 1513 veros

162 1551 323 1636 Saxones,
348 1556 408 1638 qui
431 1565 549 1620 tamen
573 1558 641 1620 hoc
666 1558 854 1620 lutherana
871 1557 991 1620 toxico
1016 1576 1139 1620 omnes
1159 1557 1235 1620 fere
1254 1557 1427 1621 immunes

161 1671 253 1742 atque
286 1662 395 1726 alieni
430 1672 528 1745 sunt,
558 1664 781 1728 condemnat.
827 1664 935 1728 Absit
967 1673 1086 1727 tamen
1118 1666 1242 1747 procul
1272 1685 1294 1728 a
1323 1664 1428 1728 nobis
1481 1676 1484 1683 ’

160 1767 241 1848 pium
267 1790 311 1832 ac
334 1769 559 1834 innocentem
582 1770 791 1834 Pontificem
816 1781 922 1852 atque
938 1770 1067 1835 Christi
1079 1771 1249 1834 vicarium
1273 1770 1428 1834 iustitiae

160 1877 320 1955 polluere.
368 1877 553 1942 Credimus
578 1879 742 1959 equidem
767 1877 797 1940 si
820 1879 889 1941 hae
912 1878 1052 1941 litterae
1069 1899 1177 1940 verae
1195 1878 1428 1959 integraeque

55 2006 63 2023 ·
161 1981 281 2046 fuerint
306 1993 342 2048 et
366 1985 506 2048 titulum
531 1995 566 2048 et
589 2005 718 2049 nomen
742 1985 842 2048 ducis
860 1986 956 2067 quod
979 1985 1139 2048 insontes
1154 1985 1304 2068 culparit
1320 1983 1426 2048 Sanc-

160 2088 339 2154 titatisuae
355 2091 583 2171 imposuisse;
609 2092 897 2173 quandoquidem
922 2101 1042 2155 nostra
1065 2094 1133 2155 hac
1157 2099 1369 2174 tempestate
1390 2089 1429 2155 id

162 2196 487 2276 periculosissimum
520 2207 556 2261 et
589 2196 776 2261 Sanctitati
819 2209 905 2263 suae
941 2199 1222 2281 indignissimum
1254 2209 1430 2280 putamus,

164 2303 260 2366 nolim
285 2322 506 2368 communem
530 2305 626 2368 illam
651 2307 844 2370 communis
870 2315 1013 2370 nostrae
1043 2307 1159 2389 patrie
1193 2306 1429 2370 calamitatem

161 2407 196 2471 P.
218 2410 254 2472 T.
278 2412 393 2474 latere
421 2412 517 2494 quod
540 2411 702 2476 miseriae
727 2412 807 2476 huic
832 2415 891 2476 vel
919 2413 1031 2476 errori
1053 2414 1172 2495 potius
1194 2413 1328 2496 poterit
1350 2430 1428 2476 con-

162 2517 278 2582 sulere.
326 2518 667 2582 Periculosissimum
692 2520 778 2600 dixi,
803 2521 969 2602 quoniam
990 2521 1103 2585 omnis
1125 2540 1219 2603 pene
1238 2518 1430 2583 Germania

162 2624 202 2684 ad
225 2623 341 2690 fontes
367 2647 479 2708 usque
502 2626 624 2689 Rheni
649 2637 684 2690 et
706 2626 819 2690 Histri
844 2627 951 2691 etiam
975 2629 1162 2691 lutherana
1185 2629 1252 2690 hac
1275 2625 1431 2690 factione

163 2742 320 2814 corrupta
345 2741 408 2797 est.
456 2730 544 2797 Sola
556 2731 716 2797 Saxonia
732 2732 896 2808 fluctuat;
921 2733 1033 2797 maior
1049 2743 1166 2798 tamen
1180 2753 1265 2816 pars
1278 2743 1315 2796 at
1336 2732 1429 2814 prin-

161 2835 270 2919 cipum
293 2847 329 2903 et
352 2839 469 2922 plebis
493 2849 626 2905 sectam
651 2842 747 2907 illam
771 2852 955 2905 aversatur
979 2850 1015 2905 et
1038 2841 1185 2924 spernit,
1209 2841 1298 2922 imo,
1334 2840 1430 2922 quod

159 2944 329 3010 rarissime
353 2949 449 3029 apud
472 2947 562 3011 alios
582 2948 780 3013 Germanos
804 2949 961 3012 auditum
985 2961 1050 3029 est,
1074 2951 1203 3021 multos
1226 2950 1431 3012 lutheranos

162 3053 205 3113 ob
228 3052 328 3117 istam
352 3054 534 3119 vesaniam
559 3056 720 3119 omnibus
739 3056 904 3120 fortunae
920 3056 1023 3120 bonis
1040 3055 1217 3137 spoliavit,
1240 3057 1432 3137 plerosque

161 3159 265 3224 exilio
289 3170 325 3225 et
348 3182 492 3227 carcere
517 3163 709 3227 mulctavit.
767 3164 961 3246 Postquam
985 3173 1103 3226 autem
1125 3162 1280 3226 viderint
1309 3182 1348 3225 se
1382 3163 1431 3225 in·

161 3277 274 3331 sontes
296 3278 403 3351 atque
427 3272 563 3353 absque
587 3272 693 3353 culpa
717 3269 888 3350 damnari,
901 3281 1048 3353 possent
1062 3269 1168 3332 etiam
1184 3277 1308 3331 contra
1324 3268 1431 3332 animi

159 3375 364 3439 sententiam
393 3378 512 3440 obruti
543 3376 743 3440 adfectibus
776 3398 798 3440 a
829 3387 928 3441 recto
959 3376 1100 3439 tramite
1131 3375 1240 3439 dilabi
1271 3386 1307 3438 et
1338 3375 1432 3437 iusta

160 3476 212 3541 ira
234 3482 418 3565 complecti
447 3482 484 3545 id
515 3484 610 3565 quod
647 3492 844 3567 temporum
873 3484 1041 3566 iniquitas
1071 3493 1108 3546 et
1135 3482 1327 3545 licenciosa
1354 3502 1430 3544 sua-

160 3586 257 3651 deret
277 3590 434 3654 libertas.
481 3592 555 3655 Nec
581 3610 667 3674 egre
691 3592 785 3655 ferat
807 3595 970 3655 obsecro.
995 3591 1035 3653 P.
1052 3591 1092 3653 T.
1117 3589 1256 3671 ineptas
1280 3596 1430 3667 nostras,

161 3713 241 3757 nam
261 3696 294 3763 S.
309 3698 353 3761 D.
371 3697 416 3763 N.
432 3708 469 3761 et
486 3697 612 3762 Curiae
629 3699 818 3763 Romanae
841 3698 1033 3781 precipuus
1056 3716 1155 3759 amor
1166 3695 1431 3777 periculumque

159 3801 269 3879 patrie
291 3822 410 3867 meror
433 3814 470 3867 et
498 3803 696 3886 indignatio
729 3826 785 3868 me
818 3804 924 3868 silere
953 3824 1023 3867 non
1057 3803 1195 3873 sinunt,
1228 3811 1431 3884 coguntque

161 3926 215 3970 me
239 3930 306 3973 rem
330 3908 547 3975 Saxonicam
571 3912 676 3975 altius
710 3920 886 3994 repetere.
944 3912 1142 3973 Damnatur
1171 3910 1256 3972 licet
1285 3911 1431 3991 regulus

161 4012 222 4076 ille
246 4012 397 4081 Saxonie
422 4026 459 4081 et
482 4037 604 4081 omnes
628 4018 688 4100 qui
712 4016 860 4081 factioni
882 4016 963 4079 huic
981 4017 1252 4098 adstipulantur,
1276 4023 1431 4079 attamen

160 4117 336 4189 Saxonum
361 4126 533 4207 populum
557 4125 617 4207 qui
642 4145 708 4189 nec
733 4123 915 4207 quippiam
939 4144 1018 4187 curn
1036 4124 1098 4206 illo
1115 4122 1335 4204 subditisque
1359 4122 1431 4185 suis

161 4232 347 4295 commertii
372 4232 483 4294 habet
506 4232 610 4294 detur
633 4231 739 4295 venia
763 4240 944 4312 oporteat;
977 4230 1038 4311 qui
1069 4230 1226 4293 insontes
1257 4239 1340 4292 sunt
1362 4249 1431 4292 ma·

160 4346 268 4397 neant
287 4338 399 4401 illaesi
424 4346 461 4401 et
483 4341 529 4401 ab
552 4337 699 4401 infamia
722 4338 783 4401 illa
806 4338 987 4401 immunes.
1036 4337 1230 4400 Praeterea
1252 4334 1432 4419 principes

161 4438 213 4503 illi
225 4440 354 4508 Misnae
369 4454 405 4508 et
414 4444 633 4527 'l'hyringiae
646 4443 734 4508 alias
747 4443 973 4507 illustrissimi
980 4443 1066 4506 nihil
1077 4443 1263 4525 possident
1271 4442 1307 4506 in
1320 4441 1431 4506 Saxo·

160 4546 221 4609 nia
236 4561 369 4629 praeter
384 4572 486 4615 arces
503 4554 672 4634 quasdam
697 4561 733 4615 et
748 4552 882 4634 oppida
896 4553 967 4614 duo
981 4550 1284 4632 Wittembergum
1297 4549 1433 4613 scilicet

162 4662 198 4714 et
223 4650 469 4740 Oeckbergum
492 4679 584 4740 quae
608 4667 729 4721 tantae
752 4677 867 4741 prope
892 4668 974 4721 sunt
999 4656 1142 4719 ditionis
1159 4666 1313 4741 quantae
1336 4658 1432 4739 apud

158 4758 274 4823 Italos
303 4761 466 4829 Sutrinae
499 4775 535 4827 et
569 4764 757 4847 Nepentis,
796 4785 890 4847 quae
918 4785 986 4827 avo
1019 4783 1141 4827 eorum
1173 4763 1248 4827 eius
1283 4764 1432 4827 nominis

154 4863 186 4927 F
186 4865 336 4935 riderico
349 4872 395 4935 fe.
409 4894 458 4935 re.
487 4869 735 4955 sigismundus
748 4871 947 4953 Imperator
962 4890 1041 4934 curn
1057 4870 1159 4933 titulo
1174 4870 1235 4933 illo
1253 4870 1432 4934 Saxonico
