3425 5700
626 563 874 623 opaea&

133 716 168 777 de
187 716 217 779 la
237 713 337 779 mitta
354 715 411 777 dei
426 713 527 777 frutti
542 722 608 779 etc.
630 712 673 777 N.
691 709 727 775 S.
745 708 1137 795 prudentissimamente
1152 704 1320 783 discorre,
1344 698 1388 764 ni

131 823 157 885 io
170 825 199 885 lo
214 822 296 886 dissi
310 842 376 904 per
391 841 475 885 cosa
490 822 555 884 che
579 820 609 883 si
626 822 777 884 dovesse
793 816 867 881 cosi
882 816 1163 879 absolutamente
1179 811 1256 873 fare
1271 830 1293 873 o
1309 830 1389 872 con-

131 930 255 1010 cedere,
272 944 274 951 ’
290 950 348 991 ma
380 928 440 1011 piu
473 938 595 1010 presto
620 948 686 1011 per
709 927 767 989 via
797 926 842 989 de
875 944 922 987 un
946 922 1096 1002 motivo,
1132 920 1388 983 essendomene

130 1046 302 1098 accennato
327 1034 478 1117 qualche
503 1055 596 1097 cosa.
622 1082 702 1100 ....

201 1142 265 1204 Dal
289 1142 360 1205 mio
380 1141 525 1221 familio‚
550 1141 603 1204 ch’
617 1140 651 1203 io
668 1140 810 1203 mandai
830 1159 898 1201 con
918 1139 943 1202 li
962 1136 1167 1218 trassumpti
1183 1136 1228 1196 de
1244 1136 1277 1196 Ie
1293 1134 1389 1196 bolle

129 1250 175 1310 del
195 1248 322 1313 ieiunio
347 1270 369 1311 a
392 1250 510 1331 quelle
534 1246 627 1330 parti
652 1248 710 1311 del
725 1247 844 1328 Reno,
869 1248 916 1309 ho
941 1246 1040 1308 aviso
1065 1245 1130 1306 che
1151 1240 1211 1304 alli
1226 1251 1281 1303 tre
1305 1240 1390 1302 elet-
1442 1248 1451 1261 ⁸

130 1355 184 1418 tori
205 1358 236 1419 le
259 1359 305 1418 ha
331 1356 412 1418 date
437 1355 473 1417 in
497 1355 643 1437 proprie
666 1354 761 1417 mani
786 1363 822 1417 et
846 1355 912 1416 che
936 1354 970 1416 le
993 1353 1083 1415 altre
1106 1349 1283 1413 mandava
1298 1356 1390 1409 tutte

129 1462 225 1526 sicure
248 1472 283 1526 et
307 1462 520 1526 fidelmente.
543 1524 545 1527 ,
560 1462 605 1525 Et
628 1462 690 1545 piu
705 1462 751 1524 mi
768 1462 846 1524 dice
871 1462 937 1523 che
952 1460 975 1521 'l
990 1458 1037 1521 R.
1056 1455 1269 1521 Coloniense
1285 1454 1389 1516 viene

127 1572 396 1650 personalmente
419 1571 453 1632 al
478 1571 641 1651 goberno
665 1568 849 1650 imperiale
874 1567 910 1629 in
924 1563 1049 1647 Esling
1072 1583 1138 1645 per
1154 1560 1269 1643 questi
1285 1559 1389 1642 primi

127 1686 170 1739 tre
191 1676 273 1741 mesi
305 1678 467 1759 segondo
491 1677 568 1740 loro
593 1674 807 1738 ordinationi
839 1684 875 1738 et
898 1675 965 1737 che
988 1673 1010 1736 l'
1024 1674 1071 1735 ha
1098 1671 1299 1733 incontrato
1323 1668 1390 1730 che

126 1783 174 1864 gii
195 1805 252 1848 era
271 1786 307 1847 in
328 1784 483 1865 camino,
513 1783 631 1847 donde
648 1782 844 1865 giudicarei
868 1783 933 1843 che
956 1780 1053 1843 fusse
1073 1776 1166 1840 assai
1187 1784 1389 1857 opportuno

127 1892 180 1953 che
201 1890 241 1956 N.
266 1890 302 1956 S.
337 1890 388 1973 gli
411 1890 584 1954 scrivesse
609 1910 656 1952 un
681 1892 775 1953 buon
799 1892 911 1952 breve
945 1906 1045 1950 come
1068 1906 1090 1947 a
1114 1903 1204 1965 capo
1229 1882 1265 1945 di
1288 1883 1388 1947 detto

126 2017 280 2081 governo‚
306 2000 565 2062 exhortandolo
591 2008 657 2067 etc.
683 2008 748 2060 etc.
783 2000 856 2059 cosl
881 1996 996 2058 ancho
1020 2015 1041 2056 a
1065 2002 1156 2055 tutto
1178 1991 1204 2054 il
1228 2010 1388 2073 governo

125 2104 275 2187 assieme‚
312 2107 443 2189 perche
474 2107 520 2169 ho
552 2104 802 2168 informatione
835 2105 901 2167 che
932 2102 1013 2164 tutti
1044 2118 1205 2182 pensano
1229 2100 1322 2160 bene
1354 2104 1389 2160 et

125 2231 199 2276 sono
220 2234 286 2295 per
309 2213 387 2276 fare
411 2214 520 2276 molto
545 2212 676 2293 meglio
710 2213 776 2274 che
799 2230 870 2274 non
894 2209 933 2272 fu
957 2208 1047 2271 fatto
1071 2206 1107 2269 in
1131 2205 1388 2286 Nuremberga,

126 2316 163 2379 da
191 2319 213 2381 li
235 2319 332 2401 quali
356 2340 435 2382 cum
465 2318 487 2381 li
514 2319 594 2382 altri
617 2300 880 2400 provedimenti
909 2315 938 2378 si
961 2334 1009 2397 po
1042 2322 1208 2395 expettar
1238 2312 1389 2393 qualche

123 2427 205 2488 bona
226 2426 454 2490 resolutione.

199 2550 361 2615 Viennae
385 2550 460 2614 XII
484 2551 639 2631 Augusti
661 2548 881 2614 MDXXIV.

645 2730 851 2743 νννννΜνΜννΜ

715 2889 789 2956 165.

384 3007 481 3089 Gord.
510 3006 721 3110 campegius
749 3007 912 3108 Archicp.
941 3005 1115 3106 capuano.

526 3155 668 3226 (Natat.
687 3155 812 3215 (tormen
830 3155 905 3214 um.
922 3155 970 3223 u)

601 3263 655 3333 (22.
675 3267 791 3328 Augusti
813 3262 900 3331 1524.)

200 3384 274 3447 Alli
297 3382 385 3446 XIII
410 3383 445 3446 di
470 3392 595 3465 questo
620 3382 788 3465 giunsero
813 3383 845 3446 Ie
871 3382 906 3444 di
930 3382 975 3445 V.
1000 3379 1034 3446 S.
1065 3382 1101 3444 di
1125 3381 1239 3462 primo
1263 3381 1310 3444 da
1333 3401 1389 3443 me

120 3500 367 3554 summamente
391 3490 603 3570 desiderate,
628 3501 664 3554 et
688 3510 755 3553 con
779 3490 849 3552 mia
874 3510 1007 3552 summa
1026 3489 1269 3553 satisfactione
1285 3490 1389 3566 lecte,

120 3595 304 3664 itendendo
330 3601 395 3662 che
419 3598 460 3662 N.
487 3596 523 3663 S.
548 3607 644 3660 resta
669 3596 844 3660 satisfatto
870 3597 914 3659 de
938 3598 974 3660 le
997 3596 1128 3660 actioni
1158 3595 1226 3659 mie
1249 3595 1285 3658 in
1309 3615 1389 3657 con·

119 3716 219 3769 ventu
237 3703 506 3788 Ratisponensi,
524 3705 560 3767 di
575 3706 641 3767 che
658 3703 851 3767 humillime
869 3724 913 3766 ne
929 3703 1054 3767 baccio
1068 3703 1094 3766 li
1112 3703 1190 3766 suoi
1205 3703 1266 3766 S¹¹²¹
1283 3702 1389 3786 piedi.

200 3811 330 3876 Scrissi
354 3813 413 3876 alli
439 3811 559 3874 XXX
593 3812 652 3874 del
675 3819 819 3892 passato
845 3811 890 3873 ed
925 3811 986 3875 alli
1021 3811 1095 3873 XII
1129 3811 1189 3874 del
1222 3818 1390 3891 presente

119 3919 203 3982 onde
236 3941 308 3984 non
340 3919 386 3982 mi
419 3928 562 3983 restava
595 3939 678 3982 cosa
707 3918 922 3999 importante
953 3919 998 3980 da
1031 3917 1192 3981 scriverli
1224 3917 1324 3979 salvo
1356 3917 1391 3977 la

119 4024 270 4091 ricevuta
296 4027 331 4090 di
357 4035 482 4108 queste
507 4027 628 4089 ultime
652 4045 713 4088 soe
745 4035 781 4088 et
813 4025 913 4088 accio
945 4027 1010 4088 che
1039 4034 1165 4106 questa
1194 4032 1299 4105 posta
1331 4043 1389 4085 ex·

118 4134 234 4213 pedita
258 4135 304 4197 da
328 4133 566 4198 Salamancha
590 4153 660 4196 non
685 4132 819 4215 venghi
853 4153 967 4196 vacua
1001 4133 1046 4195 de
1081 4132 1149 4195 mie
1184 4133 1310 4195 lettere
1343 4130 1391 4193 mi

118 4259 199 4304 sono
223 4262 342 4305 messo
367 4262 389 4304 a
412 4241 567 4305 scrivere
592 4249 717 4322 questo
740 4260 842 4322 poco.
899 4241 968 4302 Dal
998 4239 1065 4302 R⁶⁰
1093 4238 1275 4302 Verulano
1307 4236 1391 4299 ebbi

118 4347 235 4411 avviso
260 4349 326 4412 che
349 4349 466 4412 havea
489 4349 622 4412 havuto
650 4349 685 4410 le
715 4349 812 4410 boile
844 4349 904 4410 del
927 4348 1068 4427 Jubileo
1101 4355 1136 4409 et
1161 4347 1218 4408 del
1242 4344 1388 4416 ieiuni0;

116 4470 223 4533 penso
248 4456 315 4519 ohe
339 4455 443 4517 furon
469 4456 634 4519 mandate
657 4475 723 4537 per
747 4456 837 4517 altra
862 4455 935 4536 via,
961 4463 996 4517 et
1019 4454 1080 4536 poi
1108 4455 1173 4516 che
1206 4452 1390 4535 capitaron

118 4560 204 4625 bene
229 4583 301 4626 non
326 4562 459 4625 accade
485 4562 585 4626 dirne
610 4565 719 4637 altr03
752 4582 852 4626 come
881 4583 946 4644 per
970 4562 991 4625 l'
1011 4563 1098 4624 altre
1122 4560 1190 4623 mie
1214 4561 1249 4623 le
1272 4560 1391 4622 scrissi

118 4675 202 4730 tutte
226 4669 260 4732 le
285 4670 376 4732 altre
399 4670 519 4734 hanno
551 4671 685 4732 havuto
717 4672 813 4732 buon
837 4670 997 4750 ritapito.
1045 4668 1118 4731 Alli
1142 4678 1196 4729 tre
1220 4667 1390 4748 archiepi-

118 4775 211 4856 scopi
236 4777 296 4838 del
318 4775 426 4839 Reno
450 4776 555 4840 furon
580 4777 662 4841 date
692 4777 728 4839 in
752 4798 856 4842 mano
890 4775 1053 4862 propria,
1085 4774 1145 4838 alli
1174 4774 1255 4838 altri
1286 4775 1389 4839 furon

116 4881 279 4947 mandate
302 4901 368 4966 per
393 4883 497 4948 modo
522 4885 632 4951 salvo,
