3425 5700
813 579 1060 641 essee&

296 724 405 789 corde
428 736 629 791 manantem
654 730 846 792 clementer
869 730 1062 813 suscipere,
1086 752 1193 815 quam
1215 732 1252 797 in
1271 754 1336 798 suo
1351 731 1574 815 Pontificatu,

297 844 332 896 et
372 853 417 896 ex
452 844 537 897 voto
576 834 797 917 incolumen,
838 836 1017 919 piissimus
1051 838 1151 902 Deus
1190 860 1403 906 conservare
1442 842 1575 924 pariter

296 942 471 1024 dignetur.

383 1068 477 1130 Date
501 1066 705 1148 Bamberge
729 1068 787 1131 die
812 1068 1126 1154 Vigesimoquarto
1151 1070 1318 1137 Octobris
1332 1073 1550 1139 MDXXIV.

507 1192 547 1255 E·
572 1191 616 1254 V·
642 1189 700 1254 Sti!

937 1302 1112 1353 Humillimus
1130 1312 1157 1353 et
1175 1305 1359 1355 devotissimus
1377 1305 1503 1355 &reulus

1089 1398 1196 1463 trun
1213 1400 1360 1472 lolteter.

895 1489 923 1539 S.
949 1490 1102 1555 Gengolphi
1127 1492 1331 1555 Bambergensis
1356 1494 1520 1558 Propositus.

896 1824 969 1893 175.

489 1938 674 2021 Sententia
701 1939 874 2042 Wigandi
901 1941 1057 2045 episcopi
1083 1942 1370 2047 Benbergensis.

604 2087 701 2162 (spur.
720 2088 881 2163 Μοῖραι
899 2089 929 2148 st
946 2091 1050 2149 rarior.
1067 2090 1104 2149 u
1121 2090 1167 2149 tol.
1187 2091 1261 2162 θῦε)

785 2205 838 2273 (24.
861 2208 971 2257 Octobr.
994 2206 1082 2275 1524.)

272 2336 276 2346 '
382 2334 422 2398 In
447 2331 587 2396 nomine
604 2330 747 2394 Domini
768 2352 882 2397 amen.
929 2330 1016 2396 Cum
1040 2353 1154 2415 nuper
1172 2354 1237 2397 nos
1252 2332 1479 2417 Wygandus,
1503 2335 1571 2399 Dei

293 2450 329 2505 et
353 2438 562 2523 Apostolice
588 2436 692 2501 Sedis
716 2436 833 2518 gratia
855 2436 1057 2521 Episcopus
1081 2439 1370 2522 Bambergensis,
1394 2442 1570 2524 acceperi-

291 2570 366 2613 mus
391 2549 580 2631 quosdam,
605 2544 800 2628 Georgium
824 2546 967 2625 Pesler,
991 2545 1105 2608 saneti
1129 2544 1294 2626 Sebaldi,
1319 2557 1355 2609 et
1378 2546 1573 2612 Hectorem

293 2656 458 2735 Poemer,
483 2652 596 2716 sancti
624 2652 821 2730 Laurentii,
846 2652 1120 2733 parrochialium
1145 2651 1474 2717 Ecclesiasticarum
1505 2655 1571 2718 lm·

289 2761 434 2844 perialis
462 2759 560 2842 opidi
584 2758 912 2840 Nurenbergensis,
941 2768 1062 2821 nostre
1092 2759 1371 2840 Bambergensis
1405 2760 1570 2843 diocesis,

290 2879 449 2933 rectores
472 2868 675 2950 prepositos
698 2877 938 2947 nuncupatos,
971 2885 1013 2928 ac
1049 2865 1183 2947 pariter
1206 2865 1454 2949 Volfgangum
1487 2868 1570 2932 Vol·

291 2977 427 3059 precht,
451 2975 657 3039 monasterii
681 2974 815 3038 ordinis
849 2973 1074 3037 eremitarum
1102 2973 1216 3036 sancti
1245 2974 1452 3056 Augustini,
1481 2975 1569 3039 eius·

290 3085 370 3148 dem
395 3083 493 3165 opidi
516 3081 689 3164 priorem,
717 3082 753 3144 in
780 3090 816 3144 et
839 3081 934 3143 circa
957 3100 1079 3143 sacros
1100 3080 1189 3144 ritus
1213 3091 1249 3143 et
1272 3081 1491 3144 ceremonias
1516 3102 1570 3146 ec-

289 3189 518 3269 clesiasticas,
545 3188 581 3250 in
607 3197 731 3251 sancta
754 3186 916 3250 Ecclesia
940 3185 1143 3267 Catholica,
1166 3183 1285 3249 multis
1307 3187 1495 3250 retroactis
1518 3209 1570 3252 se·

290 3296 387 3376 culis,
405 3304 527 3358 sancte
544 3293 602 3376 pie
616 3315 657 3358 ac
670 3293 925 3357 inviolabiliter
937 3291 1147 3374 observatis,
1161 3292 1349 3375 plurimum
1362 3294 1570 3376 delinquere

291 3412 327 3464 et
352 3401 466 3464 indies
490 3401 615 3483 peiora
631 3401 775 3481 addere,
800 3401 915 3463 dictos
939 3420 1059 3462 sacros
1083 3399 1172 3463 ritus
1195 3410 1231 3463 et
1246 3401 1467 3464 ceremonias
1491 3423 1570 3484 par·

289 3508 350 3570 tim
375 3508 548 3571 variando
573 3517 608 3569 et
632 3507 817 3587 novand0,
853 3509 974 3589 plures
998 3527 1084 3570 vero
1108 3507 1144 3568 in
1169 3516 1280 3569 totum
1304 3508 1503 3588 abolendo,
1527 3530 1570 3572 ac

289 3625 414 3680 contra
438 3615 596 3694 easdem,
625 3624 660 3676 et
683 3613 771 3676 alias
795 3633 937 3695 quoque
961 3612 1067 3694 impie
1091 3613 1377 3695 dogmatizando,
1400 3623 1437 3677 et
1459 3615 1571 3679 humi·

289 3725 357 3785 lem
385 3722 527 3803 plebem
561 3741 639 3783 cum
671 3720 867 3782 animarum
896 3720 1002 3782 etiam
1029 3719 1241 3800 gravissimo
1275 3720 1435 3801 periculo
1465 3723 1570 3785 sedu-

289 3830 416 3902 cendo;
452 3827 527 3891 Nos
560 3848 606 3891 ex
643 3826 763 3890 debito
792 3825 983 3908 pastoralis
1013 3823 1125 3888 nostri
1160 3824 1281 3906 offitii,
1316 3827 1572 3909 omnipotentis

289 3937 359 4000 Dei
384 3936 550 4016 exemplo
574 3935 608 3998 in
634 3934 758 4015 genesi
782 3932 911 4013 edocti,
937 3951 1006 4014 quo
1031 3931 1081 3994 sic
1104 3933 1248 3995 allatam
1266 3932 1395 3996 famam
1419 3935 1573 4018 propius

289 4062 603 4125 cognosceremus,
639 4050 675 4103 et
699 4061 743 4103 ne
772 4039 974 4122 quempiam
1003 4038 1198 4101 inauditum
1234 4038 1487 4122 indicaremus,
1522 4043 1573 4106 ad

289 4149 364 4213 fisci
409 4149 520 4212 nostri
562 4146 801 4230 procuratoris
840 4145 1065 4224 instantiam,
1109 4147 1333 4227 supradictos
1372 4146 1573 4231 Georgium

288 4258 428 4337 Pesler,
463 4265 499 4319 et
521 4255 713 4317 Hectorem
742 4252 913 4333 Poemer,
936 4261 1112 4331 rectores,
1148 4272 1190 4314 ac
1214 4252 1460 4336 Volfgangum
1484 4255 1573 4320 Vol-

287 4365 415 4446 precht
451 4363 625 4445 priorem,
663 4368 702 4421 ut
743 4379 788 4421 ex
831 4360 984 4422 adverso
1020 4357 1258 4440 principaleS,
1304 4361 1387 4423 dato
1427 4381 1573 4444 compe·

287 4469 375 4533 tenti
407 4469 556 4533 termino
593 4468 637 4530 ad
666 4466 904 4550 personaliter
934 4485 1052 4527 coram
1084 4463 1187 4527 nobis
1219 4467 1497 4547 comparendum
1535 4480 1577 4532 et

287 4597 325 4640 se
357 4577 402 4639 de
432 4574 614 4658 premissis
645 4574 888 4637 excusandum
911 4572 1013 4635 citari
1041 4570 1205 4635 iussimus
1236 4582 1271 4635 et
1298 4573 1466 4654 fecimus,
1492 4577 1575 4658 qui·

286 4685 353 4746 bus
378 4682 484 4745 etiam
508 4681 624 4744 citatis
649 4689 685 4743 et
708 4700 827 4743 coram
863 4678 967 4742 nobis
998 4677 1236 4760 personaliter
1267 4682 1576 4766 comparentibus,

288 4787 381 4853 datis
403 4809 470 4872 per
494 4788 579 4851 dicti
603 4786 714 4850 nostri
743 4785 821 4849 fisci
848 4796 1117 4869 procuratorem
1148 4785 1184 4849 in
1217 4785 1360 4869 scriptis
1387 4789 1577 4854 nonnullis

286 4895 462 4977 meteriis,
496 4915 603 4979 super
627 4895 754 4977 quibus
777 4914 844 4978 pro
876 4892 1036 4956 ulteriori
1064 4891 1151 4956 facti
1181 4891 1449 4976 informatione,
1483 4895 1578 4964 dicti
