3425 5700
799 518 1047 578 ὁ434368)-θ

887 793 950 858 199

714 909 925 1012 campagus
954 907 1126 990 Saloleto.

656 1047 832 1118 (lluutlat.
857 1047 1010 1107 <lernau
1034 1046 1110 1104 lim.
1128 1047 1181 1119 l8.)

790 1155 827 1226 (3.
846 1158 951 1223 Aprilis
974 1155 1059 1224 1525.)

456 1290 511 1352 De
535 1290 570 1351 la
594 1289 810 1354 adunatione
840 1291 885 1354 de
910 1291 934 1354 li
958 1291 1081 1354 villani
1105 1291 1140 1354 in
1166 1289 1358 1354 Germania
1385 1288 1411 1352 il
1434 1287 1563 1351 nuncio

284 1398 329 1460 de
354 1396 528 1478 Inspruck
560 1417 605 1458 ne
628 1398 761 1459 haveth
786 1399 870 1461 dato
900 1397 1008 1481 pieno
1033 1397 1174 1472 avviso;
1210 1418 1323 1479 penso
1355 1399 1420 1460 che
1445 1395 1491 1459 mi
1516 1395 1564 1458 ia-

284 1525 396 1568 ranno
426 1502 583 1586 profetta
616 1525 635 1564 e
660 1506 725 1566 che
750 1524 1044 1586 cognosceranno
1075 1507 1142 1569 che
1166 1525 1251 1568 cosa
1269 1503 1301 1566 ’ὲ
1325 1506 1411 1566 dare
1435 1502 1566 1566 liberta

283 1613 319 1675 al
350 1612 545 1694 populazzo
578 1611 797 1692 dispariare
829 1612 865 1674 in
889 1611 1117 1694 religionem,
1153 1612 1285 1693 perche
1317 1612 1398 1673 dum
1421 1611 1567 1692 impune

283 1719 473 1800 loquuntur
505 1718 675 1800 vogliono
708 1717 768 1800 poi
801 1721 915 1781 anche
952 1719 1040 1782 fare.
1098 1718 1284 1800 Appresso
1318 1717 1568 1799 Nuremberga

283 1827 377 1888 hano
409 1834 582 1905 occupate
615 1826 683 1886 due
712 1825 798 1887 citta
822 1825 1008 1908 imperiale
1039 1836 1075 1888 et
1099 1826 1269 1909 captivati
1300 1825 1325 1887 li
1349 1824 1507 1888 senatori
1533 1835 1568 1888 et

282 1930 481 2014 magistrati
512 1933 589 1995 loro
620 1931 712 1993 etin
737 1931 987 2014 Nuremberga
1016 1934 1136 1995 hanno
1168 1932 1348 2013 prohibito
1380 1953 1402 1994 a
1427 1931 1512 1994 tutti
1544 1930 1569 1992 li

282 2038 488 2102 monasterii
519 2037 683 2101 catholici
716 2041 748 2100 el
774 2039 961 2120 predicare
993 2049 1028 2102 et
1060 2041 1126 2101 che
1150 2059 1220 2101 non
1254 2038 1467 2101 confessino
1519 2037 1569 2099 Se

284 2146 353 2209 Dio
378 2145 410 2209 ci
434 2156 539 2229 porta
561 2143 678 2226 gratia
702 2147 767 2207 che
792 2147 827 2207 la
850 2145 988 2208 Maesta
1007 2145 1172 2228 Cesarea,
1196 2145 1337 2208 reddita
1362 2165 1451 2228 pace
1475 2143 1568 2207 chri·

285 2251 408 2315 stianis
431 2251 570 2332 voglia‚
605 2271 706 2314 come
730 2252 748 2313 ἐ
773 2273 837 2315 suo
863 2252 1003 2332 debit0,
1040 2253 1205 2314 attender
1233 2253 1302 2314 alla
1327 2251 1571 2332 extirpatione

285 2362 330 2423 de
354 2360 389 2422 la
412 2361 550 2421 heresle
575 2370 611 2421 et
626 2369 798 2422 assettare
821 2357 936 2440 questi
957 2357 1107 2440 tumulti,
1132 2358 1210 2421 sarh
1228 2359 1440 2438 necessario
1464 2378 1572 2422 corne

283 2468 373 2530 altre
406 2467 502 2529 volte
527 2465 663 2545 scrissi‚
698 2475 847 2528 mettere
879 2465 914 2528 in
939 2466 1058 2528 bando
1093 2467 1219 2528 alcuna
1252 2465 1288 2528 di
1322 2479 1446 2547 queste
1470 2477 1573 2528 terre

283 2573 343 2655 pili
367 2573 505 2652 ribelle,
530 2586 565 2634 et
588 2572 623 2633 la
647 2571 762 2654 prima
786 2593 805 2634 a
829 2572 899 2635 mio
924 2571 1055 2635 iudicio
1080 2574 1264 2635 dovrebbe
1286 2591 1405 2634 essere
1421 2571 1573 2635 Nurem-

283 2684 407 2761 berga,
432 2689 467 2742 et
491 2679 744 2761 specialmente
768 2679 926 2760 privarla
951 2678 986 2741 di
1010 2679 1035 2742 li
1060 2677 1255 2742 commertii
1280 2690 1315 2740 et
1337 2678 1525 2741 restituirli
1552 2701 1574 2742 a

284 2787 503 2870 Ratispona‚
539 2787 622 2867 qual
646 2786 781 2868 perche
804 2785 842 2848 fu
867 2785 1058 2850 obediente
1082 2808 1104 2849 a
1126 2796 1247 2868 tempo
1272 2788 1337 2849 che
1364 2785 1490 2848 Boemi
1517 2808 1574 2849 re·

286 2906 469 2957 cesserunt
493 2897 538 2956 ab
563 2894 694 2956 unione
710 2892 894 2957 Ecclesiae
919 2914 1023 2975 perse
1047 2891 1072 2955 il
1096 2892 1220 2956 trafico
1245 2902 1281 2957 et
1304 2892 1341 2954 fu
1359 2892 1575 2955 transferito

284 3023 305 3063 a
329 3001 564 3081 Nurenberga
595 3020 687 3081 quae
711 3020 781 3062 non
806 3000 920 3063 timuit
944 3020 1112 3063 censuras
1145 3011 1179 3063 et
1203 2999 1428 3062 interdictum
1459 3009 1500 3062 et
1528 3002 1576 3061 cle

283 3105 308 3169 li
331 3108 496 3169 hebbeno
520 3106 696 3188 principio
722 3107 792 3169 alla
816 3107 1016 3188 grandezza
1040 3127 1103 3169 soa
1135 3116 1171 3169 et
1195 3108 1282 3188 perh
1307 3108 1459 3168 sarebbe
1486 3126 1574 3169 con·

283 3214 448 3276 veniente
472 3213 538 3275 che
562 3212 596 3274 in
622 3232 692 3294 quo
716 3224 911 3294 peccarunt
934 3213 1087 3276 maxime
1113 3214 1217 3276 etiam
1242 3212 1462 3294 punirentur.

373 3339 497 3401 Budae
521 3337 612 3400 Xlll
636 3337 772 3418 Aprilis
795 3337 996 3400 MDXXV.

820 3548 1024 3562 mmvwwvmvvw

884 3780 960 3845 200.

501 3898 660 3980 clemens
687 3898 765 3979 VIL
793 3898 954 3978 Erhardo
983 3896 1121 3979 cardin.
1149 3898 1343 3978 laodiensi.

549 4046 649 4121 (Epist.
667 4046 705 4105 ad
722 4045 863 4119 Principes
880 4060 931 4118 per
950 4043 1072 4103 Sadolst.
1090 4060 1142 4103 ser.
1160 4043 1206 4103 iol„
1225 4046 1291 4109 ut.)

778 4164 833 4231 (21.
854 4164 957 4228 Aprilis
979 4160 1065 4233 ¹525·)

371 4309 427 4373 Ex
460 4308 608 4390 regione
637 4308 851 4371 Hollandiae
888 4317 923 4371 et
959 4307 1089 4370 circum
1125 4307 1370 4371 adiacentibus
1404 4308 1497 4372 locis
1540 4311 1581 4377 in

283 4418 410 4500 quibus
443 4418 594 4480 dilectae
627 4416 663 4477 in
697 4414 837 4478 Christo
871 4413 965 4477 filiae
999 4414 1128 4476 nobilis
1161 4412 1315 4477 mulieris
1343 4414 1582 4495 Margaritae

283 4524 557 4587 Archiducissae
583 4520 749 4584 Austriae
784 4531 818 4584 et
848 4520 1048 4583 comitissae
1072 4519 1303 4602 Burgundiae
1334 4530 1499 4603 potestas
1540 4538 1584 4589 et

284 4632 474 4694 auctoritas
498 4650 634 4692 summa
658 4638 721 4704 est,
746 4626 905 4709 quotidie
930 4626 976 4689 ad
1000 4646 1064 4689 nos
1089 4626 1296 4689 deferuntur
1319 4630 1490 4709 querelae
1511 4634 1582 4695 ad-

283 4759 406 4801 versus
430 4739 631 4818 complures
655 4734 715 4816 qui
732 4736 807 4797 eius
831 4753 923 4814 quae
938 4752 1030 4795 nunc
1047 4734 1289 4796 debacchatur
1302 4736 1471 4797 hereseos
1488 4757 1583 4820 per-

280 4844 364 4907 fidia
389 4840 581 4927 inquinati,
606 4850 745 4905 vetusta
769 4838 951 4901 Ecclesiae
979 4851 1203 4903 sacramenta
1234 4848 1269 4903 et
1292 4839 1397 4904 fidem
1421 4849 1586 4925 synceri
