3425 5700
627 576 874 640 &litii-0

143 739 226 796 tutos:
264 728 359 815 quod
394 729 423 796 si
460 751 575 814 neque
612 753 680 816 ego
713 735 805 796 hanc
835 731 1030 797 molestiam
1065 727 1207 796 omnino
1237 729 1392 798 evadere

141 842 221 919 potui,
244 826 323 902 fero
346 840 393 920 id,
417 843 475 902 vel
500 843 546 902 ob
570 843 638 903 hoc
663 843 779 903 animo
804 840 951 921 equiore
977 844 1069 922 quod
1096 853 1212 903 certus
1237 863 1311 906 sum
1336 864 1392 905 me

142 961 166 1007 et
183 958 309 1010 ceteros
333 950 453 1030 plures
487 946 591 1010 Sedis
620 948 829 1029 Apostolice
867 949 1016 1010 devotos
1047 950 1136 1010 haec
1170 947 1287 1010 omnia
1317 949 1391 1030 pati

140 1066 304 1135 opportere
328 1075 395 1136 pro
424 1053 496 1116 fide
528 1065 565 1117 et
597 1055 795 1116 devocione
824 1075 911 1135 erga
943 1075 981 1116 se
1012 1054 1255 1136 defendenda,
1288 1076 1392 1137 quam

139 1180 185 1239 pro
205 1160 319 1222 virilia
342 1182 421 1223 mea
444 1161 536 1222 inter
560 1162 705 1224 alterius
729 1160 893 1223 factionis
917 1161 1077 1223 homines
1101 1161 1250 1224 viriliter
1274 1175 1311 1223 ut
1334 1165 1391 1225 de-

138 1267 190 1327 cuit
207 1278 339 1330 tutatus
372 1287 446 1330 sum
480 1279 516 1330 et
548 1271 691 1330 tutabor
721 1288 862 1348 semper
895 1267 969 1330 sine
1001 1269 1072 1330 ulla
1108 1270 1215 1332 etiam
1247 1270 1392 1351 proprie

137 1373 189 1434 vite
207 1375 354 1437 ratione.
385 1374 463 1455 Que
488 1375 606 1437 omnia
630 1375 726 1437 volui
754 1377 862 1456 paulo
887 1375 997 1436 lacius
1021 1375 1149 1436 Vestre
1176 1376 1392 1438 Beatitudini

137 1481 310 1560 explicasse
334 1493 370 1543 et
394 1482 509 1544 eidem
533 1502 599 1563 pro
624 1503 702 1544 mea
727 1494 814 1563 e'rga
839 1502 877 1544 se
902 1481 1131 1544 observantia
1151 1483 1331 1544 recordari
1356 1483 1391 1545 in

135 1586 174 1648 his
191 1592 295 1650 rebus
318 1590 376 1651 vel
399 1589 568 1652 sedandis
592 1591 648 1650 vel
674 1589 708 1651 vi
733 1589 943 1652 cohibendis
967 1589 1154 1668 plurimum
1179 1589 1238 1670 agi
1264 1593 1307 1650 de
1332 1592 1390 1652 ho-

135 1712 206 1773 nore,
231 1699 276 1758 de
301 1696 434 1777 gloria,
460 1698 505 1758 de
529 1697 697 1774 comodo,
732 1699 776 1757 de
812 1697 926 1757 salute
960 1716 1022 1758 sua
1056 1711 1091 1757 et
1122 1697 1253 1777 ubique
1277 1698 1391 1759 tocius

134 1802 242 1865 ordinis
266 1804 498 1866 ecelesiastici
524 1804 748 1882 defensione,
773 1814 809 1865 et
832 1803 983 1884 proinde
1008 1804 1254 1866 necessitatem
1278 1803 1390 1884 ipsam

134 1913 291 1985 postulare
318 1922 354 1972 ut
385 1911 564 1972 examinet
596 1913 796 1992 perpendat
828 1921 864 1972 et
897 1911 1086 1991 prospitiat
1111 1923 1279 1990 quantum
1308 1931 1389 1972 con·

133 2014 216 2077 ducat
240 2018 433 2079 seditiones
456 2018 656 2079 huiusmodi
681 2016 714 2079 in
750 2018 828 2099 ipsa
853 2015 1044 2079 Germania
1073 2017 1234 2098 extingui
1266 2038 1311 2080 ne
1342 2019 1389 2080 ul·

42 2182 43 2197 ,
132 2123 219 2184 terius
236 2125 530 2205 progrediantur;
549 2137 655 2205 atque
670 2126 751 2187 ideo
772 2137 810 2186 ut
826 2127 988 2186 consulat
1004 2125 1192 2204 provideat
1209 2125 1391 2205 suppetias

133 2245 287 2312 opemque
311 2230 405 2293 ferat
429 2252 534 2311 quam
560 2232 725 2294 citissime
749 2240 887 2311 potest,
924 2231 984 2293 ubi
1009 2246 1043 2293 et
1067 2233 1163 2312 apud
1187 2253 1275 2313 quos
1300 2251 1389 2313 opus

42 2344 43 2347 ’
135 2353 194 2396 esse
212 2338 395 2419 intelligit;
420 2360 486 2421 per
509 2341 576 2400 hoc
601 2338 693 2400 enim
719 2349 757 2398 ut
781 2339 885 2400 video
910 2338 1059 2420 gloriam
1077 2337 1308 2401 immortalem
1333 2341 1387 2402 de·

42 2478 43 2509 1
130 2460 241 2524 rusque
265 2456 477 2526 perpetuum
503 2445 570 2507 sibi
594 2445 865 2526 comparaverit,
889 2445 966 2508 fieri
991 2466 1132 2525 quoque
1148 2466 1214 2525 pro
1231 2457 1389 2526 tempore

42 2542 43 2545 '
129 2551 239 2625 poterit
264 2564 302 2613 ut
326 2572 429 2614 omne
454 2553 681 2634 impendium,
705 2553 819 2615 omnis
842 2563 1002 2632 sumptus
1027 2572 1131 2632 quern
1156 2555 1200 2614 ad
1220 2555 1284 2614 has
1300 2573 1388 2614 com·

128 2658 289 2721 motiones
314 2659 548 2722 eradicandas
573 2659 771 2740 contulerit,
797 2662 926 2721 damna
951 2680 1169 2741 quecumque
1192 2659 1259 2722 sibi
1274 2681 1388 2721 cumu-

129 2760 277 2826 latissime
302 2766 492 2843 resarciat,
525 2767 562 2828 id
596 2768 690 2848 quod
716 2769 772 2828 vel
798 2765 989 2828 animosius
1013 2785 1137 2827 curare
1162 2767 1270 2828 debet
1295 2770 1388 2846 quod

130 2867 205 2932 idem
243 2874 498 2936 Serenissimus
538 2876 710 2955 Princeps
749 2878 816 2937 hoc
856 2875 970 2955 ipsum
1010 2874 1069 2935 diu
1113 2886 1288 2955 noctuque
1335 2895 1388 2935 co-

128 2975 202 3053 gitat
223 3000 263 3041 ac
289 2980 374 3041 nihil
399 2982 572 3062 reliquum
597 2982 684 3043 facit
707 2994 745 3043 ut
778 2981 1003 3042 defendende
1035 2980 1217 3060 dignitatis
1249 2982 1388 3042 ecclesi-

127 3084 220 3147 astice
244 3089 408 3168 clypeum
437 3089 571 3168 induat,
602 3088 638 3150 in
669 3108 739 3169 quo
775 3088 995 3168 permaxime
1027 3087 1220 3168 profecerit
1249 3089 1277 3148 si
1311 3088 1389 3169 ipsa

127 3190 182 3251 sibi
205 3214 305 3275 opem
330 3196 498 3258 attulerit.
546 3196 610 3257 Cui
642 3217 697 3257 me
729 3194 986 3274 ecclesiamque
1017 3215 1113 3256 suam
1146 3194 1388 3256 'l‘ridentinam

126 3299 337 3362 vehementer
362 3305 581 3364 commendo.

201 3405 251 3468 Ex
277 3408 400 3490 Rippa
425 3410 585 3471 'l'ridenti
611 3410 731 3471 ultimo
757 3410 841 3471 Maii
867 3408 1067 3473 MllXXV.

270 3517 307 3577 E.
337 3516 485 3578 Vestrae
509 3516 755 3579 Beatitudinis

1021 3625 1102 3674 Huni.
1122 3623 1247 3672 Crealura

980 3716 1009 3764 B.
1031 3714 1104 3776 lips.
1125 3715 1282 3762 trident.

713 4206 787 4268 219.

289 4321 411 4401 Abbns
438 4343 464 4402 s.
494 4320 642 4400 Antonii
674 4319 883 4401 Viennensis
912 4320 1082 4401 Clementi
1110 4320 1188 4402 VII.

565 4468 663 4541 (epist.
681 4469 768 4541 prino.
786 4468 837 4525 m
855 4469 923 4540 145.)

623 4582 659 4644 (3.
679 4580 753 4645 Junii
775 4580 862 4647 1525.)

206 4704 301 4786 Quae
325 4706 360 4769 in
386 4704 534 4767 Alsatiis
559 4704 679 4765 divina
702 4704 926 4765 Lutheranae
961 4705 1009 4767 illi
1033 4705 1124 4787 pesti
1150 4706 1235 4768 ultio
1260 4707 1387 4785 intulit,

127 4804 165 4869 V.
186 4810 218 4873 S.
241 4815 421 4894 explicare
445 4815 541 4892 quod
565 4831 730 4892 presumo
756 4822 921 4873 nontam
947 4812 1134 4874 temeritati
1167 4813 1250 4875 mihi
1282 4814 1384 4876 ascri-

128 4914 263 4984 bendum
287 4926 437 4984 obsecro
462 4940 567 5002 quam
591 4919 685 4999 quod
701 4937 835 4979 summa
858 4918 937 4999 ipsa
962 4940 1018 4981 res
1042 4940 1193 4984 summas
1211 4920 1253 4983 V.
1275 4921 1386 5003 ipsius
