<?xml version="1.0" encoding="UTF-8"?>
<!DOCTYPE html PUBLIC "-//W3C//DTD XHTML 1.0 Transitional//EN"
    "http://www.w3.org/TR/xhtml1/DTD/xhtml1-transitional.dtd">
<html xmlns="http://www.w3.org/1999/xhtml" xml:lang="en" lang="en">
 <head>
  <title>
</title>
<meta http-equiv="Content-Type" content="text/html;charset=utf-8" />
  <meta name='ocr-system' content='tesseract 3.04.00' />
  <meta name='ocr-capabilities' content='ocr_page ocr_carea ocr_par ocr_line ocrx_word'/>
</head>
<body>
  <div class='ocr_page' id='page_1' title='image "./monumentareform00unkngoog_0602.png"; bbox 0 0 3425 5700; ppageno 0'>
   <div class='ocr_carea' id='block_1_1' title="bbox 755 524 1002 581">
    <p class='ocr_par' dir='ltr' id='par_1_1' title="bbox 755 524 1002 581">
     <span class='ocr_line' id='line_1_1' title="bbox 755 524 1002 581; baseline 0 -2"><span class='ocrx_word' id='word_1_1' title='bbox 755 524 1002 581; x_wconf 47' lang='lat' dir='ltr'>osismos</span> 
     </span>
    </p>
   </div>
   <div class='ocr_carea' id='block_1_2' title="bbox 195 670 1525 4932">
    <p class='ocr_par' dir='ltr' id='par_1_2' title="bbox 195 670 1525 4932">
     <span class='ocr_line' id='line_1_2' title="bbox 238 670 1523 756; baseline 0.002 -21"><span class='ocrx_word' id='word_1_2' title='bbox 238 673 289 735; x_wconf 69' lang='lat' dir='ltr'>dtu</span> <span class='ocrx_word' id='word_1_3' title='bbox 313 692 411 735; x_wconf 88' lang='lat' dir='ltr'>meus</span> <span class='ocrx_word' id='word_1_4' title='bbox 436 670 593 735; x_wconf 89' lang='lat' dir='ltr'>datarius</span> <span class='ocrx_word' id='word_1_5' title='bbox 618 673 773 734; x_wconf 88' lang='lat' dir='ltr'>debeant</span> <span class='ocrx_word' id='word_1_6' title='bbox 796 682 933 736; x_wconf 90' lang='lat' dir='ltr'>mature</span> <span class='ocrx_word' id='word_1_7' title='bbox 949 673 1109 755; x_wconf 88' lang='lat' dir='ltr'>cogitare</span> <span class='ocrx_word' id='word_1_8' title='bbox 1125 675 1170 737; x_wconf 92' lang='lat' dir='ltr'>de</span> <span class='ocrx_word' id='word_1_9' title='bbox 1185 673 1228 737; x_wconf 89' lang='lat' dir='ltr'>iis</span> <span class='ocrx_word' id='word_1_10' title='bbox 1245 695 1337 756; x_wconf 89' lang='lat' dir='ltr'>quae</span> <span class='ocrx_word' id='word_1_11' title='bbox 1360 676 1406 737; x_wconf 92' lang='lat' dir='ltr'>ad</span> <span class='ocrx_word' id='word_1_12' title='bbox 1429 677 1523 738; x_wconf 89' lang='lat' dir='ltr'>hanc</span> 
     </span>
     <span class='ocr_line' id='line_1_3' title="bbox 238 776 1523 862; baseline 0.002 -19"><span class='ocrx_word' id='word_1_13' title='bbox 238 779 422 843; x_wconf 83' lang='lat' dir='ltr'><strong>materiam</strong></span> <span class='ocrx_word' id='word_1_14' title='bbox 438 776 628 861; x_wconf 84' lang='lat' dir='ltr'>pertinent,</span> <span class='ocrx_word' id='word_1_15' title='bbox 644 778 851 861; x_wconf 91' lang='lat' dir='ltr'>imponendi</span> <span class='ocrx_word' id='word_1_16' title='bbox 868 780 1004 843; x_wconf 90' lang='lat' dir='ltr'>scilicet</span> <span class='ocrx_word' id='word_1_17' title='bbox 1020 779 1056 844; x_wconf 92' lang='lat' dir='ltr'>in</span> <span class='ocrx_word' id='word_1_18' title='bbox 1073 781 1225 862; x_wconf 82' lang='lat' dir='ltr'>gratiam</span> <span class='ocrx_word' id='word_1_19' title='bbox 1239 781 1375 845; x_wconf 85' lang='lat' dir='ltr'>Erasmi</span> <span class='ocrx_word' id='word_1_20' title='bbox 1391 783 1523 845; x_wconf 90' lang='lat' dir='ltr'>silentii</span> 
     </span>
     <span class='ocr_line' id='line_1_4' title="bbox 241 885 1521 969; baseline 0.002 -20"><span class='ocrx_word' id='word_1_21' title='bbox 241 886 308 951; x_wconf 92' lang='lat' dir='ltr'>illis</span> <span class='ocrx_word' id='word_1_22' title='bbox 333 907 479 969; x_wconf 91' lang='lat' dir='ltr'>quorum</span> <span class='ocrx_word' id='word_1_23' title='bbox 510 885 658 948; x_wconf 89' lang='lat' dir='ltr'>libertas</span> <span class='ocrx_word' id='word_1_24' title='bbox 687 885 786 948; x_wconf 89' lang='lat' dir='ltr'>vocis</span> <span class='ocrx_word' id='word_1_25' title='bbox 810 885 844 948; x_wconf 94' lang='lat' dir='ltr'>in</span> <span class='ocrx_word' id='word_1_26' title='bbox 870 888 1080 950; x_wconf 84' lang='lat' dir='ltr'>damnandis</span> <span class='ocrx_word' id='word_1_27' title='bbox 1113 888 1207 951; x_wconf 93' lang='lat' dir='ltr'>illius</span> <span class='ocrx_word' id='word_1_28' title='bbox 1241 890 1421 952; x_wconf 88' lang='lat' dir='ltr'>erroribus</span> <span class='ocrx_word' id='word_1_29' title='bbox 1453 891 1521 952; x_wconf 94' lang='lat' dir='ltr'>col-</span> 
     </span>
     <span class='ocr_line' id='line_1_5' title="bbox 240 993 1523 1074; baseline 0.002 -19"><span class='ocrx_word' id='word_1_30' title='bbox 240 994 420 1057; x_wconf 88' lang='lat' dir='ltr'>laudanda</span> <span class='ocrx_word' id='word_1_31' title='bbox 444 1002 479 1057; x_wconf 90' lang='lat' dir='ltr'>et</span> <span class='ocrx_word' id='word_1_32' title='bbox 503 993 697 1055; x_wconf 81' lang='lat' dir='ltr'>excitanda</span> <span class='ocrx_word' id='word_1_33' title='bbox 726 1013 804 1055; x_wconf 91' lang='lat' dir='ltr'>esse</span> <span class='ocrx_word' id='word_1_34' title='bbox 836 994 1036 1074; x_wconf 91' lang='lat' dir='ltr'>videretur,</span> <span class='ocrx_word' id='word_1_35' title='bbox 1073 1016 1117 1059; x_wconf 91' lang='lat' dir='ltr'>ne</span> <span class='ocrx_word' id='word_1_36' title='bbox 1152 1017 1231 1059; x_wconf 91' lang='lat' dir='ltr'>cum</span> <span class='ocrx_word' id='word_1_37' title='bbox 1255 996 1462 1060; x_wconf 82' lang='lat' dir='ltr'>satisfacere</span> <span class='ocrx_word' id='word_1_38' title='bbox 1486 1006 1523 1060; x_wconf 91' lang='lat' dir='ltr'>et</span> 
     </span>
     <span class='ocr_line' id='line_1_6' title="bbox 239 1100 1523 1185; baseline 0.002 -22"><span class='ocrx_word' id='word_1_39' title='bbox 239 1102 382 1182; x_wconf 91' lang='lat' dir='ltr'>placere</span> <span class='ocrx_word' id='word_1_40' title='bbox 406 1100 569 1163; x_wconf 88' lang='lat' dir='ltr'>volentes</span> <span class='ocrx_word' id='word_1_41' title='bbox 593 1103 721 1163; x_wconf 91' lang='lat' dir='ltr'>multos</span> <span class='ocrx_word' id='word_1_42' title='bbox 745 1102 854 1181; x_wconf 88' lang='lat' dir='ltr'>longe</span> <span class='ocrx_word' id='word_1_43' title='bbox 870 1102 1094 1182; x_wconf 89' lang='lat' dir='ltr'>synceriores</span> <span class='ocrx_word' id='word_1_44' title='bbox 1111 1113 1147 1165; x_wconf 92' lang='lat' dir='ltr'>et</span> <span class='ocrx_word' id='word_1_45' title='bbox 1161 1104 1276 1185; x_wconf 84' lang='lat' dir='ltr'>magis</span> <span class='ocrx_word' id='word_1_46' title='bbox 1301 1103 1523 1167; x_wconf 90' lang='lat' dir='ltr'>necessarios</span> 
     </span>
     <span class='ocr_line' id='line_1_7' title="bbox 240 1206 1523 1292; baseline 0.003 -22"><span class='ocrx_word' id='word_1_47' title='bbox 240 1209 453 1289; x_wconf 81' lang='lat' dir='ltr'>languentes</span> <span class='ocrx_word' id='word_1_48' title='bbox 488 1227 529 1269; x_wconf 91' lang='lat' dir='ltr'>ac</span> <span class='ocrx_word' id='word_1_49' title='bbox 554 1206 695 1289; x_wconf 88' lang='lat' dir='ltr'>tepidos</span> <span class='ocrx_word' id='word_1_50' title='bbox 729 1208 893 1270; x_wconf 87' lang='lat' dir='ltr'>reddant.</span> <span class='ocrx_word' id='word_1_51' title='bbox 945 1209 1070 1291; x_wconf 88' lang='lat' dir='ltr'>Neque</span> <span class='ocrx_word' id='word_1_52' title='bbox 1104 1209 1197 1271; x_wconf 91' lang='lat' dir='ltr'>enim</span> <span class='ocrx_word' id='word_1_53' title='bbox 1227 1225 1354 1292; x_wconf 90' lang='lat' dir='ltr'>putare</span> <span class='ocrx_word' id='word_1_54' title='bbox 1389 1212 1523 1275; x_wconf 92' lang='lat' dir='ltr'>debent</span> 
     </span>
     <span class='ocr_line' id='line_1_8' title="bbox 240 1315 1522 1399; baseline 0.004 -24"><span class='ocrx_word' id='word_1_55' title='bbox 240 1315 352 1377; x_wconf 90' lang='lat' dir='ltr'>latere</span> <span class='ocrx_word' id='word_1_56' title='bbox 375 1334 481 1395; x_wconf 90' lang='lat' dir='ltr'>posse</span> <span class='ocrx_word' id='word_1_57' title='bbox 506 1324 617 1377; x_wconf 89' lang='lat' dir='ltr'>totum</span> <span class='ocrx_word' id='word_1_58' title='bbox 641 1316 810 1377; x_wconf 90' lang='lat' dir='ltr'>mundum</span> <span class='ocrx_word' id='word_1_59' title='bbox 842 1319 938 1397; x_wconf 92' lang='lat' dir='ltr'>quod</span> <span class='ocrx_word' id='word_1_60' title='bbox 968 1318 1035 1378; x_wconf 90' lang='lat' dir='ltr'>hac</span> <span class='ocrx_word' id='word_1_61' title='bbox 1063 1337 1102 1379; x_wconf 90' lang='lat' dir='ltr'>re</span> <span class='ocrx_word' id='word_1_62' title='bbox 1133 1317 1167 1380; x_wconf 92' lang='lat' dir='ltr'>in</span> <span class='ocrx_word' id='word_1_63' title='bbox 1202 1317 1354 1399; x_wconf 86' lang='lat' dir='ltr'>gratiam</span> <span class='ocrx_word' id='word_1_64' title='bbox 1385 1317 1522 1382; x_wconf 89' lang='lat' dir='ltr'>Erasmi</span> 
     </span>
     <span class='ocr_line' id='line_1_9' title="bbox 241 1420 1522 1503; baseline 0.004 -20"><span class='ocrx_word' id='word_1_65' title='bbox 241 1430 364 1483; x_wconf 87' lang='lat' dir='ltr'>contra</span> <span class='ocrx_word' id='word_1_66' title='bbox 398 1420 512 1483; x_wconf 92' lang='lat' dir='ltr'>dictos</span> <span class='ocrx_word' id='word_1_67' title='bbox 543 1421 632 1483; x_wconf 93' lang='lat' dir='ltr'>duos</span> <span class='ocrx_word' id='word_1_68' title='bbox 668 1420 873 1502; x_wconf 86' lang='lat' dir='ltr'>Theologos</span> <span class='ocrx_word' id='word_1_69' title='bbox 904 1421 1160 1503; x_wconf 88' lang='lat' dir='ltr'>providerunt;</span> <span class='ocrx_word' id='word_1_70' title='bbox 1192 1444 1269 1486; x_wconf 90' lang='lat' dir='ltr'>cum</span> <span class='ocrx_word' id='word_1_71' title='bbox 1306 1426 1522 1488; x_wconf 88' lang='lat' dir='ltr'>credendum</span> 
     </span>
     <span class='ocr_line' id='line_1_10' title="bbox 241 1528 1519 1613; baseline 0.005 -24"><span class='ocrx_word' id='word_1_72' title='bbox 241 1532 286 1589; x_wconf 87' lang='lat' dir='ltr'>sit</span> <span class='ocrx_word' id='word_1_73' title='bbox 309 1528 406 1590; x_wconf 90' lang='lat' dir='ltr'>illum</span> <span class='ocrx_word' id='word_1_74' title='bbox 431 1528 476 1589; x_wconf 92' lang='lat' dir='ltr'>de</span> <span class='ocrx_word' id='word_1_75' title='bbox 501 1529 569 1589; x_wconf 91' lang='lat' dir='ltr'>hoc</span> <span class='ocrx_word' id='word_1_76' title='bbox 593 1528 688 1609; x_wconf 90' lang='lat' dir='ltr'>apud</span> <span class='ocrx_word' id='word_1_77' title='bbox 715 1547 837 1591; x_wconf 89' lang='lat' dir='ltr'>omnes</span> <span class='ocrx_word' id='word_1_78' title='bbox 862 1529 968 1591; x_wconf 89' lang='lat' dir='ltr'>etiam</span> <span class='ocrx_word' id='word_1_79' title='bbox 999 1529 1140 1613; x_wconf 90' lang='lat' dir='ltr'>scriptis</span> <span class='ocrx_word' id='word_1_80' title='bbox 1168 1531 1321 1611; x_wconf 86' lang='lat' dir='ltr'>publicis</span> <span class='ocrx_word' id='word_1_81' title='bbox 1354 1534 1519 1613; x_wconf 88' lang='lat' dir='ltr'>gloriatu-</span> 
     </span>
     <span class='ocr_line' id='line_1_11' title="bbox 241 1634 1522 1717; baseline 0.005 -22"><span class='ocrx_word' id='word_1_82' title='bbox 241 1655 327 1713; x_wconf 90' lang='lat' dir='ltr'>rum,</span> <span class='ocrx_word' id='word_1_83' title='bbox 353 1635 648 1715; x_wconf 87' lang='lat' dir='ltr'>quemadmodum</span> <span class='ocrx_word' id='word_1_84' title='bbox 673 1637 783 1697; x_wconf 83' lang='lat' dir='ltr'>breve</span> <span class='ocrx_word' id='word_1_85' title='bbox 808 1636 988 1715; x_wconf 89' lang='lat' dir='ltr'>quoddam</span> <span class='ocrx_word' id='word_1_86' title='bbox 1012 1656 1082 1717; x_wconf 94' lang='lat' dir='ltr'>quo</span> <span class='ocrx_word' id='word_1_87' title='bbox 1107 1634 1186 1699; x_wconf 80' lang='lat' dir='ltr'>S¹¹¹¹²⁸</span> <span class='ocrx_word' id='word_1_88' title='bbox 1204 1638 1248 1701; x_wconf 91' lang='lat' dir='ltr'>D.</span> <span class='ocrx_word' id='word_1_89' title='bbox 1271 1637 1312 1700; x_wconf 70' lang='lat' dir='ltr'>N.</span> <span class='ocrx_word' id='word_1_90' title='bbox 1333 1640 1390 1700; x_wconf 89' lang='lat' dir='ltr'>vel</span> <span class='ocrx_word' id='word_1_91' title='bbox 1409 1638 1522 1701; x_wconf 78' lang='lat' dir='ltr'>Rev¹¹⁸</span> 
     </span>
     <span class='ocr_line' id='line_1_12' title="bbox 242 1740 1519 1824; baseline 0.003 -21"><span class='ocrx_word' id='word_1_92' title='bbox 242 1744 275 1805; x_wconf 90' lang='lat' dir='ltr'>d.</span> <span class='ocrx_word' id='word_1_93' title='bbox 300 1740 467 1804; x_wconf 86' lang='lat' dir='ltr'>Datarius</span> <span class='ocrx_word' id='word_1_94' title='bbox 492 1742 539 1803; x_wconf 65' lang='lat' dir='ltr'>Sl·</span> <span class='ocrx_word' id='word_1_95' title='bbox 567 1741 642 1804; x_wconf 91' lang='lat' dir='ltr'>eius</span> <span class='ocrx_word' id='word_1_96' title='bbox 667 1742 807 1805; x_wconf 81' lang='lat' dir='ltr'>nomine</span> <span class='ocrx_word' id='word_1_97' title='bbox 832 1742 864 1804; x_wconf 91' lang='lat' dir='ltr'>ei</span> <span class='ocrx_word' id='word_1_98' title='bbox 900 1743 1079 1824; x_wconf 91' lang='lat' dir='ltr'>pollicitus</span> <span class='ocrx_word' id='word_1_99' title='bbox 1106 1742 1213 1806; x_wconf 86' lang='lat' dir='ltr'>suerit</span> <span class='ocrx_word' id='word_1_100' title='bbox 1248 1744 1352 1807; x_wconf 91' lang='lat' dir='ltr'>dictis</span> <span class='ocrx_word' id='word_1_101' title='bbox 1379 1747 1519 1807; x_wconf 90' lang='lat' dir='ltr'>duobus</span> 
     </span>
     <span class='ocr_line' id='line_1_13' title="bbox 245 1846 1523 1935; baseline 0.004 -26"><span class='ocrx_word' id='word_1_102' title='bbox 245 1848 423 1931; x_wconf 89' lang='lat' dir='ltr'>theologis</span> <span class='ocrx_word' id='word_1_103' title='bbox 447 1847 623 1911; x_wconf 88' lang='lat' dir='ltr'>silentium</span> <span class='ocrx_word' id='word_1_104' title='bbox 639 1846 834 1929; x_wconf 85' lang='lat' dir='ltr'>imponere,</span> <span class='ocrx_word' id='word_1_105' title='bbox 859 1870 938 1912; x_wconf 90' lang='lat' dir='ltr'>eum</span> <span class='ocrx_word' id='word_1_106' title='bbox 958 1850 1064 1913; x_wconf 89' lang='lat' dir='ltr'>audio</span> <span class='ocrx_word' id='word_1_107' title='bbox 1089 1871 1110 1912; x_wconf 94' lang='lat' dir='ltr'>a</span> <span class='ocrx_word' id='word_1_108' title='bbox 1127 1852 1376 1935; x_wconf 88' lang='lat' dir='ltr'>calcographis</span> <span class='ocrx_word' id='word_1_109' title='bbox 1393 1853 1523 1914; x_wconf 88' lang='lat' dir='ltr'>excudi</span> 
     </span>
     <span class='ocr_line' id='line_1_14' title="bbox 243 1955 1522 2041; baseline 0.001 -22"><span class='ocrx_word' id='word_1_110' title='bbox 243 1978 283 2019; x_wconf 85' lang='lat' dir='ltr'>ac</span> <span class='ocrx_word' id='word_1_111' title='bbox 308 1956 448 2038; x_wconf 87' lang='lat' dir='ltr'>vulgari</span> <span class='ocrx_word' id='word_1_112' title='bbox 479 1955 617 2019; x_wconf 88' lang='lat' dir='ltr'>fecisse.</span> <span class='ocrx_word' id='word_1_113' title='bbox 674 1955 774 2037; x_wconf 84' lang='lat' dir='ltr'>Quae</span> <span class='ocrx_word' id='word_1_114' title='bbox 809 1956 974 2019; x_wconf 89' lang='lat' dir='ltr'>nimirum</span> <span class='ocrx_word' id='word_1_115' title='bbox 1008 1956 1100 2019; x_wconf 88' lang='lat' dir='ltr'>ratio</span> <span class='ocrx_word' id='word_1_116' title='bbox 1136 1977 1191 2020; x_wconf 90' lang='lat' dir='ltr'>me</span> <span class='ocrx_word' id='word_1_117' title='bbox 1225 1958 1334 2021; x_wconf 92' lang='lat' dir='ltr'>movit</span> <span class='ocrx_word' id='word_1_118' title='bbox 1369 1980 1414 2022; x_wconf 93' lang='lat' dir='ltr'>ne</span> <span class='ocrx_word' id='word_1_119' title='bbox 1453 1959 1522 2041; x_wconf 87' lang='lat' dir='ltr'>ipsi</span> 
     </span>
     <span class='ocr_line' id='line_1_15' title="bbox 241 2061 1522 2144; baseline 0.003 -19"><span class='ocrx_word' id='word_1_120' title='bbox 241 2062 388 2125; x_wconf 90' lang='lat' dir='ltr'>Erasmo</span> <span class='ocrx_word' id='word_1_121' title='bbox 412 2061 599 2144; x_wconf 90' lang='lat' dir='ltr'>quicquam</span> <span class='ocrx_word' id='word_1_122' title='bbox 617 2062 819 2143; x_wconf 86' lang='lat' dir='ltr'>scripserim</span> <span class='ocrx_word' id='word_1_123' title='bbox 844 2063 889 2125; x_wconf 90' lang='lat' dir='ltr'>de</span> <span class='ocrx_word' id='word_1_124' title='bbox 914 2063 1159 2125; x_wconf 88' lang='lat' dir='ltr'>commissione</span> <span class='ocrx_word' id='word_1_125' title='bbox 1184 2073 1220 2126; x_wconf 95' lang='lat' dir='ltr'>et</span> <span class='ocrx_word' id='word_1_126' title='bbox 1243 2066 1411 2128; x_wconf 90' lang='lat' dir='ltr'>mandato</span> <span class='ocrx_word' id='word_1_127' title='bbox 1436 2068 1522 2129; x_wconf 80' lang='lat' dir='ltr'>mihi</span> 
     </span>
     <span class='ocr_line' id='line_1_16' title="bbox 241 2167 1523 2251; baseline 0.003 -18"><span class='ocrx_word' id='word_1_128' title='bbox 241 2171 285 2233; x_wconf 93' lang='lat' dir='ltr'>ad</span> <span class='ocrx_word' id='word_1_129' title='bbox 310 2178 524 2235; x_wconf 88' lang='lat' dir='ltr'>memoratos</span> <span class='ocrx_word' id='word_1_130' title='bbox 548 2170 636 2232; x_wconf 89' lang='lat' dir='ltr'>duos</span> <span class='ocrx_word' id='word_1_131' title='bbox 661 2170 867 2251; x_wconf 86' lang='lat' dir='ltr'>Theologos</span> <span class='ocrx_word' id='word_1_132' title='bbox 890 2190 912 2232; x_wconf 89' lang='lat' dir='ltr'>a</span> <span class='ocrx_word' id='word_1_133' title='bbox 935 2167 1030 2232; x_wconf 76' lang='lat' dir='ltr'>SS¹¹²⁰</span> <span class='ocrx_word' id='word_1_134' title='bbox 1054 2170 1097 2235; x_wconf 91' lang='lat' dir='ltr'>D.</span> <span class='ocrx_word' id='word_1_135' title='bbox 1122 2170 1165 2234; x_wconf 93' lang='lat' dir='ltr'>N.</span> <span class='ocrx_word' id='word_1_136' title='bbox 1190 2191 1252 2233; x_wconf 92' lang='lat' dir='ltr'>seu</span> <span class='ocrx_word' id='word_1_137' title='bbox 1268 2171 1344 2235; x_wconf 86' lang='lat' dir='ltr'>R¹¹²⁰</span> <span class='ocrx_word' id='word_1_138' title='bbox 1365 2174 1430 2235; x_wconf 87' lang='lat' dir='ltr'><strong>D¹¹⁰</strong></span> <span class='ocrx_word' id='word_1_139' title='bbox 1452 2175 1523 2237; x_wconf 93' lang='lat' dir='ltr'>Da-</span> 
     </span>
     <span class='ocr_line' id='line_1_17' title="bbox 242 2274 1522 2359; baseline 0.003 -20"><span class='ocrx_word' id='word_1_140' title='bbox 242 2275 331 2339; x_wconf 90' lang='lat' dir='ltr'>tario</span> <span class='ocrx_word' id='word_1_141' title='bbox 356 2275 465 2351; x_wconf 87' lang='lat' dir='ltr'>datis;</span> <span class='ocrx_word' id='word_1_142' title='bbox 496 2276 592 2357; x_wconf 92' lang='lat' dir='ltr'>quod</span> <span class='ocrx_word' id='word_1_143' title='bbox 624 2274 792 2347; x_wconf 86' lang='lat' dir='ltr'>videlicet</span> <span class='ocrx_word' id='word_1_144' title='bbox 819 2275 980 2339; x_wconf 89' lang='lat' dir='ltr'>timerem</span> <span class='ocrx_word' id='word_1_145' title='bbox 1011 2296 1090 2339; x_wconf 90' lang='lat' dir='ltr'>eum</span> <span class='ocrx_word' id='word_1_146' title='bbox 1123 2276 1265 2359; x_wconf 90' lang='lat' dir='ltr'>scriptis</span> <span class='ocrx_word' id='word_1_147' title='bbox 1288 2279 1361 2342; x_wconf 88' lang='lat' dir='ltr'>suis</span> <span class='ocrx_word' id='word_1_148' title='bbox 1385 2282 1430 2343; x_wconf 90' lang='lat' dir='ltr'>de</span> <span class='ocrx_word' id='word_1_149' title='bbox 1453 2282 1522 2343; x_wconf 91' lang='lat' dir='ltr'>hoc</span> 
     </span>
     <span class='ocr_line' id='line_1_18' title="bbox 241 2382 1522 2466; baseline 0.004 -21"><span class='ocrx_word' id='word_1_150' title='bbox 241 2382 484 2465; x_wconf 88' lang='lat' dir='ltr'>gloriaturum.</span> <span class='ocrx_word' id='word_1_151' title='bbox 530 2382 640 2445; x_wconf 91' lang='lat' dir='ltr'>lmmo</span> <span class='ocrx_word' id='word_1_152' title='bbox 664 2402 750 2446; x_wconf 92' lang='lat' dir='ltr'>vero</span> <span class='ocrx_word' id='word_1_153' title='bbox 776 2382 836 2444; x_wconf 88' lang='lat' dir='ltr'>vix</span> <span class='ocrx_word' id='word_1_154' title='bbox 862 2382 989 2464; x_wconf 90' lang='lat' dir='ltr'>cuique</span> <span class='ocrx_word' id='word_1_155' title='bbox 1013 2393 1157 2466; x_wconf 87' lang='lat' dir='ltr'>praeter</span> <span class='ocrx_word' id='word_1_156' title='bbox 1181 2384 1295 2448; x_wconf 92' lang='lat' dir='ltr'>dictos</span> <span class='ocrx_word' id='word_1_157' title='bbox 1319 2386 1408 2449; x_wconf 92' lang='lat' dir='ltr'>duos</span> <span class='ocrx_word' id='word_1_158' title='bbox 1424 2389 1522 2450; x_wconf 89' lang='lat' dir='ltr'>theo·</span> 
     </span>
     <span class='ocr_line' id='line_1_19' title="bbox 243 2489 1525 2573; baseline 0.002 -21"><span class='ocrx_word' id='word_1_159' title='bbox 243 2492 347 2571; x_wconf 93' lang='lat' dir='ltr'>logos</span> <span class='ocrx_word' id='word_1_160' title='bbox 372 2490 492 2551; x_wconf 90' lang='lat' dir='ltr'>dicere</span> <span class='ocrx_word' id='word_1_161' title='bbox 517 2509 622 2551; x_wconf 88' lang='lat' dir='ltr'>ausus</span> <span class='ocrx_word' id='word_1_162' title='bbox 647 2510 722 2551; x_wconf 89' lang='lat' dir='ltr'>sum</span> <span class='ocrx_word' id='word_1_163' title='bbox 747 2492 792 2552; x_wconf 94' lang='lat' dir='ltr'>de</span> <span class='ocrx_word' id='word_1_164' title='bbox 814 2489 1060 2553; x_wconf 90' lang='lat' dir='ltr'>commissione</span> <span class='ocrx_word' id='word_1_165' title='bbox 1078 2511 1166 2571; x_wconf 91' lang='lat' dir='ltr'>mea,</span> <span class='ocrx_word' id='word_1_166' title='bbox 1191 2511 1262 2573; x_wconf 91' lang='lat' dir='ltr'>quo</span> <span class='ocrx_word' id='word_1_167' title='bbox 1277 2512 1336 2555; x_wconf 91' lang='lat' dir='ltr'>res</span> <span class='ocrx_word' id='word_1_168' title='bbox 1351 2493 1525 2556; x_wconf 90' lang='lat' dir='ltr'>secretior</span> 
     </span>
     <span class='ocr_line' id='line_1_20' title="bbox 241 2596 1524 2681; baseline 0.002 -21"><span class='ocrx_word' id='word_1_169' title='bbox 241 2610 455 2665; x_wconf 84' lang='lat' dir='ltr'>remaneret:</span> <span class='ocrx_word' id='word_1_170' title='bbox 482 2612 629 2677; x_wconf 89' lang='lat' dir='ltr'>propter</span> <span class='ocrx_word' id='word_1_171' title='bbox 654 2597 749 2677; x_wconf 92' lang='lat' dir='ltr'>quod</span> <span class='ocrx_word' id='word_1_172' title='bbox 782 2606 818 2659; x_wconf 92' lang='lat' dir='ltr'>et</span> <span class='ocrx_word' id='word_1_173' title='bbox 848 2596 926 2659; x_wconf 92' lang='lat' dir='ltr'>illos</span> <span class='ocrx_word' id='word_1_174' title='bbox 957 2597 1054 2678; x_wconf 91' lang='lat' dir='ltr'>ipsos</span> <span class='ocrx_word' id='word_1_175' title='bbox 1086 2597 1251 2661; x_wconf 90' lang='lat' dir='ltr'>distincte</span> <span class='ocrx_word' id='word_1_176' title='bbox 1283 2599 1453 2681; x_wconf 90' lang='lat' dir='ltr'>requisivi</span> <span class='ocrx_word' id='word_1_177' title='bbox 1476 2621 1524 2663; x_wconf 93' lang='lat' dir='ltr'>ne</span> 
     </span>
     <span class='ocr_line' id='line_1_21' title="bbox 245 2703 1522 2785; baseline 0.002 -18"><span class='ocrx_word' id='word_1_178' title='bbox 245 2726 318 2767; x_wconf 73' lang='lat' dir='ltr'>rem</span> <span class='ocrx_word' id='word_1_179' title='bbox 344 2703 589 2785; x_wconf 88' lang='lat' dir='ltr'>publicarent;</span> <span class='ocrx_word' id='word_1_180' title='bbox 624 2723 704 2766; x_wconf 90' lang='lat' dir='ltr'>nam</span> <span class='ocrx_word' id='word_1_181' title='bbox 729 2715 764 2767; x_wconf 89' lang='lat' dir='ltr'>et</span> <span class='ocrx_word' id='word_1_182' title='bbox 788 2706 854 2766; x_wconf 90' lang='lat' dir='ltr'>hoc</span> <span class='ocrx_word' id='word_1_183' title='bbox 879 2704 914 2766; x_wconf 93' lang='lat' dir='ltr'>in</span> <span class='ocrx_word' id='word_1_184' title='bbox 938 2704 1115 2767; x_wconf 89' lang='lat' dir='ltr'>mandatis</span> <span class='ocrx_word' id='word_1_185' title='bbox 1138 2706 1247 2768; x_wconf 88' lang='lat' dir='ltr'>habui</span> <span class='ocrx_word' id='word_1_186' title='bbox 1270 2716 1308 2768; x_wconf 91' lang='lat' dir='ltr'>ut</span> <span class='ocrx_word' id='word_1_187' title='bbox 1332 2727 1406 2769; x_wconf 89' lang='lat' dir='ltr'>rem</span> <span class='ocrx_word' id='word_1_188' title='bbox 1430 2709 1522 2770; x_wconf 86' lang='lat' dir='ltr'>hanc</span> 
     </span>
     <span class='ocr_line' id='line_1_22' title="bbox 242 2810 1522 2895; baseline 0.002 -21"><span class='ocrx_word' id='word_1_189' title='bbox 242 2821 380 2874; x_wconf 86' lang='lat' dir='ltr'>secreto</span> <span class='ocrx_word' id='word_1_190' title='bbox 405 2822 441 2873; x_wconf 91' lang='lat' dir='ltr'>et</span> <span class='ocrx_word' id='word_1_191' title='bbox 464 2810 539 2874; x_wconf 86' lang='lat' dir='ltr'>sine</span> <span class='ocrx_word' id='word_1_192' title='bbox 565 2812 712 2873; x_wconf 92' lang='lat' dir='ltr'>tumultu</span> <span class='ocrx_word' id='word_1_193' title='bbox 728 2810 1052 2893; x_wconf 89' lang='lat' dir='ltr'>paucisissimisque</span> <span class='ocrx_word' id='word_1_194' title='bbox 1069 2811 1220 2875; x_wconf 89' lang='lat' dir='ltr'>consciis</span> <span class='ocrx_word' id='word_1_195' title='bbox 1236 2832 1391 2894; x_wconf 89' lang='lat' dir='ltr'>agerem.</span> <span class='ocrx_word' id='word_1_196' title='bbox 1417 2813 1522 2895; x_wconf 87' lang='lat' dir='ltr'>Quod</span> 
     </span>
     <span class='ocr_line' id='line_1_23' title="bbox 242 2917 1520 3002; baseline 0.001 -20"><span class='ocrx_word' id='word_1_197' title='bbox 242 2939 347 3000; x_wconf 92' lang='lat' dir='ltr'>quum</span> <span class='ocrx_word' id='word_1_198' title='bbox 371 2919 475 2980; x_wconf 86' lang='lat' dir='ltr'>video</span> <span class='ocrx_word' id='word_1_199' title='bbox 500 2938 613 2980; x_wconf 91' lang='lat' dir='ltr'>meam</span> <span class='ocrx_word' id='word_1_200' title='bbox 637 2917 672 2979; x_wconf 91' lang='lat' dir='ltr'>in</span> <span class='ocrx_word' id='word_1_201' title='bbox 696 2920 763 2980; x_wconf 92' lang='lat' dir='ltr'>hoc</span> <span class='ocrx_word' id='word_1_202' title='bbox 789 2918 997 2982; x_wconf 89' lang='lat' dir='ltr'>industriam</span> <span class='ocrx_word' id='word_1_203' title='bbox 1021 2939 1147 3000; x_wconf 89' lang='lat' dir='ltr'>parum</span> <span class='ocrx_word' id='word_1_204' title='bbox 1170 2919 1381 3000; x_wconf 83' lang='lat' dir='ltr'>profecisse;</span> <span class='ocrx_word' id='word_1_205' title='bbox 1417 2920 1520 3002; x_wconf 92' lang='lat' dir='ltr'>siqui·</span> 
     </span>
     <span class='ocr_line' id='line_1_24' title="bbox 242 3025 1523 3108; baseline 0.002 -20"><span class='ocrx_word' id='word_1_206' title='bbox 242 3029 320 3088; x_wconf 81' lang='lat' dir='ltr'>dem</span> <span class='ocrx_word' id='word_1_207' title='bbox 349 3027 470 3107; x_wconf 86' lang='lat' dir='ltr'>accepi</span> <span class='ocrx_word' id='word_1_208' title='bbox 496 3026 539 3090; x_wconf 89' lang='lat' dir='ltr'>D.</span> <span class='ocrx_word' id='word_1_209' title='bbox 566 3025 752 3087; x_wconf 89' lang='lat' dir='ltr'>Albertum</span> <span class='ocrx_word' id='word_1_210' title='bbox 779 3025 944 3106; x_wconf 89' lang='lat' dir='ltr'>Pighium</span> <span class='ocrx_word' id='word_1_211' title='bbox 967 3046 1088 3088; x_wconf 91' lang='lat' dir='ltr'>mense</span> <span class='ocrx_word' id='word_1_212' title='bbox 1112 3027 1245 3108; x_wconf 89' lang='lat' dir='ltr'>(credo)</span> <span class='ocrx_word' id='word_1_213' title='bbox 1268 3027 1361 3106; x_wconf 90' lang='lat' dir='ltr'>Julio</span> <span class='ocrx_word' id='word_1_214' title='bbox 1387 3029 1523 3091; x_wconf 89' lang='lat' dir='ltr'>dehac</span> 
     </span>
     <span class='ocr_line' id='line_1_25' title="bbox 242 3131 1522 3216; baseline 0.002 -22"><span class='ocrx_word' id='word_1_215' title='bbox 242 3134 366 3195; x_wconf 89' lang='lat' dir='ltr'>eadem</span> <span class='ocrx_word' id='word_1_216' title='bbox 391 3152 430 3194; x_wconf 91' lang='lat' dir='ltr'>re</span> <span class='ocrx_word' id='word_1_217' title='bbox 455 3131 639 3213; x_wconf 84' lang='lat' dir='ltr'>scripsisse</span> <span class='ocrx_word' id='word_1_218' title='bbox 655 3143 690 3194; x_wconf 91' lang='lat' dir='ltr'>et</span> <span class='ocrx_word' id='word_1_219' title='bbox 705 3133 751 3194; x_wconf 89' lang='lat' dir='ltr'>ad</span> <span class='ocrx_word' id='word_1_220' title='bbox 766 3131 961 3195; x_wconf 88' lang='lat' dir='ltr'>Rectorem</span> <span class='ocrx_word' id='word_1_221' title='bbox 987 3144 1022 3196; x_wconf 92' lang='lat' dir='ltr'>et</span> <span class='ocrx_word' id='word_1_222' title='bbox 1046 3133 1090 3194; x_wconf 93' lang='lat' dir='ltr'>ad</span> <span class='ocrx_word' id='word_1_223' title='bbox 1107 3133 1326 3205; x_wconf 81' lang='lat' dir='ltr'>Facultatem</span> <span class='ocrx_word' id='word_1_224' title='bbox 1350 3134 1522 3216; x_wconf 86' lang='lat' dir='ltr'>theologi·</span> 
     </span>
     <span class='ocr_line' id='line_1_26' title="bbox 241 3239 1522 3320; baseline 0.003 -19"><span class='ocrx_word' id='word_1_225' title='bbox 241 3260 316 3301; x_wconf 89' lang='lat' dir='ltr'>cam</span> <span class='ocrx_word' id='word_1_226' title='bbox 342 3239 458 3302; x_wconf 91' lang='lat' dir='ltr'>dictae</span> <span class='ocrx_word' id='word_1_227' title='bbox 483 3239 702 3302; x_wconf 86' lang='lat' dir='ltr'>Academiae</span> <span class='ocrx_word' id='word_1_228' title='bbox 726 3260 788 3302; x_wconf 91' lang='lat' dir='ltr'>seu</span> <span class='ocrx_word' id='word_1_229' title='bbox 814 3239 1066 3302; x_wconf 86' lang='lat' dir='ltr'>Universitatis</span> <span class='ocrx_word' id='word_1_230' title='bbox 1090 3240 1338 3320; x_wconf 86' lang='lat' dir='ltr'>Lovaniensis,</span> <span class='ocrx_word' id='word_1_231' title='bbox 1370 3243 1522 3305; x_wconf 91' lang='lat' dir='ltr'>dicendo</span> 
     </span>
     <span class='ocr_line' id='line_1_27' title="bbox 240 3345 1522 3429; baseline 0.004 -21"><span class='ocrx_word' id='word_1_232' title='bbox 240 3346 330 3408; x_wconf 65' lang='lat' dir='ltr'>Sffllm</span> <span class='ocrx_word' id='word_1_233' title='bbox 355 3347 398 3408; x_wconf 88' lang='lat' dir='ltr'>D.</span> <span class='ocrx_word' id='word_1_234' title='bbox 424 3345 465 3408; x_wconf 91' lang='lat' dir='ltr'>N.</span> <span class='ocrx_word' id='word_1_235' title='bbox 491 3365 662 3426; x_wconf 79' lang='lat' dir='ltr'>expresse</span> <span class='ocrx_word' id='word_1_236' title='bbox 686 3345 810 3408; x_wconf 90' lang='lat' dir='ltr'>iubere</span> <span class='ocrx_word' id='word_1_237' title='bbox 834 3356 873 3407; x_wconf 88' lang='lat' dir='ltr'>ut</span> <span class='ocrx_word' id='word_1_238' title='bbox 897 3345 1002 3408; x_wconf 90' lang='lat' dir='ltr'>dictis</span> <span class='ocrx_word' id='word_1_239' title='bbox 1025 3347 1259 3429; x_wconf 91' lang='lat' dir='ltr'>Egmondano</span> <span class='ocrx_word' id='word_1_240' title='bbox 1276 3369 1317 3410; x_wconf 89' lang='lat' dir='ltr'>ac</span> <span class='ocrx_word' id='word_1_241' title='bbox 1331 3349 1522 3413; x_wconf 90' lang='lat' dir='ltr'>Vincentio</span> 
     </span>
     <span class='ocr_line' id='line_1_28' title="bbox 241 3451 1521 3535; baseline 0.004 -21"><span class='ocrx_word' id='word_1_242' title='bbox 241 3453 416 3516; x_wconf 88' lang='lat' dir='ltr'>silentium</span> <span class='ocrx_word' id='word_1_243' title='bbox 441 3457 491 3534; x_wconf 84' lang='lat' dir='ltr'>(ut</span> <span class='ocrx_word' id='word_1_244' title='bbox 514 3452 726 3534; x_wconf 76' lang='lat' dir='ltr'>praefertur)</span> <span class='ocrx_word' id='word_1_245' title='bbox 751 3451 990 3535; x_wconf 87' lang='lat' dir='ltr'>imponerent,</span> <span class='ocrx_word' id='word_1_246' title='bbox 1024 3454 1180 3535; x_wconf 88' lang='lat' dir='ltr'>alioquin</span> <span class='ocrx_word' id='word_1_247' title='bbox 1211 3455 1363 3519; x_wconf 84' lang='lat' dir='ltr'>futurum</span> <span class='ocrx_word' id='word_1_248' title='bbox 1390 3469 1521 3519; x_wconf 92' lang='lat' dir='ltr'>utnon</span> 
     </span>
     <span class='ocr_line' id='line_1_29' title="bbox 243 3559 1521 3642; baseline 0.004 -20"><span class='ocrx_word' id='word_1_249' title='bbox 243 3560 318 3622; x_wconf 91' lang='lat' dir='ltr'>sine</span> <span class='ocrx_word' id='word_1_250' title='bbox 342 3559 443 3642; x_wconf 91' lang='lat' dir='ltr'>gravi</span> <span class='ocrx_word' id='word_1_251' title='bbox 469 3559 579 3641; x_wconf 89' lang='lat' dir='ltr'>ipsius</span> <span class='ocrx_word' id='word_1_252' title='bbox 600 3560 819 3622; x_wconf 90' lang='lat' dir='ltr'>Academiae</span> <span class='ocrx_word' id='word_1_253' title='bbox 836 3561 1014 3623; x_wconf 88' lang='lat' dir='ltr'>dedecore</span> <span class='ocrx_word' id='word_1_254' title='bbox 1031 3570 1067 3623; x_wconf 90' lang='lat' dir='ltr'>et</span> <span class='ocrx_word' id='word_1_255' title='bbox 1083 3560 1306 3626; x_wconf 91' lang='lat' dir='ltr'>incommodo</span> <span class='ocrx_word' id='word_1_256' title='bbox 1324 3562 1398 3627; x_wconf 88' lang='lat' dir='ltr'>Sua</span> <span class='ocrx_word' id='word_1_257' title='bbox 1414 3563 1521 3627; x_wconf 87' lang='lat' dir='ltr'>Sanc·</span> 
     </span>
     <span class='ocr_line' id='line_1_30' title="bbox 242 3667 1522 3752; baseline 0.003 -22"><span class='ocrx_word' id='word_1_258' title='bbox 242 3669 325 3730; x_wconf 90' lang='lat' dir='ltr'>titas</span> <span class='ocrx_word' id='word_1_259' title='bbox 349 3667 428 3731; x_wconf 87' lang='lat' dir='ltr'>illos</span> <span class='ocrx_word' id='word_1_260' title='bbox 452 3676 568 3730; x_wconf 91' lang='lat' dir='ltr'>mutos</span> <span class='ocrx_word' id='word_1_261' title='bbox 591 3669 774 3730; x_wconf 89' lang='lat' dir='ltr'>redderet:</span> <span class='ocrx_word' id='word_1_262' title='bbox 808 3678 846 3730; x_wconf 89' lang='lat' dir='ltr'>ut</span> <span class='ocrx_word' id='word_1_263' title='bbox 878 3667 948 3730; x_wconf 90' lang='lat' dir='ltr'>iam</span> <span class='ocrx_word' id='word_1_264' title='bbox 979 3688 1083 3731; x_wconf 89' lang='lat' dir='ltr'>nemo</span> <span class='ocrx_word' id='word_1_265' title='bbox 1114 3669 1191 3733; x_wconf 82' lang='lat' dir='ltr'>fere</span> <span class='ocrx_word' id='word_1_266' title='bbox 1222 3670 1258 3732; x_wconf 94' lang='lat' dir='ltr'>in</span> <span class='ocrx_word' id='word_1_267' title='bbox 1283 3671 1338 3732; x_wconf 92' lang='lat' dir='ltr'>bis</span> <span class='ocrx_word' id='word_1_268' title='bbox 1361 3674 1522 3752; x_wconf 81' lang='lat' dir='ltr'>partibus</span> 
     </span>
     <span class='ocr_line' id='line_1_31' title="bbox 242 3774 1522 3856; baseline 0.003 -19"><span class='ocrx_word' id='word_1_269' title='bbox 242 3775 286 3837; x_wconf 91' lang='lat' dir='ltr'>sit</span> <span class='ocrx_word' id='word_1_270' title='bbox 311 3774 370 3856; x_wconf 94' lang='lat' dir='ltr'>qui</span> <span class='ocrx_word' id='word_1_271' title='bbox 394 3795 467 3836; x_wconf 88' lang='lat' dir='ltr'>rem</span> <span class='ocrx_word' id='word_1_272' title='bbox 492 3775 583 3836; x_wconf 88' lang='lat' dir='ltr'>hanc</span> <span class='ocrx_word' id='word_1_273' title='bbox 607 3794 677 3836; x_wconf 92' lang='lat' dir='ltr'>non</span> <span class='ocrx_word' id='word_1_274' title='bbox 703 3776 759 3837; x_wconf 90' lang='lat' dir='ltr'>vel</span> <span class='ocrx_word' id='word_1_275' title='bbox 783 3775 874 3836; x_wconf 90' lang='lat' dir='ltr'>sciat</span> <span class='ocrx_word' id='word_1_276' title='bbox 896 3776 954 3838; x_wconf 89' lang='lat' dir='ltr'>vel</span> <span class='ocrx_word' id='word_1_277' title='bbox 978 3774 1145 3839; x_wconf 83' lang='lat' dir='ltr'>facillime</span> <span class='ocrx_word' id='word_1_278' title='bbox 1162 3776 1207 3838; x_wconf 82' lang='lat' dir='ltr'>sit</span> <span class='ocrx_word' id='word_1_279' title='bbox 1223 3775 1383 3840; x_wconf 90' lang='lat' dir='ltr'>sciturus.</span> <span class='ocrx_word' id='word_1_280' title='bbox 1416 3778 1522 3841; x_wconf 90' lang='lat' dir='ltr'>Unde</span> 
     </span>
     <span class='ocr_line' id='line_1_32' title="bbox 248 3879 1525 3965; baseline 0.002 -21"><span class='ocrx_word' id='word_1_281' title='bbox 248 3885 388 3964; x_wconf 88' lang='lat' dir='ltr'>qualem</span> <span class='ocrx_word' id='word_1_282' title='bbox 414 3881 628 3962; x_wconf 86' lang='lat' dir='ltr'>triumphum</span> <span class='ocrx_word' id='word_1_283' title='bbox 654 3893 818 3962; x_wconf 81' lang='lat' dir='ltr'>putamus</span> <span class='ocrx_word' id='word_1_284' title='bbox 842 3879 1026 3944; x_wconf 90' lang='lat' dir='ltr'>Erasmum</span> <span class='ocrx_word' id='word_1_285' title='bbox 1050 3893 1231 3964; x_wconf 89' lang='lat' dir='ltr'>acturum,</span> <span class='ocrx_word' id='word_1_286' title='bbox 1254 3884 1355 3965; x_wconf 82' lang='lat' dir='ltr'>quasi</span> <span class='ocrx_word' id='word_1_287' title='bbox 1383 3885 1442 3965; x_wconf 92' lang='lat' dir='ltr'>qui</span> <span class='ocrx_word' id='word_1_288' title='bbox 1466 3887 1525 3947; x_wconf 88' lang='lat' dir='ltr'>vel</span> 
     </span>
     <span class='ocr_line' id='line_1_33' title="bbox 243 3986 1523 4072; baseline 0.002 -21"><span class='ocrx_word' id='word_1_289' title='bbox 243 3988 347 4052; x_wconf 90' lang='lat' dir='ltr'>Sedis</span> <span class='ocrx_word' id='word_1_290' title='bbox 372 3986 604 4072; x_wconf 87' lang='lat' dir='ltr'>Apostolicae</span> <span class='ocrx_word' id='word_1_291' title='bbox 628 3987 757 4050; x_wconf 90' lang='lat' dir='ltr'>iudicio</span> <span class='ocrx_word' id='word_1_292' title='bbox 783 4008 824 4050; x_wconf 91' lang='lat' dir='ltr'>ac</span> <span class='ocrx_word' id='word_1_293' title='bbox 856 4009 1006 4050; x_wconf 89' lang='lat' dir='ltr'>censura</span> <span class='ocrx_word' id='word_1_294' title='bbox 1040 3989 1225 4052; x_wconf 91' lang='lat' dir='ltr'>victoriam</span> <span class='ocrx_word' id='word_1_295' title='bbox 1253 3992 1426 4054; x_wconf 90' lang='lat' dir='ltr'>adversus</span> <span class='ocrx_word' id='word_1_296' title='bbox 1460 4013 1523 4054; x_wconf 89' lang='lat' dir='ltr'>eos</span> 
     </span>
     <span class='ocr_line' id='line_1_34' title="bbox 195 4094 1522 4177; baseline 0.002 -19"><span class='ocrx_word' id='word_1_297' title='bbox 195 4155 198 4166; x_wconf 86' lang='grc'><em>,</em></span> <span class='ocrx_word' id='word_1_298' title='bbox 245 4095 304 4177; x_wconf 90' lang='lat' dir='ltr'>qui</span> <span class='ocrx_word' id='word_1_299' title='bbox 332 4116 370 4158; x_wconf 92' lang='lat' dir='ltr'>se</span> <span class='ocrx_word' id='word_1_300' title='bbox 401 4095 526 4157; x_wconf 90' lang='lat' dir='ltr'>merito</span> <span class='ocrx_word' id='word_1_301' title='bbox 560 4094 594 4156; x_wconf 90' lang='lat' dir='ltr'>in</span> <span class='ocrx_word' id='word_1_302' title='bbox 627 4095 744 4157; x_wconf 88' lang='lat' dir='ltr'>multis</span> <span class='ocrx_word' id='word_1_303' title='bbox 768 4097 1081 4177; x_wconf 88' lang='lat' dir='ltr'>reprehendebant</span> <span class='ocrx_word' id='word_1_304' title='bbox 1104 4109 1314 4160; x_wconf 87' lang='lat' dir='ltr'>consecutus</span> <span class='ocrx_word' id='word_1_305' title='bbox 1345 4098 1405 4171; x_wconf 84' lang='lat' dir='ltr'>sit;</span> <span class='ocrx_word' id='word_1_306' title='bbox 1439 4101 1522 4161; x_wconf 92' lang='lat' dir='ltr'>dum</span> 
     </span>
     <span class='ocr_line' id='line_1_35' title="bbox 241 4203 1524 4285; baseline 0.004 -21"><span class='ocrx_word' id='word_1_307' title='bbox 241 4203 320 4266; x_wconf 90' lang='lat' dir='ltr'>illos</span> <span class='ocrx_word' id='word_1_308' title='bbox 344 4205 590 4266; x_wconf 90' lang='lat' dir='ltr'>obmutescere</span> <span class='ocrx_word' id='word_1_309' title='bbox 616 4204 748 4265; x_wconf 91' lang='lat' dir='ltr'>debere</span> <span class='ocrx_word' id='word_1_310' title='bbox 761 4251 769 4283; x_wconf 90' lang='lat'>,</span> <span class='ocrx_word' id='word_1_311' title='bbox 806 4223 844 4264; x_wconf 93' lang='lat' dir='ltr'>se</span> <span class='ocrx_word' id='word_1_312' title='bbox 877 4222 964 4265; x_wconf 88' lang='lat' dir='ltr'>vero</span> <span class='ocrx_word' id='word_1_313' title='bbox 999 4203 1034 4265; x_wconf 92' lang='lat' dir='ltr'>in</span> <span class='ocrx_word' id='word_1_314' title='bbox 1071 4203 1212 4285; x_wconf 91' lang='lat' dir='ltr'>scriptis</span> <span class='ocrx_word' id='word_1_315' title='bbox 1244 4203 1316 4266; x_wconf 91' lang='lat' dir='ltr'>suis</span> <span class='ocrx_word' id='word_1_316' title='bbox 1348 4204 1461 4268; x_wconf 91' lang='lat' dir='ltr'>libere</span> <span class='ocrx_word' id='word_1_317' title='bbox 1485 4219 1524 4269; x_wconf 88' lang='lat' dir='ltr'>et</span> 
     </span>
     <span class='ocr_line' id='line_1_36' title="bbox 242 4309 1522 4393; baseline 0.002 -20"><span class='ocrx_word' id='word_1_318' title='bbox 242 4311 318 4374; x_wconf 91' lang='lat' dir='ltr'>sine</span> <span class='ocrx_word' id='word_1_319' title='bbox 343 4309 625 4373; x_wconf 90' lang='lat' dir='ltr'>contradictione</span> <span class='ocrx_word' id='word_1_320' title='bbox 649 4309 714 4371; x_wconf 93' lang='lat' dir='ltr'>toti</span> <span class='ocrx_word' id='word_1_321' title='bbox 739 4309 869 4372; x_wconf 91' lang='lat' dir='ltr'>mundo</span> <span class='ocrx_word' id='word_1_322' title='bbox 886 4309 983 4391; x_wconf 93' lang='lat' dir='ltr'>loqui</span> <span class='ocrx_word' id='word_1_323' title='bbox 1000 4331 1107 4392; x_wconf 92' lang='lat' dir='ltr'>posse</span> <span class='ocrx_word' id='word_1_324' title='bbox 1123 4310 1336 4373; x_wconf 88' lang='lat' dir='ltr'>obtinuerit?</span> <span class='ocrx_word' id='word_1_325' title='bbox 1373 4311 1522 4393; x_wconf 80' lang='lat' dir='ltr'>Qualem</span> 
     </span>
     <span class='ocr_line' id='line_1_37' title="bbox 241 4417 1522 4499; baseline 0.002 -20"><span class='ocrx_word' id='word_1_326' title='bbox 241 4436 327 4480; x_wconf 89' lang='lat' dir='ltr'>vero</span> <span class='ocrx_word' id='word_1_327' title='bbox 353 4437 372 4478; x_wconf 90' lang='lat' dir='ltr'>e</span> <span class='ocrx_word' id='word_1_328' title='bbox 398 4417 540 4478; x_wconf 89' lang='lat' dir='ltr'>diverso</span> <span class='ocrx_word' id='word_1_329' title='bbox 565 4417 724 4478; x_wconf 91' lang='lat' dir='ltr'>dolorem</span> <span class='ocrx_word' id='word_1_330' title='bbox 760 4427 795 4478; x_wconf 89' lang='lat' dir='ltr'>et</span> <span class='ocrx_word' id='word_1_331' title='bbox 818 4417 988 4498; x_wconf 85' lang='lat' dir='ltr'>gemitum</span> <span class='ocrx_word' id='word_1_332' title='bbox 1021 4417 1263 4480; x_wconf 85' lang='lat' dir='ltr'>existimamus</span> <span class='ocrx_word' id='word_1_333' title='bbox 1287 4418 1371 4480; x_wconf 89' lang='lat' dir='ltr'>inde</span> <span class='ocrx_word' id='word_1_334' title='bbox 1395 4439 1522 4499; x_wconf 89' lang='lat' dir='ltr'>passos</span> 
     </span>
     <span class='ocr_line' id='line_1_38' title="bbox 243 4522 1519 4606; baseline 0.003 -22"><span class='ocrx_word' id='word_1_335' title='bbox 243 4522 350 4585; x_wconf 83' lang='lat' dir='ltr'>fuisse</span> <span class='ocrx_word' id='word_1_336' title='bbox 375 4543 416 4584; x_wconf 89' lang='lat' dir='ltr'>ac</span> <span class='ocrx_word' id='word_1_337' title='bbox 441 4522 571 4604; x_wconf 90' lang='lat' dir='ltr'>iugiter</span> <span class='ocrx_word' id='word_1_338' title='bbox 594 4522 670 4604; x_wconf 88' lang='lat' dir='ltr'>pati</span> <span class='ocrx_word' id='word_1_339' title='bbox 694 4543 756 4584; x_wconf 93' lang='lat' dir='ltr'>eos</span> <span class='ocrx_word' id='word_1_340' title='bbox 780 4523 839 4603; x_wconf 91' lang='lat' dir='ltr'>qui</span> <span class='ocrx_word' id='word_1_341' title='bbox 864 4533 993 4585; x_wconf 92' lang='lat' dir='ltr'>norunt</span> <span class='ocrx_word' id='word_1_342' title='bbox 1017 4533 1053 4585; x_wconf 92' lang='lat' dir='ltr'>et</span> <span class='ocrx_word' id='word_1_343' title='bbox 1075 4523 1199 4586; x_wconf 87' lang='lat' dir='ltr'>vident</span> <span class='ocrx_word' id='word_1_344' title='bbox 1224 4544 1326 4606; x_wconf 92' lang='lat' dir='ltr'>quam</span> <span class='ocrx_word' id='word_1_345' title='bbox 1351 4527 1419 4588; x_wconf 92' lang='lat' dir='ltr'>hoc</span> <span class='ocrx_word' id='word_1_346' title='bbox 1436 4526 1519 4590; x_wconf 91' lang='lat' dir='ltr'>Rei-</span> 
     </span>
     <span class='ocr_line' id='line_1_39' title="bbox 242 4629 1524 4711; baseline 0.002 -19"><span class='ocrx_word' id='word_1_347' title='bbox 242 4629 408 4711; x_wconf 89' lang='lat' dir='ltr'>publicae</span> <span class='ocrx_word' id='word_1_348' title='bbox 433 4629 477 4691; x_wconf 89' lang='lat' dir='ltr'>sit</span> <span class='ocrx_word' id='word_1_349' title='bbox 501 4630 733 4692; x_wconf 87' lang='lat' dir='ltr'>damnosum?</span> <span class='ocrx_word' id='word_1_350' title='bbox 769 4639 804 4691; x_wconf 86' lang='lat' dir='ltr'>et</span> <span class='ocrx_word' id='word_1_351' title='bbox 828 4649 934 4710; x_wconf 91' lang='lat' dir='ltr'>quam</span> <span class='ocrx_word' id='word_1_352' title='bbox 958 4630 1056 4693; x_wconf 92' lang='lat' dir='ltr'>multi</span> <span class='ocrx_word' id='word_1_353' title='bbox 1082 4631 1164 4693; x_wconf 90' lang='lat' dir='ltr'>binc</span> <span class='ocrx_word' id='word_1_354' title='bbox 1188 4631 1257 4694; x_wconf 92' lang='lat' dir='ltr'>sint</span> <span class='ocrx_word' id='word_1_355' title='bbox 1281 4633 1459 4695; x_wconf 89' lang='lat' dir='ltr'>animandi</span> <span class='ocrx_word' id='word_1_356' title='bbox 1483 4648 1524 4696; x_wconf 92' lang='lat' dir='ltr'>ut</span> 
     </span>
     <span class='ocr_line' id='line_1_40' title="bbox 242 4733 1523 4821; baseline 0.004 -23"><span class='ocrx_word' id='word_1_357' title='bbox 242 4746 323 4818; x_wconf 90' lang='lat' dir='ltr'>post</span> <span class='ocrx_word' id='word_1_358' title='bbox 347 4736 578 4816; x_wconf 88' lang='lat' dir='ltr'>Apostolicae</span> <span class='ocrx_word' id='word_1_359' title='bbox 603 4733 708 4799; x_wconf 92' lang='lat' dir='ltr'>Sedis</span> <span class='ocrx_word' id='word_1_360' title='bbox 736 4736 992 4818; x_wconf 88' lang='lat' dir='ltr'>praeiudicium</span> <span class='ocrx_word' id='word_1_361' title='bbox 1021 4737 1157 4800; x_wconf 91' lang='lat' dir='ltr'>Erasmi</span> <span class='ocrx_word' id='word_1_362' title='bbox 1190 4737 1324 4821; x_wconf 91' lang='lat' dir='ltr'>scripta</span> <span class='ocrx_word' id='word_1_363' title='bbox 1354 4739 1523 4803; x_wconf 90' lang='lat' dir='ltr'>libentius</span> 
     </span>
     <span class='ocr_line' id='line_1_41' title="bbox 242 4841 1522 4932; baseline 0.004 -22"><span class='ocrx_word' id='word_1_364' title='bbox 242 4845 364 4932; x_wconf 86' lang='lat' dir='ltr'>legant</span> <span class='ocrx_word' id='word_1_365' title='bbox 388 4853 424 4905; x_wconf 92' lang='lat' dir='ltr'>et</span> <span class='ocrx_word' id='word_1_366' title='bbox 447 4841 585 4906; x_wconf 82' lang='lat' dir='ltr'>facilius</span> <span class='ocrx_word' id='word_1_367' title='bbox 610 4844 757 4906; x_wconf 88' lang='lat' dir='ltr'>credant</span> <span class='ocrx_word' id='word_1_368' title='bbox 781 4843 814 4905; x_wconf 93' lang='lat' dir='ltr'>in</span> <span class='ocrx_word' id='word_1_369' title='bbox 840 4863 1005 4928; x_wconf 88' lang='lat' dir='ltr'>magnum</span> <span class='ocrx_word' id='word_1_370' title='bbox 1030 4843 1224 4908; x_wconf 88' lang='lat' dir='ltr'>animarum</span> <span class='ocrx_word' id='word_1_371' title='bbox 1249 4865 1390 4909; x_wconf 88' lang='lat' dir='ltr'>suarum</span> <span class='ocrx_word' id='word_1_372' title='bbox 1416 4847 1522 4914; x_wconf 86' lang='lat' dir='ltr'>detri-</span> 
     </span>
    </p>
   </div>
   <div class='ocr_carea' id='block_1_3' title="bbox 0 0 1721 5700">
    <p class='ocr_par' dir='ltr' id='par_1_3' title="bbox 0 0 1721 5700">
     <span class='ocr_line' id='line_1_42' title="bbox 0 0 1721 5700; baseline 0 0"><span class='ocrx_word' id='word_1_373' title='bbox 0 0 1721 5700; x_wconf 95' lang='lat' dir='ltr'> </span> 
     </span>
    </p>
   </div>
  </div>
 </body>
</html>
