3425 5700
654 591 883 650 *balo*

141 747 254 821 suapte
282 748 410 802 natura
440 748 523 802 sunt
554 739 692 802 clericis
727 739 861 821 oppido
893 758 1034 819 semper
1059 737 1208 818 infensi,
1241 748 1279 801 ut
1303 740 1411 801 tradit

140 845 330 928 antiquitas.

217 955 269 1016 La
292 952 427 1016 faculta
451 953 486 1015 di
511 953 711 1034 Theologia
734 953 865 1033 ubique
889 973 928 1015 se
952 962 1053 1036 porta
1079 956 1148 1014 ben
1174 972 1239 1033 per
1263 954 1332 1016 noi.

217 1059 291 1124 Sed
316 1080 402 1143 prae
427 1061 578 1124 caeteris
602 1071 637 1122 et
662 1081 744 1142 spes
761 1069 797 1123 et
813 1060 904 1122 ratio
924 1060 1088 1122 vincendi
1105 1061 1139 1122 in
1159 1059 1313 1123 Caesare
1335 1072 1409 1123 tan·

139 1177 201 1230 tum
225 1179 290 1244 est,
315 1169 348 1230 el
373 1169 456 1248 qual
480 1169 532 1230 sel
556 1187 750 1248 persevera
774 1187 876 1230 come
898 1168 946 1228 ha
970 1167 1231 1246 comminciat0‚
1256 1178 1346 1229 tutto
1371 1188 1410 1230 se

139 1274 273 1354 portarit
297 1276 343 1336 ad
367 1295 452 1337 vota
476 1285 512 1336 et
536 1274 655 1337 darasi
679 1293 768 1355 pace
794 1275 865 1336 alla
888 1273 1027 1336 Chiesa.

217 1381 350 1444 Contro
379 1381 415 1443 di
447 1381 505 1443 noi
537 1401 624 1444 sono
656 1401 726 1442 una
756 1380 900 1462 legione
925 1379 960 1441 di
985 1380 1113 1459 nobili,
1147 1380 1241 1442 conti
1267 1380 1302 1441 di
1328 1381 1408 1442 Ale·

138 1507 257 1569 magna
281 1487 416 1570 poveri,
449 1489 539 1550 duce
564 1487 724 1549 Hutteno
750 1487 940 1567 coniurati,
973 1487 1032 1568 qui
1056 1487 1177 1550 sitiunt
1202 1488 1409 1568 sanguinem

137 1595 212 1656 cleri
238 1607 273 1656 et
298 1615 368 1657 non
394 1613 546 1658 00100110
571 1597 662 1656 01110
688 1615 726 1658 se
751 1614 821 1657 non
847 1594 981 1656 irruere
1004 1594 1041 1656 in
1065 1615 1141 1658 nos.

217 1702 259 1764 Li
283 1701 414 1784 legulei
439 1711 475 1764 et
498 1701 725 1764 caustronisti
750 1702 785 1763 di
810 1701 926 1782 questi
950 1701 1050 1784 paesi
1074 1704 1155 1764 tutti
1172 1703 1203 1764 ci
1220 1722 1308 1765 sono
1328 1721 1407 1764 con-

136 1808 223 1870 trarii
250 1819 285 1872 01
309 1809 586 1872 manifestissimi
610 1808 822 1889 Lutherani,
852 1807 926 1870 cosi
950 1808 975 1870 li
1000 1808 1152 1871 maritati
1177 1828 1277 1872 come
1306 1809 1409 1891 preti,

136 1925 168 1976 01
187 1916 363 1979 0110010110
387 1915 542 1978 Μο111110
569 1915 703 1979 Luther
736 1918 770 1978 la
800 1917 878 1978 loro
902 1914 1127 1998 professione
1155 1915 1286 1996 ubique
1315 1917 1407 1977 dam-

135 2033 199 2102 net,
223 2033 258 2085 et
274 2022 362 2086 cridi
378 2024 444 2086 che
461 2023 490 2086 si
515 2025 720 2086 deverebbe
744 2022 975 2085 abbrusciare
996 2043 1014 2083 a
1033 2021 1147 2104 prima
1163 2022 1282 2084 littera
1296 2042 1409 2103 usque

135 2130 174 2190 ad
197 2139 429 2211 postremam,
463 2130 615 2193 tuttavia
639 2128 772 2192 sciochi
796 2128 925 2192 ribaldi
950 2132 986 2192 lo
1009 2129 1204 2211 predicano
1230 2138 1265 2190 et
1288 2129 1408 2191 defen·

133 2235 232 2316 dono,
259 2247 293 2298 et
317 2247 444 2317 questo
469 2238 573 2301 viene
598 2237 731 2318 perche
755 2239 831 2298 loro
857 2256 926 2298 non
953 2256 1065 2298 sanno
1090 2238 1124 2298 la
1148 2235 1297 2298 scientia
1314 2236 1408 2298 della

134 2345 209 2422 qual
232 2342 343 2407 fanno
368 2342 604 2425 professione,
630 2364 686 2406 ma
710 2343 794 2406 nelli
819 2342 926 2404 studii
950 2341 1142 2404 universali
1167 2341 1302 2423 purcbe
1318 2341 1408 2404 siino

132 2449 342 2513 addottorati
359 2471 465 2513 senza
485 2452 597 2513 havet
621 2451 785 2532 studiato,
810 2469 972 2531 regnano
999 2449 1058 2531 poi
1076 2449 1111 2511 di
1128 2469 1247 2511 essere
1265 2448 1407 2510 oratori.

132 2553 264 2637 Poggio
288 2558 324 2619 di
346 2557 461 2638 questi
485 2556 594 2620 fanno
620 2556 895 2620 morosissimum
919 2555 1240 2638 grammatistarum
1266 2566 1301 2618 et
1325 2576 1407 2637 poe-

131 2661 310 2726 ticulorum
347 2683 471 2746 genus
508 2683 656 2745 quorum
682 2663 875 2728 Germania
906 2663 1112 2745 plenissima
1146 2672 1215 2736 est;
1255 2663 1292 2725 hi
1324 2674 1408 2725 tunc
1503 2671 1506 2676 '

132 2769 255 2833 demun
286 2780 414 2853 putant
445 2792 483 2833 se
507 2771 632 2834 haberi
656 2772 781 2834 doctos
807 2781 842 2833 et
866 2770 1076 2853 praesertim
1098 2789 1239 2853 graece,
1264 2771 1407 2852 quando

131 2876 336 2955 profitentur
361 2900 399 2941 se
424 2878 613 2941 dissentire
638 2900 659 2941 a
683 2880 858 2942 communi
883 2878 1067 2941 Ecclesiae
1092 2879 1159 2940 via.

213 2984 273 3048 Gli
296 2985 550 3048 Reuchliniani
566 2986 734 3049 Luterani
758 2995 819 3048 aut
838 2985 1054 3048 Erasmistae
1079 2987 1197 3047 hanno
1222 2994 1407 3066 composto

131 3089 260 3172 dialogi
283 3102 408 3156 contra
432 3094 468 3154 (11
492 3112 548 3155 me
573 3104 609 3155 et
632 3112 720 3155 sono
745 3091 925 3175 impressi,
956 3094 1075 3155 hanno
1100 3092 1210 3155 affixo
1230 3092 1325 3154 versi
1347 3112 1406 3173 ap-

130 3218 250 3276 presso
276 3200 300 3261 il
324 3202 468 3281 palazzo
493 3197 527 3261 (11
546 3198 678 3263 Cesare
703 3220 723 3261 a
739 3198 898 3277 Colonia,
923 3201 1016 3262 dove
1041 3199 1168 3262 dicono
1193 3200 1259 3261 che
1283 3199 1317 3261 io
1341 3218 1405 3260 son

131 3305 313 3388 transfuga
328 3306 422 3369 delle
442 3308 560 3368 buone
577 3308 715 3383 lettere,
740 3316 940 3369 assentator
964 3308 999 3369 di
1024 3308 1213 3386 cortesani,
1239 3305 1407 3368 defensor

129 3410 161 3470 di
183 3411 385 3493 paediconi,
409 3414 503 3493 boia,
528 3413 775 3476 abbrusciator
799 3414 834 3475 di
851 3414 960 3476 buoni
985 3423 1020 3475 et
1044 3414 1138 3476 santi
1161 3414 1253 3492 libri,
1277 3412 1354 3475 0100
1371 3412 1406 3473 di

129 3515 259 3582 Luther
291 3528 327 3581 et
359 3518 493 3583 Hutten
525 3529 561 3582 et
591 3521 686 3583 mille
717 3521 918 3601 poltronie,
959 3523 1003 3583 (10
1035 3521 1130 3602 quali
1159 3541 1215 3583 me
1246 3520 1324 3582 rido
1357 3521 1404 3581 al-

129 3623 276 3689 l’honor
300 3628 344 3689 de
369 3626 449 3707 Dio,
474 3627 520 3689 ad
545 3628 595 3689 tal
618 3628 684 3690 che
708 3648 772 3689 son
797 3627 887 3692 fatto
912 3629 1010 3690 esule
1041 3628 1076 3690 di
1100 3638 1192 3690 tutta
1216 3626 1406 3689 Germania

128 3742 161 3792 01
190 3732 253 3814 piir
284 3752 341 3795 me
366 3752 454 3795 sono
479 3734 647 3797 contrarii
672 3734 780 3816 quelli
811 3736 876 3798 che
900 3754 989 3797 sono
1018 3734 1099 3797 stati
1130 3734 1210 3797 miei
1242 3733 1404 3812 auditori,

128 3836 150 3898 li
174 3840 270 3920 quali
294 3860 350 3903 me
375 3839 537 3922 luggono
562 3862 662 3904 come
686 3841 972 3922 excomunicato,
998 3851 1033 3904 et
1057 3842 1091 3904 io
1115 3841 1325 3904 similmente
1348 3860 1405 3901 me

127 3944 220 4017 rido;
246 3947 329 4009 altri
353 3968 409 4010 me
434 3967 574 4011 veneno
597 3968 618 4010 a
639 3948 799 4030 disputat
823 3949 858 4011 in
885 3947 1070 4011 defension
1088 3948 1124 4010 di
1142 3948 1285 4026 Luther,
1309 3946 1404 4027 quali

128 4052 361 4117 aconfunder
385 4053 512 4117 010011
537 4074 630 4135 cosa,
655 4055 701 4117 ne
724 4075 790 4137 pur
816 4056 844 4118 si
868 4064 1076 4118 retrattan0.
1112 4056 1182 4117 Per
1198 4053 1266 4115 Dio
1284 4054 1405 4125 Rev¹¹l⁰

129 4157 186 4227 bs
209 4162 279 4223 che
303 4162 335 4223 le
360 4181 443 4224 case
459 4162 599 4243 signate
624 4182 689 4243 per
713 4182 769 4225 me
793 4183 848 4225 me
873 4165 907 4225 le
931 4181 1074 4244 negano
1098 4182 1165 4224 con
1192 4164 1225 4223 el
1249 4160 1320 4223 mio
1346 4161 1403 4221 da·

128 4283 220 4347 nam,
246 4267 430 4331 volendoli
454 4288 569 4350 pagar
584 4268 644 4351 piu
670 4269 735 4331 che
758 4268 783 4331 li
807 4268 888 4333 altri
912 4279 949 4332 et
972 4270 1094 4331 delent
1127 4287 1256 4331 nomen
1290 4286 1406 4329 meum

128 4390 144 4431 e
168 4374 283 4437 valvis
316 4384 352 4437 et
380 4374 475 4438 mille
498 4376 588 4437 altre
613 4376 799 4438 insolentie
823 4376 1011 4440 barbarice
1036 4378 1101 4440 che
1126 4377 1146 4438 ὁ
1170 4396 1253 4439 cosa
1277 4375 1311 4437 di
1335 4395 1403 4437 me·

127 4480 276 4563 raviglia
300 4491 336 4543 et
368 4484 415 4544 da
439 4501 509 4544 non
535 4484 691 4559 credere,
717 4494 752 4545 et
776 4502 843 4564 pur
867 4482 1019 4545 scrivolo
1044 4484 1121 4546 acib
1138 4484 1180 4549 V.
1199 4483 1235 4546 S.
1261 4484 1336 4554 Ru
1361 4482 1402 4543 sii

127 4606 146 4646 a
169 4588 277 4667 pieno
302 4589 477 4652 instrutta.

210 4694 341 4775 Quello
365 4696 412 4758 mi
435 4696 472 4757 fa
484 4696 619 4777 peggio
644 4696 709 4758 che
734 4698 909 4759 communi
926 4697 1078 4760 omnium
1103 4719 1243 4761 rumore
1259 4699 1401 4761 circum·

128 4797 245 4879 fertur,
272 4804 338 4865 che
356 4803 490 4866 Hutten
516 4824 584 4865 con
608 4804 632 4865 li
657 4802 733 4865 suoi
759 4804 931 4866 coniurati
956 4825 1011 4867 me
1032 4824 1183 4868 cercano
1198 4826 1403 4885 ammazzar,

128 4918 158 4968 ct
182 4928 271 4971 sono
290 4909 451 4972 advisato
465 4930 535 4972 11011
552 4911 664 4973 solum
689 4910 723 4973 io
748 4912 794 4973 da
818 4911 885 4973 11101
904 4911 1015 4992 amici,
1041 4934 1097 4975 rra
1116 4933 1225 4976 011001
1240 4912 1402 4995 proxime
