3425 5700
636 591 694 646 MR
734 590 768 645 99
808 590 866 644 ΕΜ

124 736 250 799 fessarsi
276 746 312 799 et
335 738 596 800 novellamente
613 737 648 798 in
666 746 791 818 questa
807 746 903 800 terra
919 748 1001 818 post
1017 739 1209 801 adventum
1225 736 1389 799 Caesaris

123 844 248 923 quidam
279 843 472 907 canonicus
500 853 536 906 et
566 852 685 907 custos
709 844 894 907 Ecclesiae
919 844 1032 907 sancti
1057 843 1202 907 Martini
1227 842 1388 906 Worma-

124 950 245 1031 tiensis,
281 952 388 1014 homo
418 952 594 1032 prudente
619 959 655 1014 et
679 951 945 1031 honestissim0,
976 952 1069 1015 hami
1099 952 1197 1013 detto
1222 952 1267 1013 de
1292 960 1389 1013 certo

123 1058 241 1119 chaun
266 1060 404 1139 grande
428 1078 467 1120 se
491 1058 509 1120 ὲ
534 1058 584 1120 ito
609 1079 631 1120 a
655 1056 839 1120 confessar
864 1058 899 1120 di
924 1067 1073 1140 peccato
1099 1058 1135 1121 di
1158 1058 1300 1121 luxuria
1322 1078 1389 1120 con

124 1184 179 1226 una
199 1166 318 1227 donna
341 1166 384 1228 ne
408 1165 479 1227 mai
502 1167 548 1227 ha
572 1165 695 1227 voluto
719 1164 908 1246 specificar
931 1184 970 1228 se
987 1166 1147 1247 vergine,
1173 1186 1211 1228 se
1227 1174 1389 1245 uxorata,

122 1290 152 1331 se
172 1282 327 1352 parente,
352 1281 388 1335 et
411 1292 483 1335 non
507 1274 699 1335 volendolo
723 1273 928 1352 absolvere,
953 1272 1047 1335 disse
1073 1274 1138 1334 che
1164 1292 1225 1335 era
1249 1270 1389 1335 absolto

124 1378 160 1439 da
179 1378 244 1441 Dio
277 1388 313 1441 et
343 1380 410 1442 che
442 1379 788 1442 sanctissimamente
819 1377 892 1442 cosi
920 1379 1119 1462 insegnava
1142 1379 1288 1442 Luther.
1334 1378 1389 1441 De

123 1486 220 1565 questi
234 1485 385 1548 monstri
402 1507 446 1549 ne
463 1486 582 1568 saprei
599 1486 734 1550 scriver
749 1486 774 1549 li
790 1486 948 1568 meliara,
972 1508 1029 1549 ma
1046 1507 1116 1549 non
1132 1486 1254 1568 voglio
1270 1489 1391 1549 buttar

123 1591 171 1653 via
192 1594 233 1655 ne
258 1594 385 1655 charta
405 1594 450 1657 ne
475 1604 607 1675 tempo.

195 1700 234 1761 Li
261 1700 454 1763 Lutherani
488 1701 574 1784 ogni
606 1702 643 1763 di
674 1702 831 1783 pioveno
858 1701 940 1764 libri
965 1702 1074 1764 nuovi
1098 1704 1126 1764 sl
1150 1702 1186 1763 in
1212 1701 1388 1763 Alemano

121 1824 206 1868 come
228 1806 265 1870 in
290 1807 410 1887 latin0,
436 1819 471 1871 et
495 1818 627 1871 tenono
645 1808 705 1891 qui
722 1830 792 1871 uno
809 1809 1042 1890 impressore,
1075 1809 1167 1871 dove
1183 1807 1254 1871 mai
1270 1806 1390 1870 avanti

121 1911 150 1973 fu
176 1914 233 1995 piu
265 1917 315 1976 tal
339 1915 511 1996 mestieri,
544 1915 588 1978 ne
612 1917 643 1978 si
667 1918 834 1979 vendono
858 1915 939 1978 altri
964 1915 1046 1978 libri
1070 1919 1139 1996 qul,
1165 1917 1230 1978 che
1255 1916 1299 1977 de
1324 1914 1389 1976 Lu-

119 2019 202 2101 ther,
235 2022 343 2085 etiam
376 2023 411 2085 in
439 2025 522 2085 aula
545 2022 704 2104 Cesaris,
735 2025 802 2086 che
826 2024 843 2085 ὁ
871 2044 955 2085 cosa
978 2023 1154 2103 stupenda
1179 2042 1278 2085 come
1302 2040 1390 2084 sono

120 2128 205 2207 uniti,
229 2140 266 2191 et
287 2139 451 2210 trovan0,
476 2130 511 2192 in
537 2133 676 2194 cumulo
701 2130 842 2205 danari;
868 2150 913 2193 ne
931 2131 960 2193 si
978 2130 1002 2192 li
1018 2132 1100 2211 pole
1118 2130 1204 2192 dare
1219 2127 1390 2208 remedio,

118 2232 179 2296 fino
202 2237 266 2298 che
290 2237 484 2300 habbiamo
508 2238 533 2299 li
557 2238 714 2300 mandati
739 2238 910 2319 expediti,
936 2239 969 2300 al
992 2239 1057 2300 che
1075 2257 1184 2300 ancor
1199 2238 1264 2299 che
1281 2234 1391 2299 Cesar

118 2340 229 2403 habbii
252 2343 288 2404 in
311 2344 420 2423 pleno
436 2344 584 2406 consilio
602 2346 860 2423 commandat0,
885 2346 1075 2407 tuttavolta
1092 2364 1132 2406 ce
1147 2342 1341 2425 impedisce
1356 2343 1391 2404 la

119 2450 338 2529 expeditione
362 2450 386 2510 li
411 2449 539 2531 favori,
563 2452 629 2513 che
654 2460 748 2514 sotto
772 2472 853 2514 man
880 2452 925 2512 da
949 2452 973 2512 il
997 2452 1100 2513 Duca
1124 2450 1159 2513 di
1185 2448 1345 2512 Saxonia
1369 2470 1390 2510 a

117 2553 280 2637 luthero,
304 2559 340 2619 la
364 2558 466 2620 rabia
491 2558 527 2619 di
551 2558 631 2620 tutti
657 2558 818 2639 Principi
842 2558 878 2619 di
904 2556 1110 2639 Germania,
1146 2559 1211 2620 che
1243 2557 1389 2619 eridano

117 2660 255 2726 aCesar
280 2664 465 2726 contradi
490 2665 560 2746 noi,
585 2666 619 2727 le
644 2667 815 2746 consulte,
839 2664 876 2727 in
901 2667 934 2727 le
959 2665 1054 2746 quali
1078 2664 1200 2727 invitis
1225 2664 1391 2726 dentibus

116 2768 203 2849 meis,
225 2791 282 2833 me
306 2771 426 2833 hanno
443 2772 587 2834 tandem
605 2780 753 2854 gettato,
779 2781 813 2833 et
834 2792 901 2854 pur
916 2792 1025 2834 ancor
1040 2773 1072 2835 el
1090 2772 1178 2852 diro,
1204 2773 1236 2834 el
1252 2770 1388 2834 defetto

118 2876 159 2936 dil
182 2879 314 2941 danaro
340 2880 387 2940 da
410 2899 526 2961 unger
549 2880 583 2942 le
607 2880 702 2942 mani
727 2880 840 2962 primo
871 2901 892 2944 a
920 2882 1070 2962 qualche
1099 2879 1297 2961 secretarii,
1330 2878 1390 2960 poi

116 2985 168 3045 alli
191 2987 294 3048 sbirri
320 2986 357 3048 in
381 2987 568 3067 exequirli.
606 2987 680 3049 Pur
704 2988 789 3070 ogni
813 2988 903 3058 hora
920 3008 1007 3051 sono
1023 3007 1206 3070 appress0,
1232 2995 1268 3048 et
1290 2985 1390 3047 accio

117 3110 179 3152 non
202 3113 239 3155 se
264 3093 437 3162 excusino
460 3113 526 3174 per
542 3095 575 3156 le
592 3096 682 3156 altre
698 3094 926 3175 occupationi
950 3095 989 3157 Io
1011 3094 1205 3158 medesimo
1228 3095 1274 3156 ho
1300 3113 1387 3154 com·

115 3207 210 3276 posto
233 3202 267 3262 le
291 3201 425 3262 minute
449 3201 569 3282 latine,
593 3202 627 3263 le
651 3201 748 3282 quali
773 3201 833 3283 poi
856 3223 894 3264 se
909 3203 1029 3265 hanno
1045 3223 1066 3263 a
1081 3200 1137 3263 far
1153 3203 1188 3263 in
1205 3201 1390 3277 Aleman0,

114 3304 258 3384 poiche
283 3328 438 3371 saranno
464 3309 695 3390 comprobate
718 3329 786 3392 per
809 3308 833 3370 il
858 3307 1026 3389 conseli0,
1052 3310 1086 3370 al
1111 3309 1177 3370 che
1201 3327 1257 3370 me
1272 3308 1390 3368 hanno

116 3412 190 3475 dato
214 3413 264 3477 fin
287 3415 348 3496 qui
373 3414 423 3477 X.
447 3417 619 3495 consulte,
644 3426 680 3478 et
703 3418 867 3498 besogna
887 3435 1089 3498 congregas
1105 3415 1253 3477 insieme
1270 3433 1391 3476 conse·

116 3517 185 3581 lieri
208 3522 245 3583 di
270 3531 362 3585 tutte
378 3521 525 3585 Nationi
550 3522 703 3585 subiette
728 3523 772 3584 ad
792 3521 912 3598 Cesar,
938 3524 1003 3585 che
1028 3523 1046 3585 ὲ
1071 3543 1141 3584 una
1165 3521 1279 3603 fatiga
1303 3521 1390 3583 into-

115 3625 255 3690 lerabile
279 3632 325 3691 ad
350 3629 528 3701 adunarli;
554 3639 589 3691 et
605 3630 666 3712 poi
683 3630 827 3691 tandem
846 3630 989 3711 quando
1007 3650 1094 3692 sono
1113 3628 1291 3692 daccordo
1308 3628 1391 3690 delli

114 3735 265 3798 mandati
293 3736 513 3799 referiscono
542 3737 576 3799 al
604 3736 777 3816 conselio,
811 3737 904 3798 dove
934 3757 971 3799 se
1001 3736 1086 3798 novi
1116 3734 1328 3816 conseglieri
1353 3755 1391 3797 se

115 3841 314 3923 abbatteno,
340 3845 407 3906 che
424 3863 494 3906 non
512 3843 602 3905 siino
619 3844 702 3905 stati
728 3844 762 3906 al
786 3844 901 3924 primo
927 3843 1120 3925 consegli0,
1145 3845 1275 3905 voleno
1293 3840 1391 3923 ogni·

115 3965 176 4008 uno
198 3959 353 4012 mostrar
378 3951 411 4012 el
435 3950 551 4031 perito
576 3959 612 4012 et
635 3949 838 4032 aggiugner
863 3971 883 4012 ο
908 3951 1090 4029 diminuir,
1115 3951 1219 4013 etde
1245 3969 1338 4012 novo
1363 3947 1392 4009 si

116 4053 201 4116 dano
218 4057 465 4135 commissarii,
482 4060 510 4119 sl
528 4058 594 4119 che
609 4058 643 4119 le
659 4058 819 4119 consulte
832 4059 866 4119 le
882 4057 978 4138 quali
995 4077 1135 4138 sempre
1153 4057 1199 4118 da
1215 4055 1392 4138 principio

114 4161 154 4222 ho
177 4163 321 4245 suggito
345 4165 393 4227 mi
417 4185 584 4247 vengano
608 4164 749 4245 ad0550,
773 4164 858 4226 volii
884 4185 904 4225 0
929 4184 1001 4226 non
1025 4163 1122 4225 volii.
1168 4163 1323 4225 Adcedit
1347 4163 1392 4223 ad

116 4265 147 4328 id
168 4272 234 4334 che
259 4271 286 4333 li
308 4272 493 4334 secretarii
518 4273 584 4334 che
607 4273 727 4334 hanno
751 4291 772 4333 a
795 4283 911 4334 mutar
936 4271 960 4333 il
983 4271 1151 4334 mandato
1180 4269 1214 4332 in
1240 4271 1392 4332 Almano

116 4395 194 4440 sono
209 4379 515 4460 Lutheranissimi,
540 4389 600 4440 aut
617 4381 743 4441 saltem
768 4377 902 4440 inimici
922 4377 962 4446 di
977 4377 1095 4439 Roma
1112 4396 1220 4457 sopra
1238 4377 1393 4456 modurn,

115 4483 173 4546 che
195 4505 253 4548 me
278 4485 540 4568 stropiarann0,
566 4497 601 4548 et
617 4485 686 4548 Dio
711 4505 751 4547 sa
776 4505 884 4565 come,
913 4497 947 4546 et
973 4483 1034 4567 poi
1050 4483 1194 4546 tandem
1219 4483 1283 4544 che
1301 4490 1392 4544 tutto

116 4590 188 4651 sara
210 4592 304 4655 fatto
331 4615 402 4656 non
430 4595 477 4655 ho
507 4593 630 4655 danari
660 4594 706 4654 da
733 4591 825 4654 farlo
854 4591 1050 4674 imprimet,
1084 4601 1120 4653 et
1150 4592 1215 4652 dar
1242 4589 1393 4670 qualche

116 4717 191 4760 cosa
216 4720 286 4780 per
307 4700 394 4764 forsi
420 4711 524 4763 cento
549 4699 657 4783 sigilli
682 4701 749 4762 che
775 4697 848 4762 cosi
873 4699 1001 4760 dicono
1027 4699 1093 4760 che
1118 4718 1155 4760 se
1178 4695 1355 4759 rechiede.

196 4805 323 4887 Itaque
347 4828 418 4889 quo
442 4827 498 4870 me
521 4817 658 4870 vertam
682 4806 803 4869 nescio
811 4856 820 4887 ,
845 4815 881 4869 et
904 4826 993 4889 pure
1018 4807 1036 4868 e
1062 4803 1145 4884 cosi,
1173 4805 1238 4868 che
1261 4804 1331 4867 mai
1355 4802 1393 4865 fu

117 4911 200 4974 vista
213 4917 266 4976 tal
289 4914 507 4996 confusione,
533 4935 577 4978 ne
601 4916 647 4977 ho
673 4934 854 4998 speranza,
880 4934 924 4975 ne
942 4933 1084 4975 recorso
1103 4915 1230 4975 alcuno
1248 4910 1269 4973 ἐι
1286 4911 1393 4994 quelli

1203 5017 1234 5072 7*
