3425 5700
820 585 1065 648 esim&

304 737 433 802 Hassia
465 747 500 800 et
533 738 578 800 da
611 759 649 800 se
681 735 794 800 eben
819 739 991 819 provist0‚
1016 751 1052 801 et
1075 740 1182 820 volpe
1206 746 1339 818 astuta,
1366 735 1481 820 perhb
1512 753 1577 799 non

302 857 396 909 teme
419 843 621 910 Francisco
669 844 764 907 Altri
787 844 917 907 dicono
951 847 1017 908 che
1042 844 1157 927 questi
1181 843 1318 908 Cavalli
1342 865 1429 908 sono
1453 845 1499 906 de
1523 843 1577 925 gia

303 953 538 1017 commineiati
570 954 727 1015 adunare
759 972 824 1034 per
848 951 904 1015 far
928 973 949 1014 a
973 953 1032 1016 noi
1056 973 1186 1034 paura,
1217 952 1384 1015 accioche
1408 970 1480 1015 non
1504 969 1578 1032 pro-

305 1060 486 1142 seguiamo
511 1062 545 1122 la
569 1079 676 1122 causa
701 1059 915 1138 Lutherana,
939 1069 1038 1122 tanto
1063 1061 1128 1122 che
1153 1071 1265 1123 stamo
1299 1057 1376 1141 qui,
1408 1069 1445 1120 et
1476 1057 1578 1139 dopoi

303 1169 339 1230 in
364 1167 509 1248 viaggio
534 1187 598 1248 per
622 1165 710 1229 farei
735 1166 930 1247 dispiacer;
956 1167 1015 1230 noi
1040 1169 1123 1229 dum
1147 1143 1266 1229 sumus
1290 1167 1359 1245 hic,
1384 1185 1454 1228 non
1470 1180 1579 1227 cessa·

304 1295 401 1338 remo
425 1295 490 1358 per
514 1294 626 1355 paura
649 1275 704 1336 far
727 1273 751 1336 il
777 1274 899 1337 debito
924 1284 960 1336 et
983 1295 1049 1357 per
1071 1273 1218 1356 viaggio
1243 1289 1406 1354 speramo
1431 1274 1499 1335 che
1517 1269 1581 1333 Dio

305 1403 375 1445 non
411 1381 442 1443 ci
477 1379 718 1444 abandonara.
766 1378 827 1443 Sel
867 1381 885 1444 ὲ
919 1381 1090 1463 possibile
1122 1381 1285 1462 supplico
1316 1399 1387 1441 non
1419 1399 1457 1440 se
1491 1377 1540 1441 dii
1563 1399 1583 1439 a

305 1501 471 1570 questoro
496 1491 622 1550 alcuna
646 1487 841 1567 suspitione
867 1489 926 1549 dal
950 1491 1023 1550 lato
1049 1490 1093 1550 de
1117 1495 1224 1568 costl,
1248 1486 1320 1549 fino
1345 1488 1486 1548 almeno
1519 1487 1581 1547 che

304 1597 403 1658 siano
429 1594 589 1676 expediti
614 1605 649 1657 et
674 1593 822 1656 intimati
846 1614 913 1675 per
936 1605 1027 1657 tutta
1043 1594 1237 1658 Germania
1261 1591 1377 1675 questi
1401 1593 1583 1654 benedetti

304 1702 473 1766 mandati.

394 1811 436 1872 El
467 1807 782 1872 Reverendissimo
814 1817 850 1872 et
879 1809 1119 1871 Illustrissimo
1152 1807 1368 1889 Moguntino
1399 1827 1472 1869 non
1508 1809 1586 1869 vole

306 1917 415 1979 sentir
439 1917 559 1996 parler
584 1916 649 1976 che
674 1935 712 1978 se
739 1914 899 1996 divulghi
925 1917 969 1977 de
994 1926 1120 1996 questa
1151 1917 1269 1991 bulla,
1304 1917 1396 1977 dove
1427 1913 1447 1976 e
1479 1913 1585 1976 nomi·

306 2035 389 2086 nato
415 2022 488 2084 Sua
513 2021 679 2104 Signoria
703 2024 736 2083 el
762 2022 919 2103 Nunci0‚
952 2043 1086 2085 messer
1109 2023 1235 2100 Ecci0,
1274 2031 1309 2084 et
1345 2021 1378 2083 io
1414 2022 1588 2102 deputer

306 2131 493 2212 procieder
510 2139 634 2191 contra
659 2129 683 2190 li
708 2129 911 2209 Lutherani,
937 2139 972 2192 et
988 2133 1155 2192 absolver
1169 2129 1195 2192 li
1209 2128 1406 2212 poenitenti
1421 2148 1505 2190 cum
1529 2147 1585 2210 po·

307 2248 435 2301 testate
460 2235 712 2308 substituendi;
745 2257 814 2298 non
849 2236 909 2318 gia
940 2239 1071 2317 perche
1103 2238 1152 2299 lui
1176 2238 1332 2299 Luthero
1357 2235 1499 2314 faveat,
1535 2255 1590 2297 ma

306 2343 439 2426 perche
463 2344 542 2406 dice
566 2343 688 2405 esserli
713 2364 778 2424 per
802 2345 962 2406 conciter
985 2345 1155 2406 immenso
1189 2344 1271 2406 odio
1303 2363 1478 2426 appresso
1509 2343 1590 2404 tutti

308 2453 330 2514 li
356 2449 542 2528 Germani,
568 2471 605 2512 se
630 2449 677 2512 lui
703 2453 779 2512 solo
804 2451 860 2512 de'
885 2451 1013 2532 prelati
1039 2451 1202 2514 Alemani
1228 2451 1247 2512 ὁ
1272 2451 1453 2513 nominato
1479 2449 1516 2512 in
1541 2451 1588 2511 tal

307 2559 471 2640 impresa,
497 2559 576 2619 chel
601 2559 801 2637 parerebbe
826 2559 893 2619 che
917 2558 965 2619 lui
983 2561 1059 2620 solo
1076 2557 1341 2639 perseguitasse
1356 2560 1405 2618 tal
1422 2556 1592 2638 impr-esa.

309 2665 458 2728 intendo
482 2685 591 2726 ancor
615 2665 680 2726 che
704 2664 752 2727 lui
779 2655 856 2725 dice
882 2666 1004 2726 esserli
1029 2685 1216 2746 vergogna
1240 2665 1319 2726 chel
1344 2664 1385 2726 sii
1406 2675 1533 2725 creato
1559 2675 1593 2724 et

308 2772 487 2836 nominato
512 2769 547 2833 in
573 2791 652 2833 essa
676 2773 772 2833 bulla
796 2770 985 2853 inquisitor
1018 2772 1197 2835 hereticae
1231 2772 1436 2855 pravitatis,
1478 2772 1595 2853 perhb

309 2880 356 2941 lui
380 2881 538 2941 vorebbe
564 2880 629 2940 ebe
653 2899 691 2940 se
716 2878 954 2942 addricciasse
979 2900 1090 2942 ancor
1112 2881 1173 2942 alli
1198 2880 1277 2941 altri
1307 2878 1455 2941 electori
1482 2881 1594 2941 eccle-

309 2987 450 3063 siastici,
475 2997 511 3047 et
535 2986 594 3047 alli
619 2986 883 3066 metropolitani
908 2988 952 3049 de
977 2985 1177 3050 Germania.

399 3094 438 3155 El
466 3092 598 3174 Signor
630 3094 674 3153 de
700 3092 857 3155 Chevres
890 3094 1000 3174 hoggi
1034 3096 1080 3155 ha
1112 3104 1256 3175 passato
1281 3094 1305 3155 il
1329 3092 1432 3157 XIV.
1459 3094 1507 3155 de
1533 3114 1598 3155 sua

309 3200 420 3263 febre.
470 3200 549 3261 Uno
575 3201 619 3261 de
644 3199 771 3261 medici
796 3203 862 3261 che
886 3203 940 3263 sol
963 3202 1075 3263 haver
1109 3205 1202 3263 buon
1228 3202 1459 3283 prognostico
1486 3222 1598 3283 spera

310 3310 375 3370 che
400 3308 428 3368 si
454 3305 592 3386 sanarit,
617 3306 640 3368 li
666 3307 747 3369 altri
763 3306 872 3369 fanno
890 3307 1017 3389 pegior
1032 3307 1183 3379 iudici0;
1209 3308 1374 3390 quicquid
1399 3307 1444 3369 sit
1469 3308 1490 3370 ὲ
1516 3328 1599 3371 vee-

310 3415 408 3491 chin,
442 3424 477 3476 et
511 3417 558 3476 ha
582 3416 616 3476 la
640 3413 740 3477 febre
765 3415 948 3494 continua,
985 3416 1020 3477 la
1053 3418 1136 3495 qual
1161 3406 1270 3497 dopoi
1294 3415 1326 3477 el
1351 3414 1600 3478 cibo-crescie

309 3522 369 3604 piir
395 3523 460 3583 che
485 3524 518 3583 la
543 3520 753 3603 ragion.del
778 3521 858 3583 cibo
876 3530 1070 3603 permette3
1095 3542 1161 3603 pur
1177 3524 1223 3584 ha
1245 3524 1341 3584 bona
1363 3523 1600 3602 complexion

311 3639 347 3690 et
370 3630 442 3690 bon
467 3628 594 3707 animo,
620 3637 655 3689 et
680 3648 749 3690 non
775 3628 855 3691 altri
881 3629 961 3690 mali
987 3629 1171 3693 accidenti.

400 3735 468 3816 Qui
506 3754 618 3813 regna
656 3755 726 3797 una
762 3734 863 3797 febre
888 3734 1143 3816 pestilentiale,
1173 3737 1239 3798 che
1264 3737 1386 3796 abatte
1410 3734 1433 3796 li
1458 3736 1603 3799 homini

310 3844 566 3906 bestialmente.
616 3842 694 3905 Non
720 3844 827 3904 credo
853 3844 919 3904 che
944 3842 1055 3905 siamo
1079 3863 1144 3925 per
1168 3843 1280 3924 partit
1303 3846 1376 3904 cosi
1408 3854 1540 3923 presto
1565 3845 1603 3905 di

311 3960 437 4031 questa
461 3961 566 4027 terra,
592 3970 691 4011 come
717 3948 776 4027 gia
800 3949 848 4011 X.
875 3949 990 4028 giorni
1016 3969 1249 4032 speravamo;
1275 3960 1310 4011 et
1334 3968 1444 4011 ancor
1468 3953 1545 4013 che
1570 3954 1606 4013 ia

311 4059 503 4120 cavallaria
528 4058 571 4119 de
597 4056 706 4119 Cesar
730 4055 771 4118 sii
796 4057 856 4137 gia
880 4056 940 4118 doi
965 4056 1000 4117 di
1025 4056 1173 4138 partita,
1208 4066 1244 4117 et
1271 4058 1337 4117 che
1367 4054 1465 4117 fusse
1505 4069 1606 4122 stato

312 4166 371 4245 qui
396 4164 570 4241 ordinum,
596 4173 631 4225 et
655 4163 777 4225 scritto
801 4164 836 4225 in
856 4163 1012 4225 Fiandra
1036 4166 1102 4227 che
1125 4163 1300 4225 mercordi
1325 4162 1495 4245 proximo
1523 4188 1606 4249 par-

313 4273 515 4341 teressim03
541 4270 731 4332 tuttavolta
754 4270 868 4351 parmi
890 4292 987 4331 esser
1003 4272 1143 4331 tardata
1161 4272 1194 4331 la
1209 4280 1379 4352 partenza
1393 4290 1460 4350 per
1479 4294 1609 4337 nuove

314 4376 499 4457 suspitioni
530 4376 564 4436 di
596 4394 741 4455 guerra:
777 4376 872 4437 Raso
905 4378 937 4438 le
962 4396 1067 4437 sacre
1092 4378 1185 4439 mani
1210 4378 1244 4438 di
1270 4377 1402 4439 Vostra
1426 4375 1610 4460 Signoria

314 4486 629 4549 Reverendissima
653 4492 689 4545 et
714 4483 960 4546 illustrissima.

404 4592 635 4657 Wormatiae.
