3425 5700
664 549 911 606 &fistilli-0

148 704 203 758 sat
218 695 293 758 scio
315 695 421 760 fuerit
437 697 537 760 Tuae
553 716 646 761 nunc
662 695 854 760 Sanctitati
870 698 1112 780 perscribere3
1129 698 1185 760 cui
1198 697 1359 762 nimirum
1373 700 1431 761 ob·

150 822 293 865 scurum
318 822 397 866 esse
421 824 492 866 non
516 812 636 886 potest
659 806 754 886 quod
770 805 825 868 vir
847 804 908 868 ille
931 804 1238 887 pestilentissimus
1269 804 1432 888 pestilen-

148 909 292 972 tissimis
315 910 388 974 suis
413 909 590 992 dogmatis
614 910 710 992 apud
734 933 818 975 suos
841 911 1069 993 promoverit.
1124 914 1175 974 At
1207 931 1294 975 vero
1328 932 1431 993 quam

149 1025 186 1078 et
207 1018 305 1099 apud
328 1037 394 1080 nos
414 1038 554 1099 quoque
570 1018 814 1082 huiuscemodi
838 1021 1024 1100 gangredo
1048 1019 1103 1082 his
1128 1020 1252 1082 diebus
1275 1019 1433 1100 irrepere

149 1134 279 1187 conata
302 1123 363 1205 sit,
395 1144 571 1206 quamque
604 1127 728 1188 sedulo
756 1126 801 1188 sit
830 1146 853 1188 a
876 1125 980 1188 nobis
1003 1126 1088 1188 itum
1115 1125 1266 1205 obviam,
1291 1125 1433 1188 abunde

149 1251 195 1293 ex
219 1231 344 1293 horum
370 1232 483 1294 latore
508 1251 716 1313 cognosces
741 1231 801 1313 qui
824 1242 860 1295 et
883 1233 961 1314 ipse
986 1233 1036 1294 rei
1060 1242 1185 1315 gestae
1210 1231 1367 1295 interfuit
1391 1253 1432 1294 ac

148 1357 285 1400 summa
308 1358 387 1401 cum
410 1337 481 1401 fide
505 1339 602 1400 Tuae
627 1337 846 1401 Beatitudini
869 1338 1003 1402 referet
1026 1360 1117 1420 quae
1141 1361 1206 1402 nos
1221 1339 1253 1403 ei
1271 1340 1432 1402 dedimus

147 1444 185 1507 in
208 1443 395 1507 mandatis.
442 1445 522 1507 Non
546 1444 652 1508 facile
675 1446 839 1527 profecto
865 1446 934 1509 dici
959 1456 1066 1528 queat
1097 1467 1167 1529 quo
1199 1447 1343 1510 tandem
1373 1447 1429 1538 de·

148 1551 301 1614 mantiae
325 1551 499 1634 pessimus
523 1552 650 1634 genius
673 1554 835 1635 perditos
859 1555 968 1616 hosce
992 1554 1255 1636 seditiososque
1270 1539 1431 1617 homines

147 1659 324 1736 adegerit.
384 1659 452 1739 Qui
485 1681 556 1723 non
585 1661 743 1723 contenti
773 1660 950 1742 sacrilega
985 1682 1048 1723 sua
1084 1662 1246 1726 doctrina
1278 1669 1332 1724 tot
1362 1661 1431 1724 iam

147 1777 339 1846 tantasque
372 1759 631 1830 Germanorum
665 1768 826 1831 nationes
859 1767 1046 1847 imbuisse,
1078 1787 1170 1833 nunc
1204 1769 1348 1831 tandem
1384 1769 1430 1830 ad

148 1873 365 1936 christianae
398 1874 618 1955 reipublicae
657 1875 949 1956 tranquillitatem
982 1875 1125 1956 penitus
1152 1877 1431 1957 perturbandam

147 1998 248 2042 arma
272 1979 378 2042 etiam
403 2000 531 2062 rapere
555 2002 626 2046 non
650 1991 834 2062 verentur,
868 1981 1099 2045 insanissimis
1127 1981 1199 2044 suis
1223 1981 1432 2044 tumultibus

147 2106 252 2149 sacra
284 2087 540 2168 prophanaque
572 2088 690 2151 omnia
721 2087 920 2153 miscentes.
973 2089 1187 2152 Pervaserat
1217 2088 1271 2152 his
1307 2088 1432 2152 diebus

148 2213 272 2255 eorum
295 2191 396 2255 furor
418 2196 464 2256 ad
489 2214 613 2275 agrum
638 2216 750 2276 usque
775 2195 952 2259 Alsatium
968 2205 1112 2258 nostrae
1130 2194 1253 2258 ditioni
1268 2195 1431 2276 vicinum,

148 2320 221 2380 quo
245 2299 282 2362 in
305 2300 386 2362 loco
411 2321 515 2381 quam
540 2301 658 2383 impia,
683 2323 788 2383 quam
811 2301 1004 2384 flagitiosa,
1029 2323 1133 2383 quam
1158 2303 1350 2384 nephanda
1374 2302 1431 2363 ad·

148 2407 328 2470 misserint
352 2427 421 2469 non
438 2407 540 2470 unius
556 2408 719 2490 profecto
739 2409 847 2472 fuerit
862 2409 1051 2472 voluminis
1073 2409 1265 2491 explicare.
1304 2406 1433 2472 Sacras

149 2514 259 2576 aedes
273 2512 440 2596 diripere,
455 2515 662 2578 clericorum
683 2517 878 2598 compilare
900 2517 1034 2596 domos
1060 2517 1221 2578 divorum
1246 2516 1433 2578 simulacra

148 2630 356 2701 statuasque
370 2623 595 2701 obtruncare,
610 2622 858 2703 comminuere,
886 2643 1048 2704 exurere,
1072 2625 1205 2704 templa
1222 2623 1299 2704 ipsa
1319 2623 1430 2685 fundi·

148 2740 206 2791 tus
227 2735 400 2809 evertere,
419 2729 498 2790 Deo
512 2729 649 2792 dicatas
665 2729 823 2811 virgines
840 2729 913 2793 suis
927 2730 1062 2812 pellere
1081 2729 1237 2810 sedibuS,
1256 2732 1302 2792 ad
1325 2729 1432 2811 impia

149 2856 212 2897 eas
224 2834 384 2916 adigere,
397 2837 602 2899 sacerdotes
615 2858 655 2899 ac
671 2836 950 2901 coenobiarchas
970 2837 1105 2900 indicta
1121 2858 1247 2900 caussa
1266 2845 1432 2917 mactare,

149 2963 194 3005 ne
206 2945 253 3003 ab
264 2941 342 3023 ipsa
364 2944 506 3024 quidem
528 2942 765 3007 Sacrosancta
784 2944 1015 3024 Eucharistia,
1029 2964 1120 3025 quae
1134 2944 1279 3007 demore
1291 2942 1432 3026 templis

150 3048 321 3112 custodiri
334 3052 435 3130 solet,
448 3051 641 3113 sceleratas
654 3051 834 3115 abstinere
854 3072 993 3122 manus;
1008 3051 1165 3114 breviter
1185 3050 1271 3113 nihil
1287 3071 1432 3132 prorsus

151 3176 272 3217 eorum
285 3176 356 3218 non
368 3155 668 3220 confidentissime
680 3169 889 3240 perpetrare
906 3179 996 3240 quae
1017 3159 1062 3221 ad
1075 3157 1342 3221 factiosissimos
1353 3178 1427 3221 con-

150 3261 454 3343 iuratissimosque
466 3263 832 3347 siccariospertinent.
857 3265 898 3327 Id
913 3266 1006 3346 quod
1020 3275 1116 3328 certe
1129 3286 1234 3346 quum
1250 3265 1299 3326 ita
1309 3266 1354 3326 ab
1364 3262 1433 3327 illis

151 3368 229 3431 fieri
263 3368 480 3451 videremuS,
516 3380 554 3432 ut
589 3372 783 3453 periculum
815 3380 910 3435 esset
948 3392 992 3435 ne
1024 3383 1059 3433 et
1086 3370 1121 3433 in
1147 3381 1268 3435 nostra
1291 3392 1431 3454 quoque

153 3474 286 3538 ditione
315 3473 384 3539 sibi
419 3476 537 3539 vicina
560 3475 746 3559 imperitae
769 3478 1003 3541 multitudinis
1027 3479 1189 3541 incautos
1221 3479 1357 3543 animos
1381 3500 1429 3541 se-

154 3584 333 3662 ducerent,
359 3582 396 3645 id
421 3583 589 3647 videlicet
613 3606 657 3648 eo
681 3585 820 3648 facilius
845 3605 914 3666 quo
938 3585 1106 3648 maiorem
1130 3585 1198 3667 ipsi
1221 3586 1433 3667 plebeculae

152 3689 353 3752 libertatem
378 3702 440 3753 aut
462 3690 643 3754 licentiam
667 3692 785 3755 verius
808 3695 1077 3773 proponebant,
1111 3692 1274 3772 equidem
1299 3692 1431 3755 intem

153 3794 389 3859 Christianam
412 3797 588 3862 facturum
612 3819 667 3861 me
702 3798 842 3880 putavi,
882 3798 910 3861 si
946 3798 1060 3880 primo
1096 3818 1237 3880 quoque
1271 3806 1431 3879 tempore

154 3904 259 3967 tantis
281 3914 462 3968 tantorum
491 3907 661 3971 malorum
697 3906 805 3970 initiis
839 3926 1071 3969 occurrerem.
1124 3905 1281 3970 Collecto
1312 3905 1431 3986 itaque

154 4012 322 4075 mediocri
346 4013 489 4093 quidem
513 4014 574 4075 illa
604 4014 668 4076 sed
699 4034 770 4077 non
801 4014 1061 4076 contemnenda
1089 4022 1206 4075 tamen
1231 4022 1430 4076 nostrorum

154 4118 300 4183 militum
316 4140 433 4194 manu,
458 4140 627 4183 unacum
651 4120 882 4183 auxiliaribus
906 4119 1019 4201 copiis
1042 4140 1129 4201 quas
1149 4118 1316 4184 Claudius
1333 4119 1430 4183 Cam·

154 4226 281 4305 patriae
325 4246 474 4309 praeses
509 4248 550 4290 ac
588 4228 791 4291 Ludovicus
825 4226 953 4291 Comes
988 4226 1270 4290 Vaudemontius
1304 4226 1432 4288 fratres

155 4333 264 4395 nostri
277 4333 513 4414 adduxerant,
523 4335 557 4397 in
567 4355 628 4397 eos
643 4335 761 4397 statim
772 4334 940 4415 impetum
956 4332 1112 4414 fecimus,
1124 4334 1286 4415 adeoque
1302 4330 1432 4395 nostris

154 4441 341 4503 conatibus
357 4440 609 4523 sedulitatique
626 4440 785 4505 Christus
799 4440 889 4503 favit
900 4450 939 4502 ut
953 4440 1045 4503 intra
1060 4439 1136 4503 dies
1161 4440 1315 4522 quinque
1339 4460 1358 4502 e
1374 4439 1431 4501 tri·

153 4548 223 4609 bus
236 4548 381 4629 praeliis
398 4549 527 4630 quibus
542 4570 620 4612 cum
636 4548 722 4631 ipsis
732 4546 964 4626 confliximus,
978 4547 1125 4610 totidem
1134 4546 1431 4609 retulerimusvic·

152 4653 272 4735 torias,
296 4655 412 4718 caesis
434 4655 573 4719 illorum
597 4656 769 4738 tringinta
781 4656 861 4736 plus
876 4652 988 4717 minus
1003 4654 1167 4734 millibus,
1182 4654 1330 4717 totidem
1353 4673 1430 4735 pro-

154 4761 342 4841 pemodum
380 4762 468 4855 fusis
501 4763 716 4846 fugatisque.
775 4762 876 4825 Nunc
914 4761 1023 4843 igitur
1063 4770 1295 4842 posteaquam
1336 4760 1431 4823 bello

153 4866 226 4927 hoc
248 4867 323 4931 Deo
347 4868 555 4950 adspirante
583 4869 736 4933 feliciter
760 4868 939 4950 confecto,
969 4870 1135 4931 reducem
1165 4870 1276 4931 habet
1305 4867 1432 4950 patria,
