3425 5700
667 571 914 632 0-{3349ffl

163 736 245 801 quae
268 731 350 784 tunc
375 721 610 785 determinata
635 730 671 785 et
694 722 861 785 damnata
884 719 1046 800 fuerunt,
1076 740 1198 783 rursus
1227 720 1264 782 in
1293 732 1431 784 contro-

162 828 302 892 versiam
327 838 363 891 et
378 826 652 911 disputationem
674 837 856 908 vocantur,
882 840 920 891 ut
943 829 1047 890 detur
1070 828 1187 890 omnia
1211 828 1431 891 confundere

163 936 406 1013 quaerentibus
429 935 482 999 sui
498 936 627 999 veneni
644 934 816 999 fundendi
837 944 873 997 et
888 934 1114 1017 propagandi
1138 933 1306 997 facultas:
1330 936 1432 1017 quasi

161 1040 283 1123 aliquid
312 1042 398 1105 boni
421 1042 525 1125 seligi
548 1064 592 1107 ex
618 1042 687 1106 illis
710 1026 837 1125 possit,
865 1058 902 1105 et
925 1062 997 1105 non
1021 1042 1236 1124 contagione
1264 1043 1430 1124 pestilen-

163 1146 240 1211 tium
262 1148 425 1231 proxima
449 1170 612 1232 quaeque
637 1148 854 1230 inficiantur,
884 1149 1105 1229 eandemque
1128 1150 1280 1212 reddant
1302 1152 1432 1213 tabem.

163 1250 229 1317 Sed
252 1257 296 1319 de
320 1256 375 1320 his
398 1258 478 1320 Deo
503 1256 757 1339 omnipotenti,
789 1276 894 1338 quem
927 1265 1054 1319 testem
1087 1264 1124 1318 et
1151 1255 1301 1321 iudicem
1326 1257 1433 1320 animi

162 1363 265 1425 nostri
288 1365 387 1445 recti,
411 1374 518 1445 atque
541 1363 704 1445 istorum,
739 1362 798 1444 qui
833 1362 920 1425 talia
947 1363 1046 1424 alunt
1069 1364 1262 1426 voluntatis
1285 1364 1434 1428 facimus

162 1467 231 1549 (sic)
253 1470 415 1552 proiecto
440 1470 508 1533 erit
532 1490 648 1535 curae.
695 1470 769 1534 Nos
794 1479 876 1533 tuae
900 1469 1114 1532 fraternitati
1143 1470 1302 1533 debitum
1325 1473 1432 1535 hono-

161 1594 248 1657 rem,
282 1597 349 1659 pro
373 1578 485 1660 ipsius
508 1576 671 1641 maximis
703 1576 837 1641 meritis
868 1576 1044 1639 voluimus
1078 1576 1248 1656 reddere,
1283 1587 1319 1640 et
1352 1563 1434 1641 Tibi

162 1702 265 1764 agere
288 1684 442 1766 gratiae,
473 1684 533 1766 qui
565 1684 600 1747 in
626 1684 761 1767 optima
783 1692 902 1747 mente
926 1693 961 1745 et
985 1684 1162 1746 sententia
1184 1704 1326 1766 semper
1355 1690 1432 1767 per·

163 1788 298 1853 stiteris.
352 1790 498 1853 Hortari
534 1799 652 1854 autem
685 1799 738 1871 te,
770 1799 808 1853 ut
838 1790 1044 1873 supradicto
1077 1791 1214 1873 Legato
1245 1806 1367 1856 nostro
1399 1803 1435 1857 et

163 1914 286 1977 amore,
312 1906 348 1961 et
371 1898 505 1977 studio,
530 1907 566 1960 et
590 1896 776 1980 diligentia
798 1895 1026 1961 consiliorum
1048 1906 1188 1961 tuorum
1211 1898 1367 1982 assistas,
1391 1900 1433 1963 si-

163 2004 242 2083 quid
263 1998 358 2067 forte
381 2005 528 2070 remedii
552 2005 665 2087 possit
689 2004 839 2085 ostendi,
864 2025 936 2068 non
960 2004 1171 2068 arbitramur
1194 2008 1434 2072 necessarium

165 2126 255 2174 esse:
280 2132 350 2175 non
376 2120 460 2193 eget
483 2111 577 2174 enim
601 2110 865 2191 admonitione,
887 2099 1003 2192 pietas
1026 2109 1063 2173 in
1086 2112 1201 2175 Deum
1225 2122 1295 2177 tua.
1343 2115 1434 2178 Illud

164 2216 275 2296 potius
300 2238 443 2281 monere
467 2228 523 2299 te,
552 2228 588 2281 et
611 2217 813 2299 significare
837 2217 902 2281 tibi
925 2219 1098 2300 volumus,
1123 2239 1365 2303 quaecumque
1389 2224 1435 2285 ad

164 2325 378 2387 commodum
413 2333 449 2388 et
485 2325 657 2389 honorem
690 2334 789 2387 t'uum
831 2345 872 2386 ac
904 2333 1043 2387 tuorum
1077 2325 1326 2409 pertinebunt,
1368 2350 1433 2392 nos

163 2448 299 2512 semper
322 2432 498 2513 studiose,
522 2440 755 2514 amanterque
778 2431 955 2511 facturos,
991 2430 1082 2493 sicut
1106 2433 1201 2496 dicto
1225 2445 1347 2498 nostro
1371 2436 1434 2499 Le·

164 2546 247 2616 gato
282 2538 542 2619 mandavimus,
585 2548 623 2601 ut
662 2548 778 2602 tecum
815 2547 938 2601 nostro
973 2539 1115 2602 nomine
1150 2540 1435 2606 communicaret.

147 2641 229 2717 ¹Cui
250 2644 434 2709 iratenitas
457 2654 519 2709 tua
542 2666 682 2709 omnem
704 2644 811 2709 fidem
835 2645 1035 2727 praebebit.

250 2753 328 2818 Dat.
353 2754 494 2817 Romae
518 2754 576 2817 die
601 2752 667 2817 XI.
691 2753 765 2817 Mai
788 2752 1008 2817 MDXXIV.
1054 2754 1161 2817 Anno
1186 2754 1310 2837 prime.

691 2931 897 2944 mm

432 3207 591 3290 01111111
618 3209 698 3290 VH.
728 3099 913 3289 0111511711111
938 3209 1162 3294 1111111111

376 3356 536 3430 (mummia
562 3355 623 3414 vta
649 3355 752 3415 Brevia
779 3356 846 3414 dnn
875 3355 898 3413 t
926 3371 967 3429 ep.
993 3356 1050 3416 341.
1078 3357 1219 3432 111881.)

673 3475 724 3535 (16,
745 3475 810 3525 Maii
833 3473 920 3553 1524.)

249 3599 421 3666 Mittimus
445 3601 489 3665 ad
512 3601 617 3664 istum
641 3599 783 3680 Regem
807 3598 1073 3663 invictissimum
1098 3611 1134 3664 et
1157 3605 1202 3665 ad
1227 3603 1436 3689 circumspe-

175 3704 311 3771 ctionem
335 3717 433 3771 tuam
456 3710 658 3790 exemplum
682 3706 757 3770 eius
781 3704 1050 3769 deliberationis
1074 3717 1110 3770 et
1129 3708 1263 3772 decreti
1287 3714 1383 3792 quod
1400 3713 1437 3776 in

175 3811 230 3874 hac
251 3816 414 3896 proxima
429 3813 730 3896 Nurembergensi
756 3813 851 3876 dieta
867 3811 1080 3878 Germaniae
1100 3814 1234 3880 factum
1253 3830 1318 3898 est,
1343 3820 1437 3884 circa

178 3937 226 3982 res
254 3920 336 3984 fidei
370 3932 407 3986 et
430 3941 572 3984 causam
605 3920 697 3983 hanc
728 3919 892 3993 Lutheri;
923 3918 1054 4002 inquo
1077 3921 1197 4004 aliqua
1220 3926 1315 3988 bona
1346 3936 1438 3993 sunt.

176 4023 335 4092 Videntur
366 4028 459 4092 enim
482 4030 638 4092 Decreto
664 4026 919 4090 Wormatiensi
950 4029 1046 4108 quod
1077 4037 1160 4092 tunc
1193 4029 1229 4093 in
1259 4045 1437 4097 conventu

174 4132 224 4197 illo
251 4157 314 4218 per
338 4135 528 4202 Caesarem
558 4136 672 4217 ipsum
697 4136 741 4197 de
766 4133 970 4197 Conventus
994 4135 1169 4198 sententia
1203 4137 1336 4202 editum
1359 4138 1436 4219 fuit,

174 4259 290 4324 magna
312 4263 359 4308 ex
384 4253 486 4324 parte
509 4243 602 4305 velle
626 4241 789 4312 obedire;
814 4241 934 4322 aliqua
955 4261 1039 4304 vero
1063 4242 1208 4307 nonita
1231 4245 1334 4309 nobis
1357 4267 1436 4330 pro-

175 4347 306 4424 bantur;
329 4370 503 4414 revocare
527 4349 620 4414 enim
643 4369 718 4412 rem
742 4349 787 4410 ad
811 4368 924 4411 novas
948 4347 1206 4430 disputationes
1230 4360 1267 4414 et
1285 4373 1437 4418 conven-

176 4463 238 4519 tum
267 4460 311 4521 ob
334 4459 430 4522 hanc
453 4477 595 4521 causam
622 4456 798 4536 indicere,
834 4474 1031 4538 causasque
1064 4464 1100 4519 et
1123 4457 1438 4524 determinationes

176 4558 246 4626 fidei
268 4573 412 4628 sanctae
436 4565 543 4628 toties
563 4563 632 4627 iam
657 4562 771 4625 factas
795 4570 903 4643 atque
925 4571 1090 4643 receptas
1113 4583 1234 4627 rursus
1250 4584 1384 4646 ponere
1400 4568 1436 4630 in

178 4672 457 4754 controversiam,
492 4671 599 4736 sentit
622 4670 782 4736 nonnihil
812 4689 834 4732 a
855 4668 1008 4732 veritate
1041 4679 1076 4732 et
1098 4669 1241 4754 integra
1263 4673 1437 4755 religione

177 4777 321 4855 profecto
345 4781 620 4844 dissentaneum.
667 4775 740 4840 Sed
764 4776 853 4838 haec
877 4774 1111 4856 inaequalitas
1140 4787 1175 4840 et
1199 4777 1440 4866 discrepantia

178 4885 291 4950 accidit
321 4889 417 4972 quod
449 4887 485 4951 in
507 4901 639 4967 magno
664 4890 841 4947 conventu
873 4882 934 4946 ubi
957 4883 1057 4946 multi
1079 4884 1166 4947 boni
1194 4895 1292 4968 sunt,
1326 4890 1439 4954 malos
