3425 5700
741 530 989 592 &boob-⁶

225 678 350 743 saltem
384 678 562 745 contraria
597 680 701 745 dictis
738 684 826 747 meis
858 704 924 766 pro
959 681 1053 747 virili
1087 702 1348 765 persuasurum.
1405 678 1508 763 Quae

225 789 324 850 Deus
348 788 415 851 scit
439 809 508 851 non
534 809 580 851 ex
605 791 677 852 ulla
700 790 843 854 sinistra
867 811 946 854 mea
970 811 1058 872 erga
1082 810 1294 873 quemquam
1316 789 1508 853 affectione

228 895 291 957 sed
316 916 361 958 ex
387 897 463 959 solo
487 894 571 957 fidei
606 898 681 959 zelo
713 899 949 978 processisse,
985 897 1052 959 etsi
1081 898 1196 960 adhuc
1221 897 1402 960 dubitetur
1437 896 1507 959 utri

226 1002 337 1066 nostri
360 1001 395 1065 in
420 1004 486 1065 hac
510 1003 659 1066 materia
687 1004 906 1086 potissimum
930 1004 1020 1067 fides
1044 1004 1207 1068 adhiberi
1231 1006 1379 1085 debeat,
1410 1016 1508 1086 peto,

226 1120 264 1172 ut
288 1110 396 1173 tacito
421 1108 602 1191 utriusque
627 1111 778 1189 nomine,
804 1132 869 1175 nec
893 1122 1036 1175 ostensa
1059 1113 1127 1174 hac
1150 1132 1231 1174 mea
1254 1110 1424 1194 epistola,
1456 1111 1507 1172 in·

226 1227 429 1299 terrogetur
453 1216 625 1281 Dominus
649 1218 914 1299 Brundusinus,
951 1238 1021 1301 quo
1045 1238 1148 1281 nemo
1166 1218 1290 1280 melius
1306 1216 1424 1279 omnia
1440 1217 1510 1279 ista

227 1324 343 1402 novit,
377 1323 462 1405 quid
497 1324 573 1405 ipse
606 1322 650 1387 de
683 1325 830 1388 Erasmo
864 1326 1010 1407 eiusque
1038 1324 1179 1407 scriptis
1208 1325 1338 1387 sentiat
1361 1338 1398 1387 et
1419 1334 1509 1406 puto

227 1432 322 1513 quod
347 1431 537 1513 apparebit
560 1440 640 1494 uter
664 1442 820 1495 nostrum
845 1432 988 1496 veriora
1011 1432 1150 1496 dixerit.
1210 1431 1414 1495 Dominatio
1444 1430 1509 1494 ita·

228 1558 297 1620 que
330 1547 449 1601 vestra
479 1548 580 1600 curet
609 1558 653 1600 ne
683 1560 739 1602 me
770 1540 870 1602 fallat
901 1560 983 1621 spes
1014 1549 1050 1602 et
1072 1538 1204 1602 fiducia
1228 1558 1332 1621 quam
1361 1539 1406 1601 de
1431 1540 1511 1601 eius

228 1642 413 1709 nobilitate
437 1643 472 1706 in
496 1646 652 1707 tenenda
682 1646 749 1708 hac
782 1646 934 1728 epistola
963 1666 1042 1709 mea
1065 1645 1231 1726 concepi,
1263 1665 1368 1727 quam
1401 1645 1511 1708 etiam

227 1772 316 1835 rogo
342 1761 379 1814 ut
403 1762 571 1833 quantum
596 1753 630 1815 in
656 1752 734 1834 ipsa
758 1764 827 1833 est,
851 1753 961 1816 faciat
985 1754 1102 1816 omnia
1125 1752 1232 1815 fidem
1256 1751 1512 1815 concernentia

229 1870 264 1923 et
278 1858 487 1941 religionem
505 1858 589 1921 etin
608 1861 671 1921 has
686 1857 852 1941 regiones
870 1860 1042 1923 mittenda
1064 1858 1286 1922 exactissime
1311 1858 1512 1921 examinari

227 1966 431 2048 priusquam
444 1966 637 2044 mittantur,
653 1986 697 2028 ne
709 1967 915 2029 scandalum
927 1966 1068 2048 pariant
1084 1978 1120 2029 et
1133 1966 1251 2049 potius
1268 1964 1387 2028 obsint
1402 1985 1510 2047 quam

228 2073 375 2155 prosint,
392 2073 482 2135 sicut
498 2092 567 2155 ego
581 2072 687 2135 timeo
699 2075 744 2136 de
761 2072 856 2135 dicta
872 2072 1002 2135 silentii
1017 2072 1243 2155 impositione
1259 2072 1426 2151 futurum,
1442 2071 1513 2134 nisi

227 2179 419 2243 remedium
444 2178 666 2242 adhibeatur.
713 2180 853 2242 Deinde
878 2200 1035 2263 suggero
1060 2180 1175 2244 eidem
1196 2179 1240 2243 V.
1265 2181 1309 2244 D.
1334 2178 1513 2260 recogitet

227 2308 310 2350 num
334 2289 464 2350 bonum
489 2297 583 2350 esset
608 2286 764 2350 scribere
789 2308 896 2350 unum
920 2288 1037 2351 Breve
1069 2289 1115 2350 ad
1145 2286 1276 2349 dictam
1308 2286 1351 2349 D.
1385 2286 1512 2348 Archi-

227 2395 402 2457 ducissam
436 2415 504 2475 quo
536 2395 800 2457 collaudaretur
830 2397 927 2457 zelus
959 2414 1042 2457 suus
1074 2414 1177 2475 quem
1211 2413 1288 2455 cum
1324 2392 1411 2455 alias
1435 2401 1512 2453 tum

223 2501 418 2565 'novissime
443 2500 478 2562 in
502 2500 631 2581 insigni
657 2500 869 2563 executione
893 2500 928 2563 in
946 2500 1137 2566 Hellandia
1161 2509 1286 2563 contra
1309 2497 1514 2560 haereticos

227 2609 323 2672 facta
347 2608 619 2687 demonstravit,
653 2608 938 2689 animareturque
973 2609 1018 2671 ad
1050 2607 1209 2671 similiter
1241 2605 1442 2669 faciendum
1472 2603 1513 2666 in

229 2715 391 2778 omnibus
426 2715 514 2777 locis
547 2736 611 2777 suo
647 2714 808 2796 regimini
847 2735 888 2778 ac
925 2714 1080 2778 dominio
1116 2713 1286 2777 subiectis
1325 2711 1386 2774 ubi
1419 2730 1514 2792 opus

229 2843 306 2886 esse
331 2821 485 2900 videret,
510 2821 662 2884 maxime
689 2822 928 2904 Antverpiae,
959 2820 1020 2885 ubi
1054 2831 1089 2884 et
1121 2830 1203 2883 ante
1228 2831 1263 2883 et
1287 2830 1369 2902 post
1391 2836 1511 2881 meum

228 2930 390 3009 reditum,
415 2933 523 2992 multa
548 2929 706 2993 enormia
735 2951 755 2990 a
779 2929 992 2992 Lutheranis
1028 2938 1099 2992 tam
1134 2927 1169 2990 in
1193 2926 1345 3008 publicis
1369 2926 1510 3008 praedi-

229 3037 429 3100 cationibus
453 3057 558 3118 quam
582 3037 617 3099 in
643 3036 790 3118 privatis
821 3034 1079 3100 conventiculis
1106 3034 1143 3096 in
1167 3033 1416 3096 contumeliam
1440 3033 1511 3094 Dei

230 3154 266 3206 et
288 3143 371 3206 fidei
401 3163 485 3205 suae
515 3152 722 3224 perpetrata
754 3154 844 3206 sunt.
897 3143 942 3205 Et
975 3145 1122 3205 alterum
1155 3141 1273 3203 Breve
1303 3141 1349 3203 ad
1378 3139 1513 3201 Rmum

229 3251 273 3314 D.
299 3251 533 3312 Leodiensem
557 3269 627 3332 quo
652 3250 729 3330 ipse
754 3248 914 3312 similiter
937 3250 1142 3312 laudaretur
1171 3251 1215 3311 de
1240 3248 1403 3328 eoquod
1428 3246 1511 3308 civi·

230 3367 338 3420 tatem
378 3378 476 3420 suam
514 3357 748 3420 Leodiensem
783 3367 818 3420 et
856 3357 1066 3439 temporalia
1103 3355 1289 3418 Dominica
1327 3353 1513 3416 Ecclesiae

230 3465 420 3528 Leodiensi
445 3465 621 3544 subiecta,
653 3486 744 3547 quae
776 3465 940 3547 profecto
972 3484 1042 3526 non
1072 3464 1213 3527 modica
1236 3472 1334 3542 sunt,
1365 3473 1438 3525 tam
1459 3461 1512 3524 in·

230 3572 504 3636 contaminatam
543 3572 739 3634 servaverit
771 3581 952 3653 quantum,
976 3573 1023 3634 ad
1056 3571 1296 3633 Lutheranam
1332 3567 1511 3631 haeresim

230 3678 385 3741 finitimis
410 3678 612 3740 civitatibus
630 3690 665 3740 et
681 3677 769 3740 locis
793 3698 863 3740 non
888 3697 1015 3759 parum
1038 3677 1099 3739 illa
1122 3677 1281 3748 infectis:
1306 3684 1342 3738 et
1366 3675 1514 3756 insuper

231 3787 433 3848 hortaretur
468 3795 506 3846 ut
537 3785 653 3848 dictae
685 3784 861 3847 Dominae
890 3803 955 3866 pro
980 3783 1231 3866 prosecutione
1254 3782 1368 3845 sancti
1392 3781 1514 3864 operis

231 3894 277 3954 ab
301 3912 344 3953 ea
367 3891 516 3973 incepti,
553 3890 718 3971 consilio,
755 3891 960 3972 auxilioque
992 3890 1063 3953 suis
1096 3911 1162 3974 pro
1194 3889 1287 3952 virili
1318 3890 1512 3952 assisteret.

234 3999 423 4062 Crederem
454 4019 522 4080 ego
552 4001 640 4062 haec
664 3998 789 4061 brevia
813 4019 882 4061 non
909 3998 995 4060 nihil
1025 3998 1109 4060 boni
1138 4007 1344 4079 operatura:
1371 3997 1415 4057 de
1439 3995 1513 4076 qui-

231 4109 298 4168 bus
333 4115 451 4167 tamen
487 4105 554 4167 1)*ίο
582 4105 625 4169 V.
664 4125 729 4187 pro
765 4104 937 4167 arbitratu
972 4104 1057 4166 Rmi
1093 4104 1163 4166 Dni
1202 4105 1270 4167 mei
1302 4102 1438 4166 Datarii
1476 4119 1514 4164 et

233 4233 296 4274 suo
321 4211 439 4276 faciet.
486 4211 573 4274 Mihi
599 4222 653 4274 sat
682 4222 735 4274 est
765 4211 991 4274 admonuisse
1022 4214 1067 4274 de
1100 4231 1144 4273 eo
1180 4212 1276 4292 quod
1308 4209 1389 4272 mihi
1428 4229 1512 4272 con·

234 4319 354 4382 venire
378 4318 566 4384 videretur.
592 4367 651 4383 ...

323 4443 447 4505 Leodii
472 4442 606 4504 XXVI
630 4442 796 4506 Octobris
826 4463 918 4522 1525.
