3425 5700
809 517 1038 574 ο44164114

283 688 322 730 se
344 670 392 731 ha
414 663 505 730 fatto
529 683 734 747 surrogare,
767 667 802 728 di
827 666 986 730 maniera
1009 667 1075 730 che
1098 667 1329 748 procedendo
1353 665 1388 729 in
1412 687 1520 729 causa
1542 686 1563 728 a

282 776 317 836 la
350 775 539 857 gagliarda
571 783 607 836 et
637 773 738 856 quasi
770 794 876 836 senza
906 783 1087 836 contrasto
1118 775 1165 836 ha
1189 783 1350 836 ottenuto
1375 776 1409 837 le
1437 777 1562 836 lettere

283 881 515 944 executoriali
539 901 606 944 con
632 883 664 943 le
689 900 839 944 censure
864 891 990 942 contra
1013 881 1191 963 chiunque
1215 901 1410 963 occupasse
1434 883 1469 944 13
1485 902 1560 964 pos·

282 989 439 1052 sessione
463 1008 552 1068 ece,
584 997 621 1050 et
643 988 777 1069 perche
801 987 830 1049 si
853 988 1048 1050 intendeva
1071 991 1180 1052 molto
1204 991 1313 1068 bene,
1337 990 1404 1051 che
1427 991 1463 1050 la
1485 1008 1562 1070 pos·

283 1097 440 1160 sessione
465 1095 501 1158 di
524 1097 559 1158 la
583 1094 808 1178 prepositura
825 1117 887 1158 era
902 1105 995 1158 stata
1011 1116 1117 1177 presa
1134 1107 1228 1159 sotto
1246 1117 1349 1158 nome
1367 1095 1447 1176 mio,
1470 1116 1563 1176 poco

282 1201 403 1266 avanti
427 1203 472 1266 mi
498 1203 535 1265 fu
559 1203 726 1264 mandato
751 1203 804 1264 sin
829 1203 864 1264 in
891 1223 1031 1266 camera
1055 1223 1100 1266 un
1118 1203 1271 1266 Cursore
1293 1225 1314 1267 a
1329 1201 1563 1265 denuntiarmi

281 1312 316 1372 la
346 1309 601 1372 scommunica:
634 1312 668 1372 13
700 1312 782 1392 qual
817 1329 901 1373 cosa
933 1311 1133 1373 essendorni
1166 1331 1268 1392 parsa
1304 1312 1412 1373 molto
1444 1321 1564 1372 strana

283 1428 317 1478 et
349 1419 457 1480 molto
483 1437 593 1496 nova,
628 1426 663 1478 et
687 1436 757 1478 non
783 1417 937 1480 volendo
963 1437 1029 1498 per
1051 1420 1154 1480 alcun
1179 1418 1285 1480 modo
1310 1417 1470 1480 lassarmi
1495 1437 1562 1478 ma-

282 1527 380 1586 cular
404 1527 448 1585 de
472 1524 563 1586 simil
588 1523 757 1602 macchia,
782 1524 906 1606 pigliai
931 1524 1062 1605 partito
1088 1526 1123 1586 di
1147 1525 1370 1605 remediarvi,
1395 1545 1433 1586 se
1454 1544 1561 1586 reme-

282 1631 358 1694 diar
383 1631 413 1692 si
436 1651 582 1712 possea:
607 1631 750 1692 tandem
775 1641 879 1711 posta
903 1632 938 1693 la
955 1651 1039 1693 cosa
1054 1631 1090 1693 in
1107 1633 1342 1694 consultation
1359 1633 1404 1694 de
1420 1632 1443 1692 li
1460 1629 1562 1712 primi

282 1750 318 1800 et
350 1739 410 1820 piu
442 1738 633 1800 excellenti
666 1737 831 1800 advocati
864 1737 899 1799 di
932 1748 1058 1819 questa
1082 1739 1205 1816 Corte,
1239 1752 1273 1802 et
1298 1737 1503 1802 nominatim
1528 1737 1562 1799 di

282 1845 420 1908 Messer
444 1846 587 1926 Angelo
612 1846 657 1908 de
683 1845 797 1926 Cesis,
832 1857 868 1907 et
892 1845 1117 1908 considerata
1140 1849 1232 1909 bene
1258 1849 1291 1909 la
1315 1845 1478 1923 materia,
1514 1844 1564 1907 fui

282 1953 494 2033 consigliato
527 1973 547 2014 a
575 1953 696 2016 eieder
728 1974 748 2015 a
772 1955 805 2014 le
829 1953 956 2033 ragion
980 1963 1118 2032 nostre,
1149 1965 1282 2034 quanto
1315 1954 1361 2015 ad
1385 1973 1563 2033 possesso·

281 2061 369 2123 rium
401 2080 467 2122 con
501 2059 712 2122 reservarmi
746 2059 832 2142 ogni
865 2062 1066 2141 qualunque
1104 2060 1230 2142 ragion
1270 2061 1305 2122 io
1345 2064 1496 2122 havesse
1528 2059 1562 2120 in

281 2167 448 2250 petitorio
481 2177 547 2230 etc.
582 2177 617 2229 et
649 2165 721 2228 cosi
755 2169 801 2228 ho
833 2165 924 2228 fatto
956 2167 1230 2230 sforzatamente
1255 2177 1290 2230 et
1314 2167 1350 2229 di
1374 2166 1565 2229 malissima

281 2275 418 2356 voglia:
456 2294 512 2336 ma
545 2294 614 2336 non
648 2285 780 2353 poteva
812 2273 869 2335 far
901 2274 1012 2348 altro;
1049 2276 1149 2336 salvo
1184 2295 1221 2336 se
1249 2274 1283 2336 io
1311 2295 1382 2336 non
1411 2275 1564 2336 havesse

282 2385 403 2444 voluto
435 2393 585 2444 mostrar
617 2401 636 2441 a
669 2383 773 2442 tuttol
800 2382 929 2443 mondo
959 2381 995 2442 di
1020 2402 1117 2444 esser
1146 2382 1253 2444 homo
1282 2382 1436 2444 ostinato
1461 2401 1505 2442 ne
1529 2383 1565 2442 la

282 2487 486 2570 ingiustitia,
514 2502 548 2550 et
572 2488 596 2549 il
621 2490 725 2568 quale
749 2508 819 2550 non
845 2509 989 2551 curasse
1014 2509 1059 2551 ne
1085 2489 1120 2550 di
1143 2489 1295 2552 l’honor
1317 2509 1362 2550 ne
1380 2489 1413 2550 di
1431 2490 1466 2550 13
1482 2507 1564 2548 con-

282 2597 430 2658 scientia
454 2595 539 2658 mia:
574 2615 613 2656 se
637 2595 717 2657 altri
741 2614 809 2657 non
837 2606 978 2658 temeno
1003 2597 1036 2658 le
1061 2617 1227 2676 censure,
1252 2617 1273 2657 a
1298 2617 1353 2657 me
1378 2614 1519 2676 sempre
1545 2593 1564 2654 ὲ

281 2724 388 2784 parso
420 2703 466 2764 da
497 2703 661 2781 temerle,
697 2703 732 2764 la
765 2701 903 2764 cession
939 2701 958 2764 e
992 2714 1085 2764 stata
1108 2702 1205 2764 facta
1228 2702 1367 2783 precise
1392 2723 1413 2763 a
1431 2712 1565 2786 ¹questo

282 2812 387 2873 niodo
412 2807 707 2891 simplicemente;
741 2829 806 2891 per
832 2809 854 2871 il
880 2821 1045 2890 respecto
1070 2812 1136 2873 che
1162 2809 1205 2872 V.
1230 2828 1264 2890 p.
1290 2810 1336 2871 ha
1360 2809 1493 2888 intes0,
1529 2818 1566 2869 et

282 2916 414 2999 perche
447 2915 554 2979 infine
585 2936 656 2978 non
681 2936 719 2978 se
743 2918 790 2979 ha
813 2929 961 2997 possuto
986 2918 1041 2979 far
1065 2919 1165 2979 altro.
1213 2917 1258 2979 Et
1280 2917 1315 2978 in
1341 2925 1467 2997 questo
1492 2934 1565 2976 non

282 3025 314 3085 v’
339 3025 358 3087 e
383 3034 475 3086 stata
500 3044 544 3085 ne
567 3023 814 3105 intelligentia,
839 3045 884 3087 ne
908 3025 1072 3104 accord0,
1097 3046 1142 3087 ne
1162 3033 1337 3104 consert0,
1363 3044 1408 3087 ne
1424 3022 1565 3106 pratica

282 3152 326 3193 ne
360 3130 616 3210 conventione,
653 3151 697 3193 ne
731 3150 798 3211 pur
829 3152 900 3193 una
931 3135 1056 3212 parola
1086 3151 1154 3194 eon
1178 3132 1200 3193 l’
1215 3132 1440 3195 adversario:
1477 3149 1566 3211 veg-

281 3238 395 3317 giansi
422 3237 444 3299 li
468 3236 538 3300 acti
555 3237 600 3299 de
617 3240 651 3299 la
669 3257 775 3300 causa
791 3247 827 3300 et
843 3238 1018 3301 trovarasi
1034 3240 1069 3301 13
1084 3239 1196 3301 verita
1211 3251 1332 3320 presto
1349 3249 1491 3320 prest0;
1516 3238 1566 3299 ho

281 3343 376 3406 facto
410 3345 597 3424 quelche,
629 3364 743 3425 come,
779 3366 815 3423 ο,
850 3345 1039 3409 Cardinale
1064 3366 1100 3417 0.
1134 3367 1289 3427 persona
1312 3345 1495 3426 religiosa,
1531 3364 1566 3423 ο,

281 3454 410 3513 huomo
427 3450 626 3514 Christiano
651 3472 722 3513 non
747 3460 879 3531 potevo
903 3452 1056 3534 fuggire.
1090 3452 1151 3515 Ma
1175 3475 1213 3516 se
1238 3454 1284 3516 ho
1309 3474 1410 3515 cesso
1434 3453 1566 3515 alcuna

282 3557 423 3638 ragion,
457 3560 504 3620 ho
529 3578 630 3621 cesso
655 3560 774 3640 quella
797 3558 924 3641 ragion
949 3562 1016 3623 che
1041 3580 1110 3622 non
1135 3580 1196 3622 era
1220 3562 1254 3622 13
1278 3569 1416 3622 nostra:
1453 3581 1492 3622 se
1516 3558 1567 3621 mi

281 3668 326 3727 ho
352 3675 534 3757 reservato
559 3666 686 3747 ragion
710 3666 856 3746 alcuna,
891 3686 992 3731 corne
1016 3667 1051 3729 in
1077 3666 1201 3731 effetto
1224 3668 1271 3731 mi
1294 3669 1342 3729 ho
1366 3676 1567 3746 reservate,

281 3770 326 3833 mi
358 3774 404 3834 ho
438 3784 620 3835 reservato
652 3773 771 3853 quello
805 3774 871 3835 che
900 3774 918 3835 ὲ
953 3784 1091 3847 nostro;
1125 3794 1163 3837 se
1188 3793 1296 3855 sopra
1319 3783 1445 3855 questo
1470 3793 1567 3854 capo

281 3878 549 3960 l'Armastorph
568 3880 671 3942 verra
689 3880 840 3961 litigare,
864 3880 899 3942 io
924 3900 988 3943 son
1013 3901 1078 3964 per
1101 3892 1228 3944 metter
1243 3890 1376 3963 quanto
1392 3880 1427 3942 io
1440 3880 1567 3962 vaglio

281 3996 317 4049 et
347 4006 454 4067 posso
485 3986 521 4048 in
545 3995 670 4068 questa
694 3999 792 4049 corte
816 3987 851 4047 in
876 3988 980 4051 favor
1004 4008 1085 4050 suo:
1119 3999 1155 4051 et
1177 3988 1292 4051 farolo
1318 3998 1417 4051 tanto
1441 3989 1567 4050 volen-

280 4094 348 4158 tier
372 4104 407 4158 et
431 4094 466 4155 di
490 4103 590 4156 tanto
615 4096 710 4157 bono
735 4092 863 4171 anim0,
889 4114 989 4158 come
1013 4095 1039 4157 s’
1053 4095 1087 4157 io
1111 4094 1241 4158 facessi
1265 4116 1329 4177 per
1354 4116 1410 4157 me
1434 4105 1567 4159 stesso.

280 4202 421 4265 Havete
446 4200 560 4263 inteso
585 4220 650 4281 per
674 4194 925 4264 ordine'come
949 4201 968 4263 ὲ
992 4214 1137 4285 passata
1161 4204 1195 4264 la
1218 4223 1313 4265 cosa.
1360 4203 1476 4265 Resta
1496 4204 1568 4265 che

281 4330 301 4373 a
332 4309 438 4391 pieno
463 4329 506 4371 ne
531 4308 755 4389 reguagliate
779 4308 814 4369 la
838 4308 993 4371 Cesarea
1016 4309 1170 4392 Maesta,
1203 4320 1239 4372 et
1264 4309 1568 4372 medesmamente

281 4417 301 4478 l'
319 4416 574 4497 Armastorph,
613 4427 649 4477 et
671 4416 815 4478 vediate
839 4437 907 4477 con
935 4417 960 4478 li
990 4416 1102 4479 vostri
1131 4416 1254 4498 optimi
1280 4429 1314 4478 et
1338 4416 1568 4498 gentilissimi

281 4524 375 4585 modi
407 4522 442 4585 di
475 4524 708 4603 persuaderla
733 4544 753 4584 a
777 4524 925 4585 credere
950 4544 1049 4586 esser
1073 4522 1163 4602 cosi,
1197 4543 1297 4585 come
1321 4522 1341 4585 ὲ
1365 4523 1401 4585 in
1427 4522 1568 4602 effetto,

281 4640 317 4693 et
336 4650 405 4693 non
424 4632 653 4692 altramente:
678 4639 714 4693 et
738 4650 775 4692 se
799 4650 866 4711 per
889 4631 959 4693 mia
980 4633 1074 4693 mala
1090 4639 1184 4693 sorte
1202 4630 1275 4693 Sua
1291 4630 1441 4709 Maesta,
1461 4650 1568 4695 come

281 4738 541 4801 sinistramente
566 4736 769 4817 informata,
801 4737 898 4800 forse
923 4758 961 4800 se
984 4738 1082 4801 fusse
1106 4738 1141 4801 in
1166 4740 1317 4820 qualche
1339 4739 1445 4801 modo
1461 4758 1568 4801 scan-

281 4844 433 4907 dalizata
457 4845 501 4906 de
527 4844 610 4906 facti
636 4845 714 4925 mei,
740 4845 774 4905 vi
798 4864 914 4927 prego
939 4846 1328 4927 diligentissimamente
1353 4867 1374 4907 a
1389 4845 1569 4911 sforzarvi
