3425 5700
811 577 869 627 0‘52
909 579 961 633 176
999 576 1056 630 i'.>-0

384 722 461 805 Que
485 725 568 786 dum
599 724 648 786 sic
673 723 800 787 fierent
824 734 860 787 et
885 735 1094 806 agerentur,
1131 724 1307 788 Caesarea
1331 722 1443 788 Sacra
1466 724 1567 805 Maje-

295 841 368 893 stas
392 832 508 893 subito
522 832 724 894 Electorum
748 832 901 894 omnium
918 853 958 894 ac
977 832 1135 912 aliorum,
1158 842 1229 894 tam
1255 831 1570 894 ecclesiasticorum

295 958 400 1019 quam
415 939 626 1001 secularium
644 938 847 1020 Principum
873 948 908 1001 et
923 938 1060 1021 imperii
1080 939 1252 1019 ordinum,
1278 960 1407 1021 magno
1427 960 1570 1003 numero

295 1046 496 1127 astantium,
509 1055 700 1108 contracto
714 1045 903 1126 consili0¹),
916 1066 981 1127 per
992 1056 1221 1109 memoratum
1231 1046 1404 1126 Joannem
1416 1046 1460 1107 de
1471 1045 1570 1123 Acie,

293 1152 516 1235 perbenigne
547 1153 717 1234 imprimis
756 1174 834 1216 eum
875 1162 910 1215 et
944 1152 1071 1216 leniter
1110 1152 1337 1215 comonefieri
1369 1150 1497 1231 voluit,
1535 1162 1571 1213 ut

294 1258 362 1322 sibi
397 1269 480 1322 ante
516 1261 637 1323 oculos
672 1271 890 1341 preponeret
927 1260 1094 1323 unitatem
1137 1269 1283 1322 sanctae
1325 1260 1499 1322 catholice
1537 1271 1573 1322 et

296 1367 526 1448 Apostolicae
556 1367 757 1447 Ecclesiae,
791 1388 1009 1430 communem
1041 1366 1237 1449 reipublice
1265 1367 1455 1431 christiane
1479 1376 1572 1429 tran·

295 1474 504 1557 quillitatem
520 1482 555 1536 et
570 1474 735 1556 quietem,
752 1484 787 1537 et
802 1496 848 1537 ne
865 1496 969 1555 quam
985 1476 1175 1556 suspicere,
1191 1475 1355 1537 venerari
1371 1484 1407 1537 et
1422 1476 1571 1536 adorare

294 1582 443 1644 deberet
466 1582 627 1644 scindere
643 1589 802 1663 pararet;
828 1582 986 1664 nolitque
1002 1580 1161 1664 opinioni
1176 1602 1238 1644 sue
1254 1581 1395 1644 innixus
1413 1590 1448 1644 et
1463 1581 1572 1643 sacris

293 1688 420 1751 litteris
447 1690 492 1751 ad
520 1709 661 1751 sensum
680 1709 780 1751 suum
797 1688 1006 1769 deturbatiS,
1031 1688 1202 1752 doctrinis
1222 1672 1330 1751 variis
1356 1699 1391 1751 et
1415 1688 1571 1771 peregri-

295 1795 358 1874 nis,
382 1795 606 1877 propriisque
624 1795 1187 1877 adinventionibusinambulans,
1213 1797 1414 1859 universam
1431 1795 1572 1877 religio·

295 1923 375 1966 nem
387 1902 620 1965 Christianam
639 1912 812 1982 evertere,
829 1906 953 1965 orbem
968 1903 1146 1966 concitare
1163 1913 1198 1965 et
1215 1902 1334 1966 infima
1350 1901 1493 1965 summis
1515 1903 1570 1964 mi-

295 2030 405 2089 scere,
431 2018 554 2091 totque
578 2009 656 2091 pias
679 2019 816 2073 mentes
840 2019 876 2071 et
900 2008 1034 2073 animas
1051 2012 1233 2090 seducere,
1258 2010 1573 2091 consideraretque

295 2126 381 2198 quot
395 2116 465 2179 iam
480 2116 787 2179 inextricabilibus
803 2116 875 2178 suis
891 2118 1070 2179 erroribus
1094 2117 1295 2199 involverit,
1320 2138 1410 2198 quos
1428 2116 1573 2179 difficile

296 2224 366 2287 imo
389 2224 607 2305 impossibile
632 2224 699 2286 sibi
723 2224 767 2286 sit
791 2244 928 2286 rursum
962 2224 1161 2305 explicare,
1195 2215 1281 2306 quot
1305 2234 1470 2307 preterea
1494 2245 1573 2286 cum

295 2331 494 2394 indubitato
518 2330 634 2394 anime
658 2352 720 2393 sue
744 2330 903 2413 periculo
922 2340 957 2393 et
970 2331 1158 2413 dispendio
1172 2331 1361 2395 miseriam
1377 2330 1573 2410 seduxerit,

295 2448 330 2499 et
353 2439 398 2500 ad
423 2438 562 2501 inferna
585 2437 801 2518 premiserit;
833 2438 990 2519 velitque
1014 2448 1208 2520 propterea
1231 2438 1441 2520 resipiscere
1467 2447 1503 2500 et
1528 2439 1574 2499 ad

295 2566 358 2607 cor
379 2544 511 2625 redire,
547 2565 687 2608 errores
720 2565 803 2607 suos
831 2564 1029 2626 agnoscere
1054 2553 1088 2607 et
1113 2565 1293 2608 revocare.
1341 2544 1445 2626 Quod
1470 2544 1499 2606 si
1524 2544 1574 2606 fa·

296 2663 393 2714 ceret
417 2653 638 2733 promitteret
661 2652 831 2733 Mejestas
847 2673 911 2714 sua
930 2652 997 2714 sibi
1014 2651 1118 2714 venie
1136 2662 1171 2714 et
1188 2651 1303 2732 gratie
1327 2672 1437 2733 spem,
1462 2672 1573 2733 seque

293 2758 372 2821 illas
396 2762 490 2839 apud
516 2758 782 2821 Sanctissimum
811 2779 876 2842 pro
902 2781 944 2822 eo
977 2758 1082 2821 facile
1114 2760 1357 2829 obtenturum;
1390 2758 1418 2819 si
1448 2766 1574 2819 contra

295 2867 473 2930 erroribus
497 2867 569 2929 suis
593 2867 827 2949 pervicaciter
851 2867 1059 2929 inseverans
1082 2877 1268 2948 paternam
1286 2865 1575 2928 adhortationem

294 2975 481 3037 admittere
505 2995 575 3036 non
600 2974 788 3055 curaverit,
812 2983 885 3036 tum
909 2974 1131 3055 MaJ'estatem
1157 2995 1254 3036 suam
1279 2971 1480 3054 predixisse
1505 2972 1573 3035 sibi

293 3083 403 3161 velle,
437 3101 502 3163 pro
536 3102 579 3144 ea
601 3080 692 3161 fide,
717 3101 787 3162 qua
818 3090 941 3144 sancte
974 3081 1099 3143 Matris
1128 3080 1310 3143 Ecclesiae
1339 3091 1375 3142 et
1406 3079 1575 3160 religioni

294 3187 492 3251 Christiane
516 3188 680 3251 astrictus
704 3196 799 3250 esset
822 3197 858 3250 et
882 3197 1073 3268 teneretur,
1098 3209 1136 3250 se
1161 3189 1235 3249 eius
1261 3197 1295 3249 et
1320 3196 1442 3260 sancte
1467 3185 1574 3248 Sedis

295 3295 526 3378 Apostolicae
543 3296 765 3377 Majestatem
781 3315 846 3377 pro
871 3294 1006 3357 iuribus
1030 3293 1268 3356 defensurum.
1315 3293 1360 3355 Et
1383 3313 1452 3374 que
1477 3303 1573 3376 post·

294 3403 435 3465 modum
460 3423 539 3465 eum
563 3422 655 3483 pene
677 3412 712 3464 et
734 3403 837 3480 mala,
863 3412 898 3464 et
922 3401 1000 3484 quis
1021 3422 1100 3464 eum
1126 3401 1242 3464 exitus
1266 3413 1426 3464 maneret
1450 3412 1572 3464 mente

293 3511 505 3574 revolveret.

384 3643 561 3723 Quantum
585 3663 671 3732 vero
695 3644 741 3707 ad
765 3643 1057 3705 deliberationem
1083 3663 1189 3725 super
1218 3644 1332 3706 altera
1359 3641 1574 3724 interrogati

295 3759 397 3833 parte
426 3754 471 3812 ab
497 3771 539 3813 eo
572 3750 738 3831 petitam,
770 3749 932 3832 quamvis
965 3750 1061 3812 illam
1094 3759 1219 3832 petere
1250 3750 1390 3812 minime
1422 3749 1573 3828 licuerit,

294 3867 355 3920 aut
380 3858 502 3919 saltem
528 3857 690 3920 obtinere
714 3878 784 3919 non
811 3867 1015 3936 mereretur,
1040 3866 1175 3918 attenta
1198 3856 1265 3937 rei,
1290 3858 1335 3920 de
1360 3877 1429 3937 qua
1453 3857 1574 3938 agitur

295 3974 420 4026 natura
445 3975 481 4026 et
504 3964 725 4044 conditione,
748 3973 821 4026 tum
847 3964 952 4026 etiam
984 3984 1089 4046 quum
1111 3965 1278 4027 mandato
1303 3961 1465 4026 citatorio
1490 3984 1572 4026 con·

294 4079 349 4132 tra
385 4091 462 4132 eum
497 4071 624 4133 emisso
661 4070 826 4153 specifice
857 4081 893 4132 et
926 4070 1129 4133 nominatim
1161 4071 1332 4133 librorum
1363 4091 1506 4133 suorum
1538 4081 1574 4132 et

295 4185 539 4240 contentorum
563 4178 600 4239 in
624 4177 768 4258 eisdem,
793 4178 985 4259 revocatio,
1009 4197 1074 4260 per
1098 4197 1176 4239 eum
1193 4177 1359 4240 facienda
1383 4177 1499 4240 eidem
1524 4178 1573 4239 in·

294 4284 433 4347 sinuata
457 4284 501 4345 sit
526 4293 562 4346 et
585 4305 773 4366 expressa,
805 4286 897 4347 adeo
922 4285 1017 4365 quod
1041 4283 1110 4346 iam
1134 4285 1265 4346 dudum
1290 4285 1504 4366 presciverit
1527 4286 1573 4347 ad

294 4393 387 4472 quod
418 4400 566 4453 vocatus
599 4403 634 4454 et
665 4393 759 4474 quod
783 4390 851 4453 sibi
875 4391 1052 4472 agendum
1078 4401 1172 4454 esset
1196 4403 1231 4454 et
1255 4413 1329 4454 rem
1346 4403 1418 4455 tam
1434 4391 1573 4474 pericu·

294 4501 405 4560 losam
431 4508 466 4560 et
490 4518 586 4560 more
611 4498 856 4580 impacientem
887 4497 923 4559 in
955 4498 1159 4560 ulteriorem
1190 4499 1395 4562 dilationem
1427 4501 1573 4562 trahere

294 4626 365 4668 non
390 4604 589 4686 expediret,
613 4615 649 4667 et
672 4615 864 4688 propterea
888 4604 1013 4668 merito
1038 4605 1073 4666 in
1099 4607 1166 4668 hoc
1199 4605 1417 4670 deliberatus
1449 4605 1573 4672 venire

296 4783 505 4791 ———

325 4890 344 4963 ι)
363 4892 417 4941 Hic
437 4891 590 4943 adnotatur:
613 4892 698 4955 ,Quid
719 4899 846 4944 aconcio
866 4898 927 4944 tunc
948 4891 1059 4945 consilio
1079 4892 1178 4944 dictum
1199 4893 1284 4954 luerit,
1304 4893 1418 4942 nescio.“
