3425 5700
654 555 712 615 0<3
751 556 786 611 tto
825 552 883 609 aa

144 700 281 765 Martino
305 699 417 775 favet;
442 705 596 785 populus
621 705 715 768 enim
738 707 872 768 vultum
903 714 938 767 et
970 714 1122 769 mentem
1149 704 1325 788 Principis
1358 724 1408 769 re-

144 809 244 891 spicit:
290 809 336 872 Et
360 814 410 892 (ut
434 810 519 873 dicit
543 811 782 892 Herodianus)
806 814 922 874 solent
946 811 1077 874 subditi
1103 812 1210 875 vitam
1234 813 1410 895 Principis

144 918 308 982 aemulari.
554 912 557 919 ’
871 998 873 1003 Ι

219 1024 336 1087 Habet
359 1034 547 1105 praeterea
571 1026 803 1107 consiliarios,
828 1037 864 1088 et
880 1026 1158 1107 praedicatores
1183 1028 1243 1109 qui
1261 1028 1289 1089 si
1303 1048 1409 1109 quan-

144 1141 204 1192 tum
232 1130 329 1213 prius
358 1132 514 1194 Martino
546 1132 733 1212 favebant,
767 1154 859 1196 nunc
891 1134 994 1197 aliter
1024 1135 1158 1215 populo
1192 1137 1409 1216 persuadere

144 1238 303 1319 studeant,
328 1238 518 1322 dicantque
542 1259 612 1301 non
638 1252 783 1322 putasse
801 1262 839 1303 se
855 1240 1032 1323 principio
1049 1252 1183 1304 tantam
1200 1242 1409 1305 seditionem

145 1353 173 1405 et
198 1344 345 1408 schisma
376 1346 521 1409 existis
546 1347 846 1429 disputationibus
871 1347 1056 1427 orituram,
1088 1358 1184 1411 certe
1211 1348 1329 1411 omnia
1352 1350 1410 1411 vel

143 1448 233 1513 facile
255 1454 484 1515 sedabuntur.

220 1559 381 1623 Addatur
405 1562 511 1625 etiam
537 1563 632 1645 quod
648 1562 822 1624 Martinus
847 1562 970 1624 scribit
983 1561 1260 1625 illustrissimum
1273 1562 1409 1625 Ducem

143 1662 324 1729 Fridricum
348 1689 427 1731 cum
452 1678 527 1731 tota
551 1690 615 1731 sua
638 1670 719 1731 aula
745 1669 812 1731 sibi
832 1669 975 1731 favere:
1002 1672 1096 1750 quod
1112 1669 1142 1730 si
1158 1678 1222 1749 est,
1248 1678 1410 1732 cessante

144 1772 195 1832 tali
217 1773 349 1853 favore,
379 1778 534 1842 cessabit
558 1776 664 1839 etiam
688 1776 839 1839 hominis
864 1775 1070 1856 petulantia.
1119 1774 1269 1858 Scripsit
1293 1786 1410 1839 autem

143 1878 199 1939 hoc
221 1881 394 1946 Martinus
418 1885 462 1946 ad
490 1884 634 1947 Crotum
658 1882 899 1946 Erfordiensis
924 1883 1141 1945 Academiae
1166 1893 1351 1947 rectorem.

220 1988 258 2050 ln
283 1991 472 2070 postremis
496 1991 635 2053 dicatur
659 1991 795 2053 animus
820 1990 995 2070 CaesariS,
1027 2011 1131 2072 quem
1156 1992 1351 2054 declaravit
1374 1992 1409 2054 in

144 2094 276 2157 consilio
307 2117 448 2159 suarum
479 2099 662 2160 nationum
693 2098 815 2160 habito
840 2098 897 2159 die
923 2096 1071 2163 XXIX.
1119 2098 1342 2161 Decembris:
1376 2109 1412 2160 et

143 2198 347 2279 significetur
379 2224 457 2266 eum
489 2224 555 2286 pro
580 2226 644 2271 sua
667 2206 801 2285 pietate
826 2216 862 2266 et
885 2204 1059 2287 religione
1084 2205 1190 2267 etiam
1212 2206 1411 2287 juramento

144 2316 174 2366 et
193 2308 383 2391 imperialis
408 2312 601 2391 Dignitatis
626 2312 755 2392 officio,
780 2332 850 2393 quo
876 2313 1072 2374 advocatus
1096 2322 1150 2375 est
1174 2327 1319 2375 sanctae
1338 2312 1411 2375 Ro-

143 2432 256 2479 manae
286 2428 321 2481 et
351 2418 563 2482 universalis
586 2418 784 2498 Ecclesiae,
819 2430 853 2480 et
885 2418 1042 2481 debitum
1074 2421 1244 2482 honorem
1277 2440 1411 2483 summo

144 2518 294 2585 Pontifici
325 2526 503 2606 promisit,
536 2547 607 2589 non
638 2546 842 2607 passurum,
875 2535 913 2587 ut
943 2526 1011 2588 ista
1042 2526 1126 2587 talia
1159 2546 1222 2589 suo
1251 2536 1411 2607 tempore

142 2641 194 2689 aut
215 2632 436 2715 suscitentur,
461 2644 522 2696 aut
546 2635 751 2715 perdurent,
784 2645 819 2695 et
843 2633 877 2695 in
902 2634 970 2694 hoc
996 2632 1198 2695 decrevisse
1223 2653 1338 2715 neque
1362 2633 1410 2695 fa-

142 2738 320 2801 cultatibus
346 2759 411 2803 nec
435 2741 603 2821 propriae
628 2760 805 2821 personae
829 2759 989 2822 parcere.

220 2848 397 2910 Advertat
427 2849 570 2911 tandem
596 2846 854 2910 illustrissimus
882 2848 962 2908 Dux
989 2846 1138 2927 imperia
1163 2857 1198 2910 et
1221 2867 1334 2928 regna
1358 2846 1413 2910 his

142 2953 350 3030 potissimum
375 2956 511 3018 artibus
536 2955 752 3034 conservari,
776 2955 903 3035 quibus
919 2965 1022 3035 parta
1037 2965 1127 3033 sunt,
1153 2964 1188 3015 et
1206 2953 1309 3016 sicuti
1326 2953 1410 3016 Ger·

143 3061 226 3121 mani
250 3061 404 3125 favendo
420 3062 602 3125 Ecclesiae
617 3062 804 3124 Romanae
827 3061 966 3142 imperii
982 3061 1102 3123 titulos
1118 3071 1154 3122 et
1168 3061 1412 3124 electoriatum

142 3169 410 3250 acquisiverunt,
440 3169 490 3232 ita
520 3179 671 3232 caveant
702 3168 751 3230 illi
784 3169 843 3250 qui
872 3172 917 3258 ab
943 3170 1068 3230 eadem
1092 3167 1253 3230 Ecclesia
1278 3169 1410 3230 dissen-

142 3271 224 3336 tiunt
246 3286 280 3339 et
302 3298 382 3339 eam
407 3285 588 3358 spernunt,
613 3296 657 3338 ne
680 3276 757 3338 istis
781 3276 1015 3357 dignitatibus
1041 3286 1076 3336 et
1093 3276 1159 3336 l')ei
1181 3285 1216 3338 et
1233 3275 1413 3338 hominum

139 3379 259 3456 judicio
282 3383 422 3464 indigni
446 3383 644 3462 videantur,
670 3394 705 3445 et
729 3393 952 3447 censeantur.

223 3491 310 3553 lllud
347 3492 453 3554 etiam
490 3491 525 3552 in
562 3498 744 3571 comperto
777 3491 909 3553 habeat
942 3489 1130 3552 Caesarem
1166 3488 1304 3551 interim
1342 3511 1410 3551 non

144 3608 347 3661 cessaturum
380 3620 403 3660 a
440 3598 681 3661 destructione
716 3611 752 3660 et
782 3598 1031 3678 persecutione
1062 3596 1208 3658 istorum
1241 3596 1411 3659 librorum

144 3717 182 3761 eo
204 3714 408 3786 argumento
433 3707 529 3786 quod
554 3725 695 3786 semper
718 3705 791 3766 dux
806 3707 951 3785 allegat,
976 3705 1086 3766 libros
1104 3703 1211 3765 fuisse
1227 3704 1413 3765 damnatos

143 3825 207 3870 non
234 3812 353 3874 audito
381 3813 566 3893 scriptore.
614 3811 719 3892 Quod
744 3813 795 3893 (ut
818 3808 1095 3895 supradiximus)
1120 3831 1189 3872 non
1215 3820 1269 3871 est
1293 3830 1410 3872 neccs-

143 3915 269 4000 sarium,
294 3930 355 3982 aut
378 3919 605 3998 rationabile,
640 3940 720 3980 nam
743 3918 919 3980 Martinus
943 3918 978 3980 in
1003 3918 1076 3979 suis
1100 3916 1240 3997 scriptis
1264 3937 1334 3979 non
1359 3937 1408 3978 so-

144 4020 209 4085 lum
235 4027 517 4106 evidentissime,
552 4026 646 4106 quod
680 4024 787 4087 sentit
820 4025 991 4106 loquitur,
1023 4033 1059 4086 et
1091 4042 1179 4104 quas
1209 4032 1311 4102 putat
1334 4023 1411 4103 ipso

144 4130 366 4197 validissimas
396 4135 553 4197 rationes
576 4133 739 4212 adducit,
769 4151 893 4194 verum
918 4132 1023 4194 etiam
1048 4131 1293 4193 resolutoriam
1320 4151 1410 4192 com-

145 4239 260 4319 posuit,
283 4239 319 4302 in
345 4261 415 4322 quo
439 4261 478 4303 se
500 4239 551 4302 ita
575 4239 706 4302 sentire
730 4240 840 4301 multo
867 4237 971 4301 etiam
996 4237 1217 4300 manifestius
1242 4239 1410 4299 declarat.

225 4345 322 4426 Quod
361 4346 390 4408 si
425 4345 689 4427 propositiones
723 4348 840 4410 nudae
877 4357 1012 4426 essent,
1049 4344 1154 4407 nullis
1188 4345 1412 4426 argumentis

147 4455 395 4534 corroboratae,
420 4456 477 4515 vel
502 4452 595 4515 forte
619 4453 763 4516 fortuna
783 4464 901 4515 essent
911 4452 1115 4532 ambiguae,
1141 4461 1223 4514 tunc
1240 4451 1411 4532 loquendi

147 4554 277 4621 daretur
299 4561 413 4642 copia,
438 4570 476 4623 ut
499 4561 595 4642 quod
612 4563 800 4623 obscurum
818 4571 923 4640 esset,
948 4559 1135 4622 dilucidius
1153 4570 1410 4641 exponeretur:

147 4662 202 4722 ubi
218 4685 297 4730 vero
313 4689 367 4749 ea,
392 4687 483 4749 quae
506 4669 693 4730 traduntur
716 4678 851 4750 aperte,
877 4669 923 4729 ab
940 4688 1004 4730 usu
1019 4666 1200 4728 Ecclesiae
1225 4669 1408 4746 recedunt,

149 4787 189 4829 ea
214 4791 272 4852 per
300 4795 338 4839 se
369 4777 428 4837 vel
456 4775 571 4858 primo
603 4785 751 4856 aspectu
782 4786 863 4837 sunt
895 4776 1139 4838 condemnata.
1189 4771 1247 4836 Sic
1273 4794 1411 4836 errores

148 4878 251 4958 multi,
274 4883 531 4965 opinionesque
554 4893 591 4946 et
614 4885 801 4964 haereses,
834 4904 855 4945 a
880 4881 1031 4944 Summis
1055 4880 1298 4963 Pontificibus,
1323 4880 1410 4944 Con-
