3425 5700
829 558 1076 615 ednotus

313 712 348 765 et
372 724 410 765 se
434 725 503 766 non
529 704 575 766 mi
599 704 756 786 inganno
782 706 927 787 (perche
951 726 1020 767 non
1045 706 1090 767 ho
1107 706 1192 768 dato
1210 726 1334 769 senon
1351 728 1421 769 una
1437 707 1583 787 ocbiata)

313 811 509 893 epeggior
533 812 626 875 assai
650 816 716 876 che
740 812 885 876 Luther.
931 813 971 874 In
995 813 1044 874 tal
1070 814 1174 875 modo
1199 815 1234 875 la
1259 813 1467 894 Germania,
1493 834 1585 876 come

312 918 333 980 l'
359 918 495 982 Affrica
519 940 660 1002 semper
684 919 830 982 monstri
845 919 979 1000 aliquid
1003 921 1071 981 hoc
1095 929 1256 1000 tempore
1281 919 1394 984 affert.
1442 918 1491 983 Se
1516 921 1585 983 dice

312 1045 378 1106 per
400 1037 498 1089 certo
524 1028 589 1089 che
613 1026 673 1108 gid
696 1029 817 1089 hanno
840 1027 932 1089 fatto
968 1026 992 1088 li
1020 1026 1231 1090 Academici
1256 1048 1326 1090 una
1350 1028 1586 1090 coniuratione

312 1132 349 1194 di
373 1134 507 1196 scriver
529 1133 565 1196 in
587 1135 691 1196 ruina
714 1143 846 1213 nostra,
873 1144 908 1195 et
931 1132 1040 1196 fanno
1066 1155 1136 1198 una
1161 1134 1235 1197 vita
1259 1143 1294 1198 et
1317 1136 1401 1198 beni
1417 1136 1587 1199 communi
1682 1136 1683 1171 ³

313 1260 379 1301 con
405 1262 450 1303 un
474 1242 625 1304 simbolo
651 1242 686 1303 di
710 1250 835 1322 questa
858 1242 936 1303 loro
962 1250 1079 1321 secta,
1113 1261 1223 1304 ancor
1246 1244 1312 1306 che
1335 1242 1534 1306 babbitano
1556 1243 1585 1305 in

312 1346 443 1409 diversi
467 1349 600 1430 iuoghi.
648 1350 740 1411 Dall'
765 1349 856 1412 altra
880 1350 1000 1411 banda
1018 1349 1158 1412 Hutten
1184 1371 1250 1413 con
1274 1350 1299 1413 li
1316 1350 1435 1413 Nobili
1451 1351 1481 1413 si
1498 1350 1586 1413 adiu-

312 1463 396 1516 tano
430 1476 508 1517 cum
544 1456 576 1519 el
612 1477 715 1519 nome
747 1458 782 1519 di
804 1458 958 1537 'Luther,
997 1459 1187 1520 tuttavolta
1219 1460 1336 1521 hanno
1362 1458 1498 1520 obietto
1524 1478 1587 1519 non
1683 1524 1684 1541 ,

314 1581 413 1624 come
438 1562 462 1625 li
487 1563 725 1644 Accademici‚
751 1585 807 1627 ma
832 1567 877 1627 de
900 1567 1036 1627 robbar
1060 1565 1083 1626 li
1109 1564 1192 1627 beni
1216 1564 1252 1626 di
1276 1564 1383 1646 preti,
1408 1574 1443 1627 et
1468 1574 1588 1646 questo
1683 1566 1684 1571 ’

315 1667 382 1731 eil
415 1670 469 1730 lor
502 1669 587 1732 final
626 1692 753 1753 scopo,
785 1672 814 1733 si
839 1673 904 1734 che
933 1692 1033 1734 come
1065 1691 1205 1754 sempre
1238 1674 1361 1734 soleno
1393 1672 1414 1733 11
1446 1672 1590 1735 heretici

316 1795 404 1838 sono
431 1776 543 1857 divisi,
578 1779 696 1840 donde
720 1800 836 1860 sper0,
862 1779 926 1841 che
953 1780 1021 1842 Dio
1046 1780 1078 1840 ci
1101 1779 1274 1857 adiutard,
1299 1789 1334 1841 et
1358 1780 1424 1841 che
1448 1781 1588 1842 tandem

314 1883 459 1945 haremo
488 1884 649 1959 vittoria;
684 1885 819 1968 purchd
854 1907 876 1949 a
901 1886 1019 1949 Roma
1056 1906 1099 1948 ne
1136 1886 1308 1948 forciamo
1341 1894 1375 1947 et
1399 1885 1500 1948 viver
1523 1890 1589 1947 ben
1684 1943 1685 1966 ,

316 2010 381 2070 per
403 1990 546 2053 satisfar
569 2013 590 2053 a
606 1992 686 2072 Dio,
712 2003 747 2055 et
763 1995 944 2073 gobernar
962 1994 1006 2055 de
1023 2004 1129 2073 sorte,
1154 1993 1220 2054 che
1237 1992 1352 2073 questi
1376 1992 1498 2074 populi
1524 2012 1590 2055 non
1684 1976 1685 2011 ¹

314 2096 343 2158 si
367 2098 513 2178 possino
538 2101 712 2161 lamentar
747 2100 783 2161 di
807 2108 934 2181 queste
959 2098 1183 2182 derogationi
1219 2108 1255 2160 et
1278 2119 1422 2161 reserve
1447 2109 1483 2162 et
1507 2110 1590 2162 stor·

315 2204 477 2267 siamenti
503 2207 539 2267 di
564 2207 780 2270 solecitatori
805 2206 840 2268 in
864 2209 898 2269 le
923 2206 1143 2289 expeditioni
1168 2204 1203 2268 di
1228 2208 1305 2268 loro
1330 2206 1451 2269 chiese
1475 2218 1512 2269 et
1537 2210 1591 2268 be·

317 2310 442 2377 neficii.
490 2312 671 2395 Quidquid
701 2315 822 2378 dicant
852 2314 912 2377 alii
946 2314 1003 2377 dei
1035 2316 1147 2377 ander
1178 2314 1214 2377 di
1245 2314 1378 2376 Luther
1412 2313 1445 2375 in
1472 2312 1592 2392 Dacia,

316 2440 337 2481 o
361 2418 395 2480 in
421 2420 614 2502 Bohemia,
647 2421 681 2483 io
706 2424 832 2502 credo,
856 2424 923 2484 che
948 2422 995 2484 lui
1031 2420 1125 2483 stari
1162 2420 1196 2481 in
1222 2419 1502 2501 Wittembergh‚
1538 2420 1592 2481 vel
1685 2402 1686 2491 i

315 2528 441 2589 saltem
478 2527 513 2589 di
545 2536 674 2609 saputa
708 2539 847 2592 secreta
883 2529 931 2591 dil
956 2530 1058 2590 Duca
1082 2526 1227 2589 Saxone
1262 2526 1297 2588 in
1322 2528 1356 2589 le
1379 2527 1534 2589 fortezze
1559 2525 1593 2587 di
1685 2526 1686 2545 ³

316 2635 432 2715 questi
456 2635 593 2716 Nobili,
631 2649 667 2698 et
700 2636 841 2699 interim
873 2655 1014 2717 sempre
1037 2632 1233 2716 procedere
1269 2636 1303 2697 la
1327 2653 1390 2695 sua
1414 2634 1537 2695 schola
1561 2632 1594 2694 in

317 2740 585 2826 Witembergh;
622 2744 753 2826 perche
779 2752 905 2824 questo
930 2744 1031 2805 Duca
1056 2744 1073 2805 d
1099 2742 1172 2804 cosi
1197 2750 1366 2821 ventoso,
1399 2742 1464 2803 che
1489 2738 1595 2803 vorrd

316 2849 376 2931 piu
401 2861 522 2932 presto
555 2853 687 2933 perdet
710 2850 732 2914 l'
745 2852 864 2914 anima
897 2850 933 2912 di
956 2871 994 2912 se
1025 2859 1061 2912 ct
1085 2849 1165 2911 tutti
1189 2848 1218 2911 e’
1245 2848 1338 2929 suoi,
1375 2850 1441 2911 che
1464 2848 1595 2931 perder

318 2968 443 3038 questa
465 2979 575 3022 ancor
599 2962 665 3022 che
690 2980 783 3022 vana
808 2969 844 3022 et
867 2958 1022 3039 pessima
1046 2956 1179 3039 gloria,
1207 2967 1306 3019 tanto
1330 2955 1389 3038 piir
1414 2956 1548 3038 perche
1572 2953 1596 3016 11
1686 2941 1687 2960 ’

231 3087 235 3095 ’
317 3065 511 3128 Lutberani
535 3067 653 3128 banno
684 3066 758 3129 cosi
787 3065 982 3128 infrascato
1014 3064 1037 3126 11
1070 3085 1160 3145 capo
1190 3085 1211 3125 a
1243 3066 1342 3125 detto
1375 3063 1493 3142 Duca,
1528 3063 1593 3124 che

316 3192 404 3252 pare
429 3174 507 3235 chel
532 3174 639 3253 credi,
665 3175 730 3236 che
756 3184 883 3254 questa
906 3172 948 3235 sii
963 3173 997 3234 la
1015 3192 1100 3234 vera
1116 3171 1199 3233 fede
1215 3170 1411 3250 Catholica,
1436 3179 1472 3232 et
1495 3189 1596 3232 come

318 3278 363 3342 mi
387 3282 433 3342 ha
457 3282 555 3342 detto
579 3282 600 3342 1’
615 3283 743 3342 elettor
764 3281 925 3360 Joachim
950 3300 1030 3342 esso
1049 3281 1149 3340 Duca
1172 3278 1196 3340 li
1222 3277 1315 3339 disse
1340 3277 1471 3359 parerli
1487 3278 1596 3338 molto

317 3388 364 3449 da
388 3408 517 3468 nuOVO,
552 3391 617 3451 che
643 3390 677 3451 la
701 3388 784 3451 fede
809 3397 932 3451 nostra
955 3385 1077 3448 habbii
1101 3395 1263 3448 mancato
1292 3393 1392 3446 tanto
1416 3393 1536 3465 tempo
1561 3382 1597 3444 di

318 3503 444 3575 questo
469 3496 579 3574 iume,
604 3497 670 3557 che
694 3497 740 3557 ha
764 3504 890 3575 aperto
914 3493 1080 3571 Martin0,
1105 3492 1140 3554 in
1165 3512 1234 3573 quo
1260 3491 1330 3553 vivi
1354 3491 1596 3571 pervenimus;

321 3602 471 3663 Accedit
496 3601 601 3664 etiam
625 3603 865 3679 commodum,
903 3604 968 3664 che
1000 3601 1018 3663 ὲ
1043 3599 1235 3662 bonificato
1261 3600 1379 3680 quello
1404 3619 1467 3660 suo
1493 3600 1598 3660 luoco

318 3708 412 3771 assai
443 3722 478 3770 et
511 3730 549 3772 re
580 3719 615 3770 et
647 3709 788 3771 nomine
819 3729 885 3792 per
918 3718 1044 3790 questa
1067 3707 1202 3792 paccia.
1249 3707 1456 3768 ‘l'uttavolta
1480 3725 1598 3788 sper0,

318 3817 384 3877 che
408 3817 551 3878 tandem
576 3818 649 3878 luet
672 3837 825 3897 poenas,
850 3817 894 3878 nd
919 3815 943 3878 li
968 3813 1090 3878 valerd
1114 3813 1228 3895 questi
1253 3813 1329 3875 suoi
1353 3813 1501 3894 inganni
1525 3814 1598 3874 vol·

318 3922 403 4003 pini,
428 3924 558 4003 percbd
582 3923 611 3985 si
635 3924 768 4005 piliano
792 3923 851 4006 piri
868 3923 968 4005 volpi
993 3924 1058 3984 che
1083 3921 1166 4004 lupi.
1214 3920 1259 3982 Et
1275 3919 1344 3982 Dio
1367 3921 1506 3983 voiesse
1531 3921 1599 3982 che

319 4049 366 4092 un
391 4028 426 4092 di
451 4051 489 4102 se
513 4033 705 4094 ascoltasse
731 4052 840 4094 ancor
865 4032 897 4093 el
921 4030 990 4093 mio
1015 4030 1061 4092 da
1085 4048 1198 4111 pocco
1216 4027 1409 4108 consegli0,
1436 4030 1501 4090 che
1525 4031 1598 4090 ben

319 4136 418 4200 harei
442 4137 558 4200 animo
583 4149 618 4200 et
642 4158 831 4219 speranza,
861 4138 927 4201 che
952 4158 990 4199 se
1014 4136 1038 4198 li
1062 4137 1239 4217 potrebbe
1262 4136 1391 4197 render
1415 4137 1449 4197 el
1473 4134 1601 4196 merito

319 4267 341 4307 a
365 4247 479 4308 bonor
502 4245 537 4308 di
562 4246 629 4307 Dio
654 4255 690 4308 et
715 4246 910 4309 exaltation
935 4244 971 4307 di
997 4241 1109 4306 Santa
1133 4241 1269 4304 Cbiesa.

409 4353 559 4415 Intendo
593 4353 628 4414 di
660 4353 719 4436 qui
751 4373 848 4416 esser
880 4363 934 4416 sta
958 4350 1081 4414 scritto
1105 4348 1204 4411 costir
1229 4347 1265 4410 di
1288 4348 1343 4409 far
1367 4368 1414 4410 un
1439 4347 1601 4411 exercito

321 4458 439 4541 quiin
464 4457 655 4522 Germania
678 4479 744 4541 per
767 4481 872 4523 nome
897 4460 953 4521 del
979 4457 1101 4533 Cier0,
1133 4465 1169 4517 et
1199 4455 1265 4516 che
1296 4465 1417 4517 nostro
1443 4453 1600 4536 Signore

319 4567 470 4629 intrasse
503 4587 523 4627 a
548 4577 688 4648 questo,
720 4565 830 4629 cbee
861 4587 932 4628 una
965 4563 1102 4644 grande
1121 4561 1362 4638 sciocchezza‚
1394 4561 1599 4643 perdonimi

321 4673 378 4736 chi
402 4675 448 4735 ba
470 4675 602 4736 havuto
627 4675 675 4736 tal
692 4673 870 4755 opinione,
895 4692 960 4753 per
984 4671 1049 4732 che
1075 4679 1200 4750 questo
1224 4668 1479 4749 qualiscunque
1499 4685 1601 4728 exer-

322 4782 411 4844 citus
447 4782 662 4843 cercarebbe
697 4799 762 4861 per
795 4799 833 4842 se
865 4779 1044 4841 medesmo
1076 4774 1131 4838 far
1155 4775 1178 4836 li
1203 4775 1341 4838 tumulti
1366 4794 1433 4855 per
1456 4773 1540 4836 tirar
1566 4776 1602 4835 e]

322 4891 456 4952 denaro
481 4886 517 4950 di
548 4886 664 4967 costd,
695 4888 854 4970 parendo
887 4887 932 4948 de
957 4905 1028 4946 non
1061 4903 1158 4946 esser
1187 4903 1293 4946 senza
1318 4903 1425 4944 causa
1449 4903 1469 4946 o
1494 4899 1604 4943 senza
