3425 5700
696 579 844 650 *salvi
886 581 944 648 aa

176 728 265 801 istos
288 727 318 800 si
342 756 412 802 non
438 734 581 803 omnino
606 739 735 818 sedari,
760 741 885 805 saltem
911 736 1090 823 suspendi,
1116 733 1230 803 donec
1261 729 1385 802 melior
1409 750 1462 801 ta-

176 845 227 908 tio
250 846 399 910 iniretur
423 847 525 911 huius
548 847 643 928 ignis
671 848 920 930 restinguendi
952 849 1082 930 gratia;
1115 849 1208 930 quod
1242 867 1315 927 me,
1347 845 1462 927 gratia

177 952 258 1033 Dei,
283 954 532 1017 adsecuturum
557 975 663 1036 spero
672 1003 681 1034 ,
711 955 741 1016 si
764 966 883 1018 vestra
909 955 1099 1018 Beatitudo
1125 953 1279 1035 alioquin
1305 951 1460 1016 Serenis-

178 1058 256 1121 simi
291 1061 468 1143 Principis
502 1061 717 1124 Archiducis
741 1061 908 1125 Austriae
944 1071 1046 1142 vota,
1088 1073 1123 1123 et
1167 1061 1463 1124 deliberationem

180 1165 257 1229 eius
282 1169 471 1242 adiuverit;
488 1189 594 1251 quum
620 1169 712 1231 enim
737 1179 831 1232 totus
856 1189 1056 1250 propensus
1072 1169 1126 1248 sit,
1152 1181 1188 1230 et
1204 1188 1383 1247 accensus,
1398 1187 1462 1248 pro

179 1275 315 1336 tuendo
340 1274 445 1339 Sedis
468 1276 703 1356 Apostolicae
719 1277 866 1358 honore,
888 1275 1066 1357 totiusque
1082 1275 1313 1339 sacerdotalis
1329 1275 1463 1337 ordinis

177 1382 337 1444 comodis
370 1382 602 1465 adaugendis,
627 1384 722 1446 nullo
756 1403 841 1445 sane
867 1392 951 1464 eget
981 1385 1221 1462 admonitore,
1257 1384 1313 1444 vel
1339 1381 1462 1444 sollici·

179 1499 306 1567 tatere,
331 1499 449 1552 tamen
474 1489 668 1552 videndum
694 1501 763 1568 est,
796 1510 841 1551 ne
874 1490 1000 1552 modus
1032 1489 1147 1552 eidem
1180 1487 1322 1551 deficiat
1346 1509 1462 1550 rerum

178 1595 497 1669 conficiendarum;
524 1617 636 1678 quare
660 1595 925 1659 Beatitudinem
949 1597 1113 1659 Vestram
1139 1606 1236 1658 recte
1260 1594 1387 1658 fecisse
1413 1615 1462 1680 ar-

177 1701 292 1764 bitror
316 1703 409 1782 quod
437 1701 531 1765 Suae
556 1699 749 1766 Serenitati
785 1703 978 1765 subsidium
1003 1703 1231 1784 pecuniarum
1256 1701 1462 1764 mittendum

179 1808 334 1888 duxerit,
358 1809 490 1891 quippe
514 1812 610 1890 quod
634 1810 684 1872 ita
707 1808 863 1872 futurum
886 1830 977 1889 reor,
1002 1823 1040 1871 ut
1064 1809 1157 1871 idem
1185 1809 1371 1891 PrincepS,
1404 1829 1462 1871 au-

177 1914 274 1977 xiliis
298 1917 372 1978 suis
395 1917 551 1997 adiutus,
585 1916 684 1998 prius
709 1937 778 1978 non
804 1917 849 1978 sit
874 1916 1087 1999 provintiam
1112 1919 1330 1996 deserturus,
1356 1935 1461 1997 quam

178 2022 209 2084 si
233 2023 386 2084 Domino
411 2033 590 2086 annuente
615 2033 743 2086 cuncta
774 2024 1030 2104 composuerit,
1061 2033 1096 2087 et
1129 2023 1361 2105 transegerit,
1397 2041 1463 2104 pro

178 2130 316 2192 honore
341 2139 377 2192 et
397 2131 582 2192 commodo
612 2127 717 2192 Sedis
743 2130 976 2211 Apostolicae
1002 2141 1037 2193 et
1054 2129 1325 2193 Ecclesiasticae
1350 2129 1463 2209 digni-

178 2235 280 2316 tatis,
315 2237 411 2317 quod
441 2257 510 2318 ego
542 2247 675 2319 quanto
700 2237 905 2318 diligentius
930 2257 1095 2320 possum,
1131 2247 1169 2298 ut
1197 2246 1302 2299 antea
1331 2235 1461 2314 curavi,

180 2341 232 2405 sic
256 2353 442 2406 curaturus
465 2366 557 2424 sum,
594 2365 711 2425 neque
734 2346 802 2408 hoc
827 2347 939 2408 solum
963 2346 1058 2427 apud
1083 2345 1191 2408 Suam
1217 2345 1463 2423 Serenitatem,

181 2469 305 2512 verum
322 2451 429 2513 etiam
446 2452 541 2533 apud
559 2451 746 2514 Cesaream
761 2455 981 2535 eandemque
996 2452 1215 2515 Catholicam
1229 2451 1463 2530 Maiestatem,

182 2557 359 2637 adquam
383 2578 498 2642 nuper
528 2548 725 2621 destinatus
757 2559 794 2622 in
827 2570 1004 2622 oratorem
1034 2560 1208 2640 Magister
1232 2560 1264 2622 d.
1300 2559 1464 2620 Andreas

185 2663 231 2725 de
252 2663 376 2745 Burgo
401 2684 456 2728 me
481 2667 653 2728 suadente
678 2667 873 2728 secundum
897 2666 1086 2749 legationis
1110 2685 1195 2729 suae
1219 2665 1464 2746 prescriptum,

184 2772 251 2832 hoc
275 2770 457 2853 imprimiS,
483 2771 577 2835 Suae
602 2771 812 2836 Serenitatis
836 2777 1022 2850 mandat0,
1052 2783 1106 2836 est
1135 2785 1337 2850 curaturus,
1369 2773 1464 2854 quod

183 2879 229 2939 ad
253 2878 405 2941 Vestrae
421 2880 657 2942 Beatitudinis
682 2880 827 2962 eiusque
845 2880 949 2943 Sedis
969 2882 1198 2963 Apostolicae
1223 2880 1463 2943 defensionem

184 2995 219 3047 et
242 2987 414 3049 honorem
439 2990 567 3050 cedere
583 2988 724 3069 poterit.
756 2988 833 3068 Que
851 2988 979 3052 cursim
995 2988 1089 3051 volui
1107 2988 1222 3050 eidem
1246 2987 1462 3069 exposuisse,

185 3102 221 3153 ut
244 3113 313 3155 non
336 3102 409 3155 tam
431 3092 538 3156 fidem
563 3104 599 3156 et
622 3094 828 3157 servitutem
852 3116 966 3158 meam
991 3096 1206 3176 intelligeret
1230 3114 1295 3175 pro
1312 3115 1349 3155 se
1366 3114 1464 3175 para-

186 3199 373 3272 tissimam,
408 3221 513 3282 quam
547 3201 652 3265 etiam
682 3223 726 3264 ne
759 3202 874 3264 eidem
899 3206 1086 3265 obscurum
1112 3214 1226 3282 esset,
1259 3222 1313 3263 me
1348 3201 1466 3263 omnia

187 3306 302 3386 potius
326 3307 488 3386 laturum,
522 3328 628 3389 quam
653 3307 836 3396 quippiam
860 3319 1140 3390 acceptaturum,
1175 3310 1270 3390 quod
1294 3309 1352 3369 vel
1377 3308 1462 3371 Sedi

187 3412 417 3493 Apostolicae
441 3415 487 3477 sit
511 3416 737 3494 contrarium,
763 3417 819 3476 vel
845 3414 1055 3495 dignitatem
1080 3418 1336 3478 sacerdotalem
1362 3417 1463 3478 dede·

188 3529 273 3600 ceat,
299 3520 356 3582 cui
385 3541 441 3583 me
471 3522 526 3583 his
555 3531 591 3584 et
614 3521 810 3583 Ecclesiam
842 3541 939 3583 suam
965 3522 1205 3585 Tridentinam
1236 3524 1464 3585 vehementer

187 3635 221 3687 et
242 3626 347 3689 unice
372 3628 591 3692 commendo,

272 3733 329 3795 Ex
354 3734 524 3796 Tridento
550 3733 666 3797 XVI⁰.
690 3734 774 3813 Julii
799 3737 905 3798 Anno
930 3735 1072 3799 Domini
1096 3735 1321 3801 MDXXV20.

272 3841 440 3903 Eiusdem
465 3842 618 3903 Vestrae
642 3840 860 3905 Sanctitatis.

1097 3970 1179 4021 Hom.
1198 3968 1323 4017 Creatura

1057 4058 1089 4113 Β,
1107 4058 1183 4121 Eps.
1203 4058 1358 4111 Trident.
