3425 5700
809 554 867 607 εὖ
906 554 959 613 372
997 555 1056 611 ΕῊ

294 701 398 767 Carlo
422 701 539 767 vicere
571 702 608 765 di
632 702 780 767 Boemia
802 702 942 766 fautore
975 710 1011 765 et
1034 720 1235 783 compagno
1259 720 1281 763 a
1304 710 1431 781 questo
1455 698 1484 760 si
1507 718 1562 780 per

292 811 426 873 havere
454 812 525 873 alla
548 808 654 873 Corte
685 811 768 892 quel
792 808 960 891 Presting
984 808 1192 889 aviluppato
1221 807 1256 869 in
1282 806 1390 888 quelli
1415 805 1562 888 intrighi,

294 917 387 980 onde
418 917 569 980 essendo
592 919 629 980 la
652 936 737 980 cosa
760 936 861 979 come
889 916 925 978 in
949 936 1012 979 soa
1035 934 1159 995 mano,
1190 922 1226 977 et
1249 914 1286 976 di
1308 914 1386 977 fare
1411 913 1490 976 chel
1511 911 1562 973 Re

294 1022 489 1087 assentisca
521 1032 558 1087 et
586 1024 644 1086 dia
666 1022 791 1087 favore
816 1023 887 1085 alla
910 1022 1083 1105 impresa,
1119 1030 1155 1083 et
1186 1021 1338 1084 essendo
1361 1018 1563 1102 pericoloso‚

294 1132 360 1193 che
390 1130 599 1213 portandosi
630 1132 665 1193 la
695 1150 780 1193 cosa
815 1129 956 1192 innanzi
986 1138 1087 1192 tanta
1110 1128 1299 1191 occasione
1332 1147 1403 1191 non
1435 1126 1564 1208 fuggha

294 1246 330 1301 et
353 1239 419 1301 che
444 1240 479 1301 la
501 1238 663 1320 potentia
686 1237 731 1300 de
756 1238 779 1299 li
804 1236 1017 1319 adversarii,
1048 1238 1114 1299 che
1140 1238 1157 1299 ὸ
1182 1237 1320 1317 grande
1344 1244 1381 1297 et
1403 1233 1564 1317 precipue

294 1345 353 1408 del
377 1347 511 1408 danaro
536 1365 600 1426 per
624 1346 658 1406 la
676 1346 879 1427 corruptela
903 1345 947 1407 de
968 1343 1084 1406 alcuni
1100 1343 1167 1405 che
1183 1362 1270 1405 sono
1287 1361 1413 1424 presso
1429 1362 1450 1403 a
1467 1338 1565 1422 quelli

294 1472 334 1514 re
358 1472 429 1514 non
454 1450 478 1514 li
503 1450 704 1532 contamini,
729 1450 847 1514 iudico
872 1471 991 1513 essere
1015 1459 1217 1532 opportuno
1243 1459 1279 1511 et
1298 1446 1499 1511 necessario
1520 1466 1564 1509 so·

294 1558 431 1622 licitare
455 1568 587 1640 quanto
611 1556 672 1641 piu
697 1556 726 1621 si
749 1578 821 1639 puo
846 1566 882 1620 et
905 1576 970 1639 per
994 1557 1079 1639 ogni
1103 1557 1162 1619 via
1185 1566 1312 1637 questa
1334 1555 1515 1636 praticha,
1535 1564 1567 1615 et

293 1665 484 1729 ilBarone
517 1668 609 1728 etio
635 1663 670 1728 di
701 1685 770 1746 qua
801 1685 872 1726 non
897 1665 1145 1727 mancharemo
1181 1662 1217 1724 di
1239 1671 1331 1725 tutto
1360 1662 1480 1743 quello
1509 1663 1567 1723 che

293 1772 399 1855 parri
432 1771 665 1854 expediente:
702 1770 746 1833 Di
779 1771 877 1833 costi
918 1769 1129 1834 similmente
1160 1769 1383 1833 desideramo
1414 1769 1510 1832 aiuto
1538 1778 1568 1830 et

293 1880 419 1943 favore
444 1879 652 1962 strignendo
678 1888 714 1941 et
737 1878 950 1940 stimulando
966 1874 1225 1959 Strigoniense.
1263 1878 1356 1939 Pero
1372 1896 1439 1939 con
1455 1874 1567 1939 debita

293 1986 486 2051 riverentia
518 1985 711 2048 ricordarei
743 2006 764 2046 a
794 1984 926 2047 Nostro
952 1981 1123 2065 Signore,
1159 1986 1225 2047 che
1258 1981 1464 2065 sendosegll
1494 1983 1569 2044 data

294 2094 444 2175 qualche
475 2080 672 2155 intentione
704 2093 831 2174 largha
862 2102 897 2154 et
921 2092 1091 2175 generale
1124 2091 1183 2154 del
1207 2090 1359 2173 Capelo‚
1394 2092 1462 2153 che
1489 2091 1569 2152 hora

294 2220 333 2263 se
357 2198 490 2262 uscisse
515 2219 536 2259 a
561 2199 711 2279 qualche
735 2198 949 2279 particolare
973 2198 1223 2260 mandandone
1247 2198 1375 2260 alcuna
1397 2196 1458 2279 pin
1480 2207 1569 2260 certa

294 2306 490 2369 intentione
522 2305 670 2386 pervia
702 2305 737 2367 di
761 2308 871 2367 breve
896 2326 917 2368 o
942 2307 1153 2368 altramente
1183 2302 1219 2368 in
1243 2326 1348 2368 mano
1373 2306 1442 2367 mia
1473 2305 1568 2368 odel

295 2414 453 2493 Berone,
487 2414 524 2475 la'
558 2413 661 2493 quale
687 2430 725 2474 se
755 2411 805 2492 gli
833 2421 979 2493 potesse
1014 2432 1080 2493 per
1106 2432 1190 2474 cosa
1224 2421 1323 2474 certa
1349 2419 1569 2494 promettere,

295 2539 352 2581 ma
382 2519 519 2581 tenerlo
552 2521 638 2599 perd
664 2537 837 2600 appresso
869 2517 905 2580 di
935 2518 994 2580 noi
1016 2518 1088 2581 fino
1121 2520 1191 2581 alla
1215 2518 1441 2581 conclusione
1474 2520 1517 2581 de
1539 2520 1569 2580 lo

295 2625 435 2705 effetto,
469 2634 504 2687 et
528 2624 630 2687 stirno
662 2626 728 2687 che
752 2625 800 2686 tal
826 2624 943 2705 gratia
973 2624 1039 2688 che
1064 2626 1110 2686 da
1134 2622 1208 2687 Sua
1233 2622 1374 2689 Santita
1406 2625 1457 2706 gli
1480 2624 1569 2688 fusse

295 2752 466 2795 concessa
499 2734 609 2794 molto
641 2732 749 2793 molto
782 2733 817 2794 lo
851 2730 1133 2812 incenderebbe,
1171 2741 1207 2794 et
1239 2731 1333 2795 saria
1365 2732 1510 2795 laudata
1539 2740 1570 2793 et

295 2842 496 2923 approbata
520 2839 566 2901 da
590 2838 669 2902 tutti
694 2859 764 2901 non
788 2859 856 2920 pur
879 2859 946 2921 per
968 2838 1171 2922 riportarne
1195 2860 1241 2902 un
1266 2841 1338 2903 tale
1353 2838 1488 2920 effetto,
1511 2839 1570 2902 che

297 2946 384 3011 dara
408 2953 532 3008 eterno
558 2956 765 3008 ornamento
790 2947 860 3008 alle
885 2966 966 3009 cose
990 2945 1027 3008 di
1044 2945 1176 3009 Nostro
1192 2943 1346 3028 Signore
1369 2956 1406 3010 et
1428 2949 1506 3010 solo
1528 2966 1570 3028 po

296 3054 453 3117 elevarlo
485 3071 593 3134 sopra
615 3053 651 3115 la
675 3051 884 3115 condicione
915 3053 959 3116 de
984 3053 1034 3134 gli
1057 3053 1214 3116 huomini
1246 3062 1282 3116 et
1306 3055 1352 3116 de
1374 3053 1453 3118 suoi
1481 3063 1570 3116 ante·

295 3160 439 3240 casseri,
464 3168 500 3222 et
522 3156 613 3221 iarlo
639 3172 742 3240 grato
769 3167 803 3222 et
828 3161 937 3222 charo
963 3181 984 3221 a
1005 3159 1085 3240 Dio,
1109 3181 1167 3222 ma
1190 3179 1256 3242 per
1278 3160 1397 3243 fugire
1422 3163 1572 3226 anchora

294 3267 320 3329 il
344 3266 513 3330 scandalo
546 3275 581 3328 et
603 3265 762 3347 pericolo
793 3269 851 3328 nel
877 3269 981 3347 quale
1011 3265 1293 3330 indubitamente
1324 3267 1571 3333 incorrerebbe

295 3392 366 3435 non
397 3374 474 3436 solo
505 3373 530 3435 il
553 3372 687 3454 Regno
718 3373 754 3435 di
779 3373 943 3453 Boemia‚
978 3393 1035 3436 ma
1058 3376 1177 3454 quello
1208 3373 1244 3437 di
1267 3374 1456 3457 Hungaria
1486 3385 1522 3440 et
1542 3379 1573 3439 la

297 3478 488 3543 Germania
519 3481 674 3542 anchora
705 3481 847 3562 quando
873 3501 980 3543 sanza
1004 3481 1095 3544 altra
1118 3481 1326 3544 risolutione
1360 3483 1385 3545 li
1408 3483 1573 3564 picardici

296 3585 326 3648 si
350 3586 585 3650 rimanessero
610 3595 645 3648 et
668 3607 944 3670 componessero
969 3589 1002 3651 le
1027 3607 1110 3650 cose
1129 3589 1219 3669 lor0‚
1243 3589 1377 3669 perche
1400 3589 1420 3652 ὲ
1445 3590 1491 3653 da
1505 3609 1572 3654 cre·

297 3693 382 3755 dere
406 3696 471 3755 che
495 3693 632 3756 intanto
657 3694 753 3757 fusse
778 3715 842 3775 per
867 3715 1028 3758 crescere
1051 3696 1216 3758 laudacia
1239 3697 1326 3775 loru,
1351 3697 1418 3760 che
1441 3718 1464 3760 a
1487 3697 1572 3761 fatto

296 3799 621 3881 opprimerebbono
651 3800 733 3862 tutti
768 3802 791 3863 li
815 3801 924 3864 buoni
954 3801 1063 3865 iuncti
1099 3813 1135 3865 et
1158 3802 1343 3867 fomentati
1374 3805 1420 3867 da
1443 3804 1469 3868 li
1492 3803 1572 3869 Ger·

296 3905 389 3968 mani
414 3904 607 3968 Lutherani
642 3916 677 3968 et
709 3907 768 3987 pel
793 3906 970 3970 contrario
1002 3909 1174 3991 repressi,
1211 3918 1246 3972 et
1279 3913 1420 3993 seguita
1452 3923 1574 3994 questa

296 4021 420 4074 sancta
442 4011 573 4074 unione
599 4013 616 4074 ὸ
642 4013 688 4074 da
712 4013 866 4092 stimate,
893 4015 958 4076 che
983 4016 1098 4078 ancho
1122 4016 1146 4079 li
1169 4015 1319 4080 heretici
1334 4018 1370 4080 di
1386 4017 1573 4082 Germania

296 4126 395 4181 tanto
420 4117 448 4180 si
473 4118 731 4200 avilirebbono,
755 4121 822 4182 che
845 4120 1049 4184 facilmente
1073 4124 1109 4185 la
1131 4135 1234 4205 peste
1257 4125 1334 4189 loro
1357 4125 1386 4188 si
1400 4127 1572 4207 potrebbe

297 4224 515 4307 extinguere.
562 4223 636 4288 Sua
651 4224 789 4289 Santita
805 4247 871 4308 per
887 4228 921 4289 la
936 4227 1111 4310 sapientia
1128 4250 1191 4293 soa
1213 4230 1347 4293 vedere
1363 4231 1387 4294 li
1403 4231 1571 4295 commodi

297 4340 333 4394 et
357 4331 569 4395 incommodi
594 4333 732 4415 grandi,
758 4335 823 4396 che
848 4354 936 4398 sono
960 4335 996 4398 in
1021 4350 1147 4417 questa
1170 4337 1328 4416 materia,
1356 4349 1392 4401 et
1415 4336 1571 4401 determi-

296 4437 382 4500 nari
405 4440 525 4520 quello
552 4440 617 4501 che
642 4439 701 4521 ρὶὺ
728 4441 761 4502 le
785 4441 913 4521 pareri
938 4442 1153 4523 expediente
1179 4453 1215 4506 et
1237 4444 1433 4508 salutifero.

384 4544 437 4606 La
471 4545 765 4609 determinatione
801 4549 960 4610 vorebhe
996 4568 1115 4612 essere
1150 4561 1291 4632 presta,
1326 4552 1458 4634 perche
1493 4549 1570 4633 quei

295 4650 452 4733 Principi
484 4660 651 4715 staranno
675 4672 741 4734 per
764 4661 855 4717 tutto
881 4665 1006 4735 questo
1032 4678 1128 4721 mese
1161 4658 1399 4723 inconvento
1423 4670 1459 4722 et
1482 4677 1569 4742 poco

295 4757 414 4839 pidet
438 4757 550 4821 inanzi
575 4760 641 4822 che
664 4769 816 4840 partano
842 4761 888 4822 da
912 4763 947 4824 la
968 4774 1066 4826 corte
1091 4768 1242 4829 sarebbe
1263 4768 1383 4830 buono
1399 4765 1569 4849 stringere

295 4863 332 4927 in
356 4864 507 4947 qualche
531 4866 688 4930 maniera
713 4877 838 4950 questo
863 4870 969 4934 nodo
