3425 5700
819 570 1066 639 letale-«³

300 718 558 813 indignationis
581 738 724 794 nostrae
754 739 790 793 et
820 730 908 793 alias
932 730 1156 813 supradictas
1179 748 1326 817 poenas*
1347 735 1384 799 et
1414 746 1580 793 censuras

301 838 330 901 si
354 849 480 901 contra
502 837 654 903 fecerint
671 837 857 906 incursuri.
903 836 958 920 Et,
982 838 1066 919 quia
1082 833 1228 925 difficile
1249 836 1351 901 nimis
1374 838 1469 901 foret
1484 858 1581 919 prae·

301 956 422 1009 sentes
444 947 509 1009 has
532 946 669 1010 litteras
692 965 756 1008 seu
780 947 962 1009 decretum
986 944 1031 1007 ad
1057 929 1199 1026 singula
1222 964 1385 1027 quaeque
1409 946 1490 1007 loca
1514 944 1580 1006 dio-

300 1052 392 1116 cesis
415 1058 452 1116 et
463 1052 695 1117 Dominorum
719 1063 921 1117 nostrorum
947 1051 1091 1131 deferri,
1115 1046 1278 1115 vblumus
1302 1042 1338 1117 ei
1362 1052 1581 1117 decernimus

302 1160 399 1243 quod
431 1168 551 1223 earum
590 1160 820 1242 transumptis
852 1179 958 1223 manu
990 1158 1106 1223 fidelis
1140 1158 1328 1222 'secretarii
1360 1158 1473 1223 nostri
1506 1162 1581 1223 sub·

302 1266 445 1350 scriptis
468 1276 504 1329 et
527 1286 640 1350 parvo
665 1267 784 1348 sigillo
807 1266 960 1350 predicti
984 1264 1117 1329 domini
1137 1266 1264 1329 Nuncii
1288 1266 1430 1329 munitis
1453 1266 1582 1348 ubique

302 1384 414 1440 stetur
437 1384 474 1439 et
497 1376 605 1456 plena
627 1373 719 1439 fides
743 1373 955 1438 adhibeatur
979 1382 1085 1455 prout
1106 1356 1192 1455 ipiis
1209 1372 1442 1456 originalibus
1458 1372 1584 1436 litteris

302 1493 455 1547 staretur
468 1493 504 1546 et
515 1481 748 1545 adhiberetur
759 1481 789 1544 si
802 1480 985 1544 exhibitae
997 1480 1116 1545 forent
1128 1490 1164 1542 et
1177 1490 1354 1545 ostensae.
1374 1480 1508 1543 Datum
1518 1490 1583 1544 etc.

837 1686 902 1697 mvn.
907 1686 1044 1696 =·.·.wuwmw-n

919 1918 973 1983 61.

682 2036 861 2119 neander
888 2034 1201 2117 Vioeoaneollario.

733 2175 875 2244 <tumn
894 2174 1020 2234 tunm
1037 2172 1069 2233 n.
1088 2173 1157 2245 tta.)

809 2294 846 2362 (5.
867 2294 971 2361 Aprilis
992 2292 1080 2365 1521.)

393 2440 514 2524 Dopoi
545 2442 582 2503 la
613 2437 833 2522 publication
870 2437 928 2501 del
962 2436 1081 2501 edicto
1104 2437 1259 2502 Cesareo
1292 2440 1359 2503 che
1391 2440 1535 2503 mandai
1569 2461 1591 2503 a
1686 2498 1687 2519 p

303 2549 349 2615 V.
373 2546 412 2613 S.
435 2548 513 2611 Re·
534 2568 601 2631 per
630 2546 655 2609 il
684 2544 868 2629 proximo,
903 2547 1015 2608 molto
1045 2563 1134 2627 pare
1164 2546 1194 2609 si
1224 2546 1315 2610 siino
1340 2547 1533 2629 acquietati
1566 2548 1589 2609 li
1686 2562 1687 2595 l

303 2655 438 2739 populi,
461 2675 520 2718 nra
542 2652 736 2737 discoperti
768 2652 794 2715 li
817 2652 947 2733 grandi
970 2651 1101 2715 fautori
1124 2654 1319 2727 lutherani;
1355 2653 1378 2717 li
1404 2654 1501 2736 quali
1524 2674 1591 2736 per
1686 2622 1687 2663 i

303 2772 431 2847 questa
453 2760 696 2844 publicatione
719 2762 839 2824 banno
864 2760 900 2822 di
924 2760 974 2822 tal
998 2769 1095 2824 sorte
1119 2760 1345 2825 manifestato
1374 2762 1398 2825 il
1422 2773 1592 2825 concetto

303 2873 433 2935 veleno
463 2888 535 2934 non
565 2889 632 2953 per
655 2888 764 2932 causa
793 2867 829 2931 di
854 2867 990 2930 Luther
1022 2868 1149 2954 (anche
1180 2869 1227 2931 de
1258 2870 1369 2932 luiso
1393 2889 1438 2933 ne
1468 2871 1591 2934 banno

303 2979 396 3042 fatto
418 2978 529 3045 scudo
553 2996 620 3039 con
645 2977 678 3039 el
701 2977 909 3058 populazzo)
938 2995 996 3038 nra
1019 2975 1065 3038 de
1088 2994 1245 3058 oecupar
1267 2975 1294 3039 li
1315 2977 1399 3040 beni
1424 2978 1590 3040 ecclesie-

304 3085 395 3166 stici,
418 3086 484 3148 ebe
507 3083 588 3148 tutti
604 3082 803 3146 dubbitano
823 3081 866 3144 sii
889 3081 1095 3164 pervenire
1117 3103 1164 3146 un
1184 3086 1233 3146 tal
1249 3085 1429 3164 scandalo,
1453 3085 1489 3146 al
1507 3086 1593 3168 qual

304 3194 382 3256 solo
405 3191 484 3256 Idio
512 3189 610 3273 possi
634 3189 845 3254 remediare.
894 3189 938 3252 Et
961 3191 1071 3253 credo
1102 3192 1169 3253 che
1193 3210 1231 3254 se
1254 3190 1276 3254 l’
1291 3191 1403 3253 editto
1435 3193 1593 3255 bavesse

304 3307 500 3362 contenuto
522 3299 589 3361 che
612 3298 659 3360 de
683 3297 843 3380 presenti
867 3317 906 3360 se
930 3298 1221 3361 abbrusciassero
1245 3297 1269 3364 li
1293 3297 1375 3362 libri
1391 3299 1437 3362 de
1454 3298 1594 3361 Luther

304 3415 341 3469 et
364 3405 424 3469 del
446 3413 539 3468 tutto
561 3403 702 3467 iussero
721 3402 947 3484 annichilati‚
971 3423 1033 3467 era
1055 3405 1216 3486 periculo
1240 3405 1317 3485 che,
1342 3406 1440 3467 nulla
1464 3405 1594 3468 habita

305 3511 469 3576 Caesaris
493 3510 648 3592 ratione,
682 3511 742 3592 qui
765 3511 824 3574 hic
848 3520 903 3573 est
925 3509 1088 3593 inermis,
1122 3512 1316 3574 havessero
1339 3511 1430 3575 fatto
1454 3512 1594 3595 impeto

304 3619 341 3684 in
371 3630 499 3703 questa
522 3617 610 3682 cittt
633 3617 728 3680 intus
760 3628 797 3681 et
819 3617 908 3680 foris
931 3621 1080 3682 obsessa
1104 3619 1150 3682 da
1174 3618 1367 3682 Lutherani
1401 3627 1436 3681 et
1459 3620 1593 3684 conrin-

305 3729 401 3791 ciato
424 3726 486 3809 gia
517 3747 538 3788 a
561 3745 685 3788 menar
708 3726 742 3788 le
766 3725 869 3789 rnani.
917 3725 995 3789 Hor
1017 3727 1053 3788 la
1076 3745 1161 3789 cosa
1191 3731 1264 3789 cosl
1288 3746 1405 3808 passa.
1452 3725 1594 3808 Questo
1685 3725 1686 3728 ’

305 3835 447 3898 ribaldo
471 3833 507 3896 di
527 3833 679 3912 Hutten,
703 3832 868 3895 advisato
892 3831 928 3894 di
953 3834 1072 3914 quello
1096 3835 1163 3896 che
1188 3833 1247 3896 noi
1270 3853 1532 3916 procuravarno
1559 3836 1595 3898 lo
1685 3909 1686 3920 χ

306 3940 418 4004 edltto
441 3939 625 4022 imperiale
653 3959 719 4002 con
745 3950 843 4003 tante
867 3941 1029 4003 consulte
1060 3949 1097 4002 et
1120 3940 1233 4021 diete,
1264 3940 1293 4003 si
1323 3941 1370 4004 ha
1393 3950 1596 4005 contenuto
1685 3943 1686 4023 j

306 4047 342 4111 di
366 4049 516 4111 mandat·
538 4046 642 4109 soora
665 4049 793 4110 alcuna
817 4067 919 4126 cosa,
953 4047 1084 4129 perche
1108 4047 1158 4110 lui
1182 4066 1321 4129 sempre
1345 4066 1500 4129 sperava
1525 4051 1595 4112 che

305 4158 430 4239 peria
453 4154 590 4238 grande
613 4153 766 4216 autorita
791 4155 849 4217 del
874 4155 977 4217 Duce
996 4152 1142 4217 Saxone
1166 4163 1203 4217 et
1226 4154 1301 4218 suoi
1326 4154 1491 4236 complici
1519 4176 1595 4220 non

306 4283 345 4327 se
368 4272 513 4346 potesse
536 4270 694 4334 ottener;
725 4281 781 4323 rna
804 4280 875 4323 non
901 4262 1042 4325 lassava
1064 4259 1152 4348 p'erb
1181 4262 1227 4326 de
1252 4261 1440 4344 parechiar
1462 4263 1487 4324 li
1513 4265 1595 4326 suoi

305 4369 452 4450 tosichi,
487 4369 512 4431 li
536 4367 632 4451 quali
662 4367 723 4450 poi
747 4369 881 4431 veduto
905 4367 1089 4449 publicato
1119 4369 1166 4432 ha
1189 4389 1314 4451 sparso
1347 4389 1412 4452 per
1435 4379 1533 4433 tutto
1560 4383 1596 4434 et

306 4479 354 4541 ha
376 4476 500 4540 scritto
524 4495 595 4538 una
618 4475 736 4538 littera
759 4475 889 4538 bestial
920 4495 942 4538 a
965 4474 1114 4556 Cesare,
1145 4476 1240 4538 della
1263 4477 1369 4558 quale
1392 4495 1463 4540 non
1490 4477 1521 4540 si
1547 4479 1597 4540 ha

305 4591 453 4667 possuto
483 4584 597 4646 baver
619 4601 753 4645 ancora
782 4581 906 4665 copia,
941 4602 999 4645 nra
1029 4591 1162 4664 quanto
1194 4581 1223 4645 si
1246 4585 1331 4665 puol
1356 4583 1526 4646 intendet·
1558 4585 1595 4647 di

305 4691 409 4755 iuora
432 4689 508 4770 via,
536 4689 584 4752 lui
609 4689 723 4752 scrive
748 4688 1008 4772 maravigliarsi
1032 4691 1098 4753 che
1122 4689 1234 4754 Cesar
1256 4689 1286 4753 si
1309 4692 1356 4753 ha
1379 4693 1514 4754 lassato
1541 4711 1583 4756 se

305 4799 412 4862 durre
445 4797 492 4859 da
515 4795 575 4860 doi
606 4795 798 4859 oratorculi
826 4797 886 4859 del
911 4796 1013 4880 Papa
1045 4797 1167 4880 (utitur
1196 4795 1288 4860 enim
1321 4795 1377 4859 his
1400 4797 1538 4879 verbis)
1575 4820 1598 4862 a

306 4907 408 4971 voler
431 4906 613 4993 opprimes
636 4913 763 4991 questo
786 4912 891 4967 tante
911 4905 1018 4968 ltorno
1043 4905 1087 4966 de
1104 4904 1238 4969 Luther
1261 4914 1296 4967 et
1320 4905 1511 4986 destruger
1530 4927 1598 4972 sue
