3425 5700
809 561 1056 622 *ormo*

294 710 360 790 (sel
384 707 464 772 sari
488 709 532 772 de
552 708 720 792 bisogno)
744 710 791 773 ad
815 710 1051 794 privationem
1076 710 1344 788 beneficiorum,
1368 711 1405 775 in
1429 711 1576 796 reliquis

293 818 559 897 generalmente
583 825 675 880 tutto
700 816 729 880 si
752 827 857 900 porta
881 821 994 899 bene,
1019 827 1056 882 et
1078 818 1103 882 li
1125 819 1250 902 populi
1274 819 1335 901 gia
1357 820 1575 884 abominano

293 933 418 1004 questa
442 924 635 986 maledetta
658 924 798 987 heresia
822 925 908 1008 ogni
931 925 969 987 di
991 925 1063 1006 piu.
1103 925 1143 988 Io
1166 946 1238 989 non
1262 927 1309 989 ho
1332 927 1467 990 lassato
1485 927 1575 1009 perd

293 1031 349 1093 sar
376 1030 401 1093 il
426 1029 547 1093 debito
574 1031 610 1094 in
634 1041 822 1112 presentat
851 1034 888 1096 lo
920 1033 1032 1096 editto
1065 1033 1102 1094 di
1126 1033 1236 1096 Cesar
1266 1033 1327 1097 alli
1351 1033 1576 1116 Conseglieri

293 1137 328 1200 di
353 1139 509 1220 Bruges,
543 1138 568 1199 li
599 1139 693 1218 quali
725 1138 1153 1220 benignamente.hanno
1184 1161 1369 1222 promesso
1401 1141 1576 1206 obedire

291 1245 341 1306 tal
365 1245 476 1307 editto
502 1253 537 1307 et
560 1245 678 1308 hanno
699 1255 863 1310 retenuto
887 1247 991 1328 copia
1014 1247 1230 1312 authentica.
1267 1247 1383 1312 Etiam
1398 1269 1437 1312 se
1453 1250 1576 1312 hanno

291 1349 418 1416 offerto
450 1351 576 1414 obedir
599 1353 670 1414 alla
701 1355 799 1416 bulla
822 1354 882 1416 del
906 1351 1158 1435 Sanctissimo,
1193 1364 1229 1418 et
1251 1355 1454 1438 pregatomi
1476 1356 1576 1420 volia

291 1574 327 1628 et
350 1565 566 1647 obedientia,
589 1587 645 1630 me
670 1567 890 1630 mandorono
914 1567 938 1630 il
963 1565 1059 1647 vino,
1083 1587 1184 1630 come
1208 1569 1227 1631 ὲ
1251 1569 1329 1631 loro
1344 1579 1514 1650 costuma,
1539 1577 1577 1632 et

290 1671 410 1736 fecero
443 1693 465 1736 a
497 1673 642 1756 publica
665 1693 754 1736 voce
790 1682 826 1737 et
857 1673 956 1736 crido
980 1675 1144 1756 publicar
1175 1671 1197 1737 l'
1211 1674 1323 1738 editto
1348 1674 1504 1738 Cesareo
1538 1684 1578 1739 et

289 1778 498 1842 offerirnose
522 1800 632 1843 ancor
654 1780 712 1843 far
734 1780 895 1844 brusciar
918 1781 943 1843 li
967 1781 1049 1844 libri
1073 1801 1111 1844 se
1135 1802 1175 1844 se
1198 1781 1338 1845 iussero
1363 1781 1512 1863 trovati,
1551 1782 1577 1844 il

290 1886 355 1979 ohe
386 1895 484 1949 certo
515 1885 667 1950 dmolto
692 1888 737 1950 da
760 1888 879 1969 lodar,
915 1897 951 1949 et
981 1889 1029 1952 da
1051 1889 1226 1969 regratiar
1249 1888 1337 1968 Dio,
1373 1890 1439 1952 che
1472 1886 1504 1952 si
1525 1890 1578 1951 ha

287 2001 429 2055 trovato
459 2001 584 2074 questo
616 1994 810 2057 bellissima
841 2006 938 2058 terra
969 1999 1041 2059 cosl
1066 2004 1166 2058 netta
1195 1995 1230 2057 di
1261 1997 1310 2058 tal
1335 2015 1465 2058 errore.
1513 1994 1577 2058 Ho

287 2099 377 2162 fatto
408 2100 516 2163 etiam
547 2101 714 2182 predicar
744 2122 765 2163 a
796 2102 878 2163 tutti
907 2102 934 2164 li
966 2102 1082 2166 ordini
1113 2110 1151 2165 et
1180 2102 1344 2184 publicar
1373 2103 1408 2164 al
1437 2103 1577 2183 populo

289 2208 345 2270 nel
370 2228 532 2271 sermone
556 2211 591 2270 la
614 2210 713 2271 bulla
737 2208 965 2290 Apostolica,
1002 2219 1038 2272 et
1061 2211 1096 2272 lo
1121 2209 1233 2272 editto
1258 2207 1430 2286 Cesareo,
1465 2209 1576 2270 etde

288 2325 413 2396 questo
438 2335 526 2378 sono
550 2315 633 2377 stati
656 2315 736 2378 fatti
760 2314 818 2398 gia
842 2315 902 2397 piu
929 2316 964 2378 di
986 2315 1076 2380 XX.
1104 2315 1268 2396 sermoni,
1293 2314 1353 2396 qui
1377 2313 1413 2376 in
1429 2313 1577 2395 Bruges

287 2421 322 2484 in
348 2421 480 2484 diversi
503 2422 625 2504 luoghi
657 2424 762 2486 etho
787 2423 872 2484 dato
904 2423 1007 2486 achi
1034 2443 1091 2486 me
1114 2424 1161 2484 ha
1184 2441 1292 2504 parso
1323 2424 1359 2484 la
1383 2420 1487 2503 copia
1510 2419 1575 2483 im-

286 2547 410 2610 pressa
434 2528 492 2591 del
517 2529 628 2592 editto
653 2529 875 2610 Fiammingo
900 2539 935 2592 et
959 2530 1038 2593 altri
1061 2528 1210 2594 remedii
1233 2527 1410 2610 oportuni.

375 2633 414 2697 Io
439 2653 598 2718 pensava
621 2635 782 2718 partirmi
807 2635 920 2718 hoggi
943 2637 1003 2698 nel
1026 2635 1167 2718 seguito
1193 2635 1228 2698 di
1252 2635 1380 2712 Cesar,
1411 2655 1470 2698 ma
1492 2653 1575 2717 per·

285 2740 350 2804 chd
373 2742 420 2804 ho
444 2741 559 2805 inteso
583 2762 676 2805 nunc
700 2743 870 2826 primum,
894 2743 961 2805 che
985 2741 1009 2805 li
1034 2742 1212 2806 Cartusini
1237 2751 1272 2806 et
1295 2742 1320 2805 li
1345 2741 1576 2804 Benedictini

286 2848 319 2910 di
354 2858 481 2931 questa
513 2859 626 2932 terra,
662 2849 808 2933 (homini
839 2852 905 2915 che
936 2871 1001 2933 per
1031 2860 1162 2933 troppo
1187 2850 1266 2914 ocio
1299 2860 1336 2913 et
1367 2848 1575 2931 solitudine,

285 2976 424 3037 sempre
450 2958 573 3021 soleno
598 2978 696 3022 esser
710 2954 973 3043 melancholici)
997 2978 1086 3021 sono
1109 2961 1217 3022 molto
1241 2957 1358 3022 infetti
1382 2957 1420 3019 di
1443 2967 1576 3039 questa

284 3062 493 3144 ribaldaria,
526 3074 561 3126 et
584 3066 703 3127 hanno
728 3085 817 3146 gran
844 3085 990 3127 numero
1016 3064 1051 3126 di
1075 3069 1126 3128 tal
1149 3064 1249 3145 libri,
1284 3074 1319 3127 et
1342 3066 1408 3127 che
1431 3065 1574 3146 peggio

284 3169 361 3233 ele
384 3170 562 3235 Monache
587 3172 632 3233 de
656 3168 728 3233 San
754 3171 975 3251 Benedetto,
1006 3180 1044 3233 et
1067 3172 1253 3235 Bernardo
1284 3172 1320 3234 in
1346 3170 1462 3253 questi
1486 3191 1574 3235 con-

284 3275 376 3338 torni
400 3297 531 3340 ancora
556 3280 624 3340 elle
649 3298 737 3341 sono
762 3252 906 3341 casdate
929 3277 965 3339 in
990 3280 1039 3340 tal
1064 3298 1203 3359 errore,
1238 3299 1304 3360 per
1328 3298 1428 3342 esser
1450 3280 1574 3361 questi

283 3384 363 3446 libri
387 3385 533 3447 tradotti
558 3385 594 3448 in
618 3384 844 3465 fiammengo,
869 3384 982 3466 perho
1006 3383 1040 3447 io
1064 3386 1111 3447 ho
1136 3385 1335 3448 deliberato
1360 3389 1488 3448 deman
1511 3384 1574 3448 far

284 3512 353 3553 una
376 3492 482 3555 visita
505 3512 571 3573 per
594 3492 683 3555 detti
707 3492 831 3574 luoghi
856 3491 892 3553 di
916 3490 1094 3554 Certusini
1118 3502 1154 3555 et
1178 3491 1427 3572 Benedettini,
1451 3501 1488 3554 et
1510 3492 1576 3555 far

281 3600 359 3661 loro
384 3619 454 3661 una
477 3601 598 3661 buona
631 3608 666 3662 et
691 3600 843 3662 humana
867 3597 1109 3661 admonitione
1132 3599 1168 3661 in
1192 3600 1301 3680 pleno
1326 3618 1447 3661 eorum
1472 3600 1572 3680 capi-

282 3707 368 3787 tu10,
393 3706 652 3787 apprehendoli
685 3707 720 3768 la
744 3706 802 3769 via
827 3728 847 3767 a
872 3724 1071 3785 cognoscet
1094 3705 1129 3766 la
1152 3705 1347 3767 ribaldaria
1370 3707 1415 3767 de
1439 3715 1574 3786 questo

282 3813 400 3892 Arrio,
426 3822 461 3875 et
484 3812 519 3875 in
543 3811 614 3875 fine
636 3812 716 3875 dirli
741 3814 807 3876 che
823 3815 915 3876 oltra
939 3812 962 3873 il
987 3812 1146 3893 pericolo
1169 3813 1264 3875 della
1280 3812 1410 3875 Anima
1425 3812 1572 3893 sapiino

281 3921 360 3983 chel
385 3917 617 3983 Sanctissimo
649 3919 728 3981 sar'a
753 3926 950 3982 constretto
975 3920 1040 3981 dar
1063 3919 1100 3981 in
1123 3919 1237 4001 preda
1267 3919 1291 3981 li
1316 3921 1393 3982 loro
1417 3918 1501 3981 beni
1526 3939 1572 3982 se

280 4047 563 4109 perseverarano
594 4027 630 4089 in
659 4028 709 4089 tal
734 4047 871 4106 errore,
907 4026 1040 4107 perche
1071 4024 1106 4087 io
1130 4036 1233 4088 trovo
1265 4035 1392 4107 questo
1414 4036 1572 4101 terrore,

279 4135 345 4197 che
369 4134 403 4195 io
428 4134 474 4196 ho
499 4132 559 4215 gia
583 4153 698 4195 messo
723 4132 769 4195 ad
793 4133 911 4195 alcuni
937 4132 1035 4212 altri,
1068 4134 1181 4196 hever
1204 4133 1313 4195 molto
1338 4132 1503 4214 giovat0‚
1529 4143 1570 4196 et

280 4240 359 4303 dico
384 4241 508 4320 molto,
533 4249 569 4301 et
592 4238 665 4302 cosi
689 4260 795 4320 spero
820 4241 886 4302 che
910 4238 1058 4320 giovari
1082 4240 1152 4321 qui.
1200 4239 1266 4302 Poi
1289 4239 1474 4321 partiromi
1497 4259 1572 4321 per

278 4345 333 4409 far
357 4346 381 4410 il
405 4356 500 4408 resto
525 4348 651 4409 conlo
676 4346 797 4409 adiuto
821 4346 857 4408 di
882 4347 963 4425 Diu,
988 4346 1047 4428 qui
1073 4346 1422 4410 Reverendissimam
1443 4347 1568 4409 Domi·

279 4453 458 4516 nationem
484 4453 650 4515 Vestram
684 4453 744 4516 diu
776 4452 917 4515 felicem
950 4462 1156 4533 conservet,
1192 4454 1249 4515 cui
1281 4474 1337 4517 me
1368 4452 1569 4518 humillime

279 4559 499 4639 commend0,
524 4568 560 4622 et
584 4580 707 4623 manus
731 4560 931 4627 deosculor.

368 4666 498 4748 Brugis
523 4664 665 4729 XXVI.
691 4667 846 4749 Augusti
871 4666 1053 4732 MDXXI.

789 4867 795 4879 3
809 4862 1015 4873 vmvmmvm
