3425 5700
644 542 702 602 *43
742 540 793 601 ret
833 547 891 602 sat

147 712 201 776 pur
222 692 326 775 quelli
349 692 495 775 Signori
520 703 555 756 et
579 693 777 775 magistrati
809 693 838 756 si
871 693 1154 756 riconoscessero
1183 702 1217 755 et
1250 688 1405 756 conside·

146 822 267 864 rassero
290 802 358 863 che
381 800 392 862 i
416 802 493 863 loro
524 800 701 882 maggiori
725 822 795 863 non
828 821 895 863 con
925 800 1029 863 simili
1059 801 1272 882 portamenti
1303 821 1408 864 verso

147 911 176 970 la
195 907 283 971 Sede
307 907 519 989 Apostolica
542 928 598 969 ma
623 928 690 969 con
715 907 914 970 difenderla
942 917 978 970 et
1011 909 1256 987 augmentarla
1288 910 1407 970 hanno

146 1016 291 1078 meritato
316 1024 416 1077 tanto
433 1017 569 1078 honore
594 1024 630 1077 et
653 1014 790 1095 dignita
816 1014 851 1075 di
868 1034 965 1077 esser
989 1014 1154 1078 advocati
1171 1016 1265 1077 della
1281 1015 1408 1078 Chiesa

145 1134 174 1183 et
195 1122 335 1185 exaltati
359 1142 467 1203 sopra
490 1120 573 1183 tutti
596 1121 606 1183 i
640 1143 677 1184 re
703 1130 738 1184 et
762 1121 923 1202 prencipi
947 1121 1151 1203 temporali;
1178 1143 1233 1184 ma
1257 1124 1408 1185 lassamo

143 1228 163 1290 il
183 1228 364 1311 predicarli
400 1238 436 1290 et
459 1230 534 1291 dire
560 1238 803 1310 apertamente
827 1231 863 1291 la
886 1230 1036 1291 bestiale
1061 1228 1317 1311 ingratitudine
1342 1232 1408 1293 che

145 1356 250 1399 usano.
296 1336 338 1399 N.
357 1334 394 1399 S.
416 1356 485 1399 non
501 1338 573 1417 pud
597 1336 823 1417 persuadersi
848 1336 914 1398 che
939 1334 1068 1399 Cesare
1093 1338 1206 1419 voglii
1230 1336 1408 1401 declinare

143 1443 215 1505 dalli
237 1442 289 1505 soi
313 1442 593 1505 christianissimi
626 1452 662 1504 et
695 1442 860 1505 catholici
890 1442 1136 1525 predecessori
1168 1453 1204 1505 et
1234 1465 1330 1507 esser
1361 1445 1407 1506 in·

143 1560 233 1629 grato
256 1572 277 1611 a
300 1550 370 1612 Dio
396 1558 431 1611 et
455 1550 526 1611 alla
550 1546 646 1611 Sede
672 1549 884 1630 Apostolica
908 1548 963 1611 da'
980 1549 1075 1630 quali
1099 1550 1134 1612 in
1159 1559 1285 1631 questa
1308 1550 1364 1613 eti
1390 1552 1407 1613 ὲ

144 1666 224 1718 stato
253 1658 362 1719 eletto
396 1680 417 1718 a
449 1666 548 1719 tanto
584 1656 736 1719 culmine
772 1658 816 1718 de
853 1656 1138 1739 gloria‚'percid
1169 1656 1242 1719 Sua
1266 1656 1407 1721 Santitt

142 1774 269 1845 aspetta
293 1765 340 1827 da
363 1764 412 1825 lui
437 1772 528 1825 tutto
553 1766 671 1844 quello
701 1763 729 1826 si
764 1764 855 1826 deve
892 1774 1107 1844 promettere
1143 1765 1187 1825 de
1225 1786 1269 1827 un
1308 1774 1407 1829 tanto

143 1870 358 1952 Imperatore.
406 1871 528 1933 Eben
553 1890 639 1933 vero
664 1871 730 1932 che
757 1878 855 1933 tanto
880 1870 1037 1933 differire
1067 1881 1103 1934 et
1131 1880 1256 1934 metter
1281 1872 1314 1935 in
1340 1873 1407 1935 dis·

141 1987 217 2057 puta
251 1987 378 2059 questa
414 1977 562 2040 materia
597 1986 698 2040 tanto
734 1977 872 2040 notoria
907 1987 942 2040 et
971 1979 1183 2041 scandalosa
1216 1980 1233 2041 ὲ
1264 1979 1409 2043 infamia

142 2086 265 2161 grande
289 2084 325 2147 di
350 2082 424 2147 Sua
438 2084 587 2165 Maesta,
611 2085 743 2166 perche
759 2105 799 2147 se
813 2084 847 2146 in
863 2094 987 2166 questa
1013 2105 1118 2147 causa
1143 2106 1212 2148 non
1234 2086 1263 2149 si
1278 2097 1410 2151 mostra

141 2190 328 2254 virilmente
357 2194 423 2253 che
454 2212 536 2254 cosa
561 2192 608 2253 da
632 2192 677 2253 lei
702 2192 773 2273 pud
798 2212 943 2273 sperare
967 2193 1001 2254 la
1026 2190 1154 2255 Chiesa
1185 2202 1220 2255 et
1243 2193 1408 2259 universa

142 2297 348 2361 christianita
372 2308 497 2361 contra
520 2298 649 2362 Turchi
676 2307 711 2360 et
735 2296 889 2377 infideli,
914 2320 952 2360 se
976 2308 1100 2361 contra
1128 2320 1173 2361 un
1198 2301 1274 2363 solo
1299 2301 1364 2363 che
1390 2302 1407 2365 ὲ

140 2403 170 2465 in
191 2408 340 2486 podesta
363 2426 428 2468 sua
444 2408 527 2469 vale
550 2415 649 2467 tanto
670 2409 784 2486 poco?
831 2406 1063 2468 Exhortatelo
1081 2416 1116 2467 et
1133 2416 1284 2487 pregate
1308 2428 1408 2471 come

140 2510 204 2574 late
227 2534 248 2575 a
270 2513 451 2576 mostrarsi
477 2514 653 2575 advocato
687 2513 781 2573 della
805 2512 934 2575 Chiesa
967 2513 1032 2575 che
1065 2514 1153 2575 hora
1185 2514 1203 2575 ὲ
1235 2514 1260 2577 il
1289 2525 1407 2597 tempo

139 2620 188 2679 nel
211 2622 290 2700 qual
316 2620 344 2682 si
368 2620 441 2701 pud
465 2621 607 2700 obligat
629 2621 664 2680 la
689 2618 784 2681 Sede
810 2618 1020 2700 Apostolica
1045 2631 1080 2681 et
1095 2619 1200 2682 tuttii
1219 2621 1407 2685 Christiani

139 2735 170 2786 et
190 2725 272 2789 farsi
295 2726 493 2789 immortale
518 2737 553 2788 et
576 2747 662 2788 vera
677 2725 773 2788 fama
796 2737 831 2787 et
847 2726 955 2789 ditele
981 2727 1046 2789 che
1064 2727 1159 2789 dalla
1177 2728 1406 2807 expeditione

140 2832 169 2894 di
191 2843 314 2915 questa
337 2855 421 2898 cosa
445 2835 563 2916 pende
587 2843 678 2898 tutto
703 2834 723 2896 l'
740 2836 875 2897 honore
901 2842 936 2897 et
960 2835 1080 2897 disnor
1112 2834 1146 2897 di
1171 2832 1245 2897 Sua
1268 2834 1407 2921 Maesta

140 2942 202 3003 alla
235 2944 340 3023 quale
371 2941 413 3006 N.
446 2939 483 3004 S.
517 2942 554 3003 di
584 2962 677 3004 novo
709 2941 824 3004 scrive
858 2963 959 3005 come
990 2942 1048 3004 voi
1080 2943 1209 3005 havete
1242 2942 1407 3006 richiesto

139 3048 210 3109 nell'
227 3049 349 3112 ultima
363 3059 494 3112 vostra.
520 3048 622 3111 Circa
636 3051 669 3110 lo
693 3049 872 3111 solicitare
888 3059 924 3111 et
938 3048 1132 3112 inanimare
1158 3059 1192 3110 et
1208 3051 1408 3130 provedere

138 3155 196 3217 che
218 3177 288 3219 non
314 3179 351 3220 se
375 3156 509 3220 mutino
533 3158 567 3219 le
592 3156 798 3219 resolutioni
823 3155 858 3217 di
884 3155 1014 3219 Cesare
1037 3158 1149 3234 bone,
1184 3165 1275 3219 tutto
1309 3157 1337 3219 si
1368 3159 1407 3221 ri·

139 3272 236 3326 mette
252 3266 323 3327 alla
337 3263 527 3345 prudentia
544 3273 664 3326 vostra
679 3273 715 3326 et
732 3265 789 3326 del
806 3263 1031 3334 Caracciolo;
1055 3263 1184 3325 instate
1209 3283 1273 3326 con
1300 3265 1408 3328 Cesar

138 3371 284 3451 proprio,
315 3372 380 3435 col.
415 3370 462 3433 R.
487 3369 692 3434 confessore
723 3391 788 3433 con
824 3369 1029 3433 Armestorf
1058 3390 1124 3432 con
1158 3371 1190 3432 el
1221 3371 1407 3435 Marchese

137 3474 288 3554 Joachim
313 3493 349 3540 et
378 3499 443 3541 con
469 3478 679 3559 Magontino
704 3480 770 3541 che
803 3500 873 3542 non
903 3478 1090 3540 manchino
1122 3479 1191 3540 alla
1224 3499 1330 3542 causa
1363 3482 1408 3543 de

138 3582 210 3647 Dio.
256 3586 330 3649 Con
356 3585 490 3648 Luther
514 3606 578 3667 per
602 3585 721 3649 niente
746 3606 814 3647 non
848 3586 977 3648 intrate
1009 3585 1043 3647 in
1076 3584 1216 3666 dispute
1248 3585 1277 3647 si
1308 3607 1408 3648 come

138 3691 281 3756 scrivete
305 3714 375 3756 non
402 3714 498 3756 esser
524 3715 570 3756 ex
594 3694 769 3774 dignitate
801 3694 896 3756 della
927 3691 1021 3755 Sede
1047 3692 1272 3773 Apostolica;
1306 3696 1408 3756 basta

138 3799 197 3860 che
220 3821 285 3864 con
311 3799 335 3863 li
359 3800 513 3882 principi
537 3808 572 3863 et
596 3799 676 3863 altri
693 3799 875 3863 mostriate
893 3820 958 3861 con
977 3799 1149 3861 modestia
1172 3797 1197 3860 li
1221 3799 1273 3860 soi
1298 3799 1407 3863 errori

138 3907 271 3986 quando
298 3909 333 3970 vi
357 3907 462 3970 viene
487 3929 508 3970 a
531 3907 716 3989 proposito
747 3917 802 3970 tra
832 3909 909 3969 loro
935 3914 970 3969 et
994 3906 1062 3968 voi.
1118 3906 1192 3969 Con
1226 3928 1335 3970 mons.
1372 3909 1406 3969 di

138 4010 262 4076 Cevres
281 4025 424 4095 possete
438 4015 660 4096 responderli
677 4016 742 4077 che
759 4014 919 4096 piacesse
934 4034 956 4075 a
969 4013 1038 4075 Dio
1061 4013 1122 4075 tali
1139 4012 1276 4075 fossero
1292 4013 1315 4075 li
1330 4016 1407 4077 loro

138 4120 342 4196 portamenti
366 4142 472 4184 verso
497 4121 539 4184 N.
565 4119 601 4183 S.
626 4123 691 4183 che
717 4121 751 4183 di
776 4119 812 4182 S.
839 4119 892 4181 sn
916 4139 1021 4182 verso
1053 4119 1183 4182 Cesare
1216 4128 1250 4181 et
1282 4122 1347 4182 che
1371 4121 1405 4183 in

139 4227 346 4290 conscientia
379 4249 444 4290 sua
474 4249 514 4290 sa
537 4230 608 4290 ben
633 4230 699 4290 che
723 4248 793 4290 non
817 4228 865 4289 ha
889 4227 1036 4308 ragione
1068 4226 1104 4288 di
1135 4228 1264 4290 dolersi
1297 4229 1339 4290 nd
1373 4229 1406 4289 di

138 4343 329 4413 sospettare
354 4335 390 4395 di
415 4334 457 4396 N.
483 4333 519 4397 S.
566 4334 634 4396 Nel
658 4344 753 4397 resto
779 4333 991 4395 rimettetive
1016 4334 1049 4395 al
1073 4334 1348 4396 Prothonotario
1373 4347 1408 4397 et

138 4455 197 4500 con
222 4439 269 4502 lui
292 4440 466 4504 conserite
490 4441 515 4503 il
540 4451 641 4504 tutt0.

220 4545 321 4610 Circa
346 4549 465 4629 quello
497 4549 562 4611 che
591 4549 625 4610 in
657 4558 747 4610 tutte
780 4548 849 4609 due
881 4549 914 4608 le
945 4558 1064 4610 vostre
1097 4548 1224 4610 lettere
1257 4547 1409 4612 scrivete

140 4672 202 4714 non
221 4661 360 4736 possum
385 4675 493 4738 neque
515 4654 629 4717 ausim
652 4652 767 4717 omnia
789 4653 935 4717 scribere
967 4664 1002 4716 et
1026 4653 1061 4716 in
1086 4655 1107 4716 l'
1129 4657 1219 4717 altra
1242 4657 1303 4718 sed
1322 4659 1414 4739 quod

138 4756 201 4818 scio
231 4760 328 4842 loqui
349 4783 416 4824 mm
435 4769 595 4844 possum,
630 4759 671 4824 N.
696 4759 733 4824 S.
758 4763 867 4823 molto
900 4761 928 4823 si
954 4761 1162 4841 meraviglia
1193 4761 1228 4823 di
1256 4763 1313 4825 voi
1343 4764 1409 4826 che

139 4863 301 4929 habbiate
324 4879 424 4931 tanto
450 4869 598 4949 rispetto
623 4867 658 4930 di
683 4868 838 4930 scrivere
869 4879 903 4929 et
937 4869 971 4930 di
1004 4870 1160 4948 pariare,
1193 4871 1235 4931 ni
1267 4870 1291 4931 li
1322 4890 1409 4951 pare
