3425 5700
794 544 1042 604 6-11141811-ο

369 693 404 760 Is
427 704 594 780 preterea
626 695 785 778 queritur
807 695 928 758 Duces
952 693 1253 774 Lunubergenses
1277 713 1355 756 cum
1377 691 1555 756 Friderico

280 799 440 868 Saxonie
463 802 564 865 Duce
597 802 771 883 sanguine
804 801 1015 866 coniunctos
1047 802 1176 866 acerbe
1201 801 1390 864 admodum
1423 810 1460 862 et
1483 817 1545 880 gra

283 909 389 973 vibus
423 907 673 974 exactionibus
695 908 828 972 clerum
863 927 964 974 suum
998 926 1148 988 vexare,
1183 905 1332 989 singulis
1366 905 1558 988 quibusque

281 1015 419 1080 duobus
443 1014 519 1078 fere
544 1013 645 1079 annis
669 1026 704 1078 et
728 1014 851 1080 tertias
876 1022 912 1077 et
931 1023 1076 1095 quartas
1100 1021 1136 1078 et
1159 1012 1369 1076 medietates
1385 1010 1556 1076 fructuum

281 1122 486 1204 exigentes,
522 1122 694 1188 adversus
724 1141 813 1202 quos
844 1141 923 1186 cum
948 1121 1045 1184 nulla
1075 1119 1151 1184 eius
1174 1119 1313 1202 possint
1344 1119 1478 1182 auxilia
1504 1139 1557 1182 me

280 1237 387 1310 rogat
414 1228 499 1292 item
529 1225 903 1292 11111111111111118ιι
931 1227 975 1295 V.
999 1226 1197 1309 supplicem
1229 1236 1405 1308 quatenus
1433 1228 1478 1289 de
1500 1245 1556 1307 op·

280 1345 435 1419 portuno
450 1334 609 1400 remedio
629 1335 793 1416 predicto
807 1337 905 1400 clero
919 1334 1110 1400 subvenire
1126 1334 1304 1416 dignetur,
1328 1354 1373 1397 ne
1388 1344 1558 1415 perpetuo

282 1444 497 1525 deglubatur
528 1452 564 1506 et
586 1445 633 1508 ab
658 1462 780 1508 eorum
804 1441 999 1523 cupiditate
1024 1440 1245 1524 opprimatur
1274 1439 1428 1504 maxima
1451 1441 1558 1504 eccle·

282 1549 424 1616 siastice
447 1549 622 1616 libertatis
646 1547 855 1614 offensione.

371 1657 427 1722 De
459 1655 660 1722 huiusmodi
683 1654 968 1737 Archiepiscopo
1003 1654 1107 1736 plura
1140 1652 1295 1718 arbitror
1317 1651 1356 1718 S.
1380 1652 1452 1716 V⁸¹¹¹
1485 1671 1561 1714 cum

283 1785 330 1829 ex
353 1762 430 1828 aliis
453 1772 527 1827 tum
552 1783 599 1827 ex
614 1763 702 1828 meis
726 1763 854 1826 litteris
869 1759 1094 1843 cognovisse,
1119 1770 1225 1840 atque
1242 1759 1328 1823 illud
1344 1758 1560 1841 potissimum

282 1871 378 1956 quod
400 1869 438 1934 in
461 1891 505 1936 eo
529 1869 650 1934 inveni
672 1869 862 1934 maximam
887 1886 974 1950 erga
999 1863 1168 1930 Sanctam
1191 1865 1293 1930 istam
1311 1863 1442 1930 Sedem
1465 1885 1561 1930 reve·

282 1977 433 2041 rentiam
461 1986 498 2040 et
528 1976 778 2040 obedientiam.
826 1975 1067 2056 Quamobrem
1101 1973 1234 2036 nullum
1258 1971 1367 2036 officii
1390 1991 1505 2054 genus
1527 1971 1562 2034 in

282 2082 399 2165 ipsum
431 2103 501 2146 non
526 2081 661 2164 optime
692 2083 904 2146 collocatum
937 2099 1016 2144 esse
1048 2089 1178 2161 potest.
1224 2078 1351 2161 Itaque
1383 2098 1454 2142 una
1486 2097 1563 2141 cum

283 2190 455 2254 servitute
485 2209 565 2252 mea
597 2208 667 2272 ego
699 2209 779 2252 eum
808 2187 1001 2256 humillime
1026 2185 1073 2249 8²¹
1097 2186 1141 2251 V.
1167 2186 1375 2250 commendo
1408 2197 1443 2248 et
1468 2187 1565 2248 Deus

284 2317 362 2360 eam
394 2295 633 2359 felicissimam
667 2295 864 2357 diutissime
898 2293 1002 2358 nobis
1033 2293 1222 2357 custodiat.
1281 2291 1383 2356 Bude
1416 2292 1468 2356 III
1500 2291 1562 2354 Fe-

282 2403 417 2467 bruarii
439 2402 640 2466 MDXXV.

815 2597 963 2609 ›ne-mm-
967 2596 1022 2608 »ΛΑΜ

887 2825 951 2892 189

560 2954 720 3035 Clemens
748 2952 826 3034 VIL
856 2952 1042 3033 dardinnli
1069 2952 1293 3054 Magantinn.

656 3099 794 3173 11111111
810 3098 899 3173 aput
918 3098 955 3159 tu
973 3098 1191 3173 1111111111)

776 3226 813 3283 n.
830 3219 971 3271 Febrwii
992 3216 1080 3287 152⁵-l

372 3353 513 3416 Dilecte
542 3352 593 3417 fili
616 3362 738 3416 noster
768 3360 835 3417 etc.
883 3351 1136 3435 Superioribus
1168 3354 1294 3417 diebus
1324 3374 1403 3416 cum
1435 3355 1480 3416 de
1514 3363 1569 3417 tu·

284 3462 395 3525 multu
406 3459 566 3525 Civitatis
576 3460 861 3541 Magdeburgen.
875 3481 917 3523 11
933 3462 978 3523 de
992 3460 1178 3541 impiorum
1192 3462 1414 3524 lutheranam
1427 3472 1570 3543 pestem

282 3566 320 3630 in
344 3587 387 3631 oo
410 3568 545 3649 populo
569 3572 814 3649 spargentium
837 3566 1012 3645 factione,
1037 3568 1083 3629 ad
1107 3587 1172 3630 nos
1197 3577 1292 3633 esset
1314 3568 1469 3645 allatum,
1494 3588 1571 3632 non

285 3672 500 3737 mediocrem
523 3673 558 3736 in
583 3673 700 3737 animo
725 3682 846 3737 nostro
872 3673 1100 3754 concepimus
1124 3674 1301 3737 dolorem:
1335 3694 1416 3737 nam
1439 3682 1475 3737 et
1498 3694 1570 3756 pro

283 3798 368 3841 cura
397 3787 506 3861 atque
537 3779 699 3843 custodia
723 3780 834 3843 nostri
866 3779 986 3843 dilecti
1010 3780 1151 3863 gregis,
1187 3800 1291 3863 quem
1321 3802 1343 3843 a
1366 3783 1572 3845 truculenta

282 3887 446 3969 luporum
477 3885 812 3951 rabie‘incolumem
843 3905 990 3951 servare
1020 3908 1091 3951 non
1115 3898 1341 3968 poteramus,
1374 3888 1570 3951 admodum

282 3993 384 4057 mesti
409 3992 621 4074 sollicitique
645 3992 791 4074 fuimus,
827 4002 864 4057 et
887 4005 969 4057 tuae
994 4014 1135 4076 quoque
1159 3993 1324 4075 dignitati
1354 4004 1481 4059 actuo
1506 3996 1571 4057 ho·

282 4098 361 4162 nori
384 4100 446 4162 illo
471 4100 576 4162 modo
601 4100 758 4176 detrahi,
794 4120 860 4181 pro
885 4111 1008 4165 nostra
1030 4102 1114 4165 inde
1138 4110 1289 4183 paterna
1314 4103 1573 4165 benevolentia

285 4226 394 4289 aegre
418 4206 576 4280 tulimus;
608 4206 818 4271 videbamus
842 4208 947 4271 etiam
973 4210 1173 4291 exemplum
1199 4208 1234 4271 in
1259 4228 1303 4272 ea
1325 4230 1364 4271 re
1388 4209 1452 4271 toti
1478 4207 1572 4273 Ger·

281 4312 421 4375 maniae
453 4332 496 4377 ac
519 4313 763 4395 Principibus,
799 4314 1052 4397 nobilibusque
1084 4316 1294 4396 praesertim
1326 4315 1574 4397 perniciosum

280 4417 450 4500 proferri,
474 4418 503 4481 si
527 4418 712 4500 imperitae
736 4419 863 4501 plebes
887 4420 947 4483 illa
971 4422 1109 4485 ratione
1133 4422 1332 4485 subducere
1356 4442 1394 4485 se
1419 4442 1440 4484 a
1463 4440 1573 4503 supe

279 4523 412 4587 riorum
444 4524 668 4606 obedientia,
704 4536 740 4589 et
771 4527 932 4590 ordinem
968 4548 1108 4591 omnem
1144 4527 1436 4610 disciplinamque
1469 4526 1574 4593 vitae

279 4635 425 4696 turbare
440 4644 477 4696 et
493 4630 712 4697 confundere
729 4644 959 4707 conarentur;
986 4654 1076 4715 quae
1094 4655 1172 4698 cum
1191 4634 1308 4699 omnia
1321 4634 1446 4717 gravia
1460 4634 1575 4699 nobis

280 4748 317 4802 et
348 4740 436 4802 dura
459 4739 692 4820 videbantur,
726 4748 800 4803 tum
833 4739 919 4804 nihil
944 4742 1065 4805 durius
1099 4762 1203 4825 quam
1234 4743 1330 4824 quod
1362 4762 1440 4803 cum
1464 4752 1575 4807 tanto

282 4846 479 4910 animarum
503 4846 659 4909 fidelium
676 4846 901 4930 detrimento,
924 4847 992 4910 ista
1012 4848 1116 4911 nobis
1131 4848 1337 4915 charissima
1361 4857 1397 4911 et
1412 4848 1572 4915 dilectis·
