3425 5700
833 571 1080 630 *blase*

314 740 463 801 quorum
487 719 650 800 impietas
682 718 788 782 etiam
813 719 890 782 aliis
914 727 1033 800 potest
1057 739 1136 782 esse
1170 730 1392 785 nocumento
1441 720 1587 802 Cumque

313 846 379 889 nos
411 827 455 889 de
488 824 682 888 nobilitatis
712 834 795 890 tuae
826 825 1000 909 religione
1042 835 1078 889 et
1107 827 1298 908 prudentia
1326 827 1376 890 ita
1407 827 1589 891 sentiamus

314 943 352 996 ut
377 935 421 996 de
445 932 621 996 catholica
645 942 681 996 et
705 932 740 996 in
763 932 886 1015 primis
911 935 1111 997 excellente
1125 933 1273 998 muliere
1294 935 1518 998 sentiendum
1533 949 1588 1014 est,

314 1065 419 1126 quam
443 1042 511 1124 ipsi
535 1042 663 1106 scimus
687 1063 758 1123 quo
780 1042 927 1124 ingenio
952 1051 988 1105 et
1012 1050 1144 1124 quanta
1165 1042 1301 1122 polleat
1316 1041 1456 1122 virtute,
1479 1053 1589 1105 tecum

314 1149 574 1214 communicare
599 1170 677 1212 eam
701 1169 820 1211 curam
843 1148 1030 1226 voluimus,
1055 1168 1147 1229 quae
1162 1168 1227 1211 nos
1251 1169 1318 1232 pro
1341 1160 1464 1212 nostro
1480 1157 1588 1233 pasto·

314 1259 379 1321 rali
411 1256 529 1321 officio
560 1258 791 1320 vehementer
830 1255 969 1337 premit.
1016 1255 1199 1318 Habemus
1235 1255 1328 1318 enim
1358 1266 1441 1318 ante
1474 1256 1590 1318 oculos

313 1375 455 1428 nostros
479 1365 700 1445 propositum
725 1362 809 1444 quid
835 1385 855 1425 a
879 1345 982 1425 nobis
999 1363 1156 1444 postulet
1180 1372 1216 1424 et
1233 1361 1391 1444 requirat
1407 1362 1483 1444 ipse
1499 1363 1590 1424 Deus

314 1471 371 1535 cui
394 1471 461 1534 soli
483 1489 633 1552 regnum
658 1469 852 1532 animarum
869 1469 1066 1532 subiectum
1091 1479 1154 1548 est,
1180 1467 1307 1549 quibus
1329 1471 1424 1533 nulla
1450 1481 1504 1532 est
1520 1490 1590 1552 pre·

314 1578 445 1642 ciosior
474 1598 541 1655 nec
565 1576 707 1640 maioris
731 1575 952 1640 aestimanda
976 1575 1155 1658 possessio
1163 1625 1172 1657 ,
1207 1575 1310 1640 huius
1334 1577 1434 1660 regni
1458 1576 1589 1640 tutandi

314 1706 356 1750 ac
391 1682 610 1748 defendendi
644 1686 804 1746 laborem
839 1683 943 1746 nobis
982 1683 1086 1745 huius
1121 1703 1226 1764 quem
1261 1683 1417 1766 gerimus
1452 1684 1591 1748 honoris

314 1793 454 1874 pondus
477 1790 595 1870 infert,
620 1810 690 1871 quo
714 1789 811 1852 vices
835 1789 967 1852 Christi
991 1799 1170 1871 gerentes,
1194 1792 1239 1854 de
1264 1793 1378 1854 salute
1402 1790 1592 1854 animarum

314 1898 456 1970 solliciti
480 1917 558 1960 esse
583 1898 764 1960 debemus.
811 1895 886 1958 Nec
912 1897 1077 1959 desumus
1102 1895 1221 1960 officio
1257 1917 1328 1980 qua
1352 1907 1494 1961 nostrae
1519 1917 1591 1981 per·

314 2004 429 2068 tinent
451 2003 657 2076 facultates;
682 2023 764 2066 nam
788 2014 824 2064 et
847 2003 996 2066 consilio
1021 2012 1058 2066 et
1080 2003 1283 2068 hortatione
1309 2013 1344 2067 et
1368 2025 1453 2068 cura
1477 2016 1511 2067 et
1529 2025 1594 2067 mo-

315 2111 397 2177 nitis
427 2111 628 2174 errantibus
659 2109 904 2182 subvenimus;
942 2110 971 2172 si
1011 2110 1070 2192 qui
1101 2131 1187 2174 vero
1219 2122 1300 2175 sunt
1330 2112 1594 2193 pertinaciores,

315 2227 376 2281 aut
399 2218 428 2280 si
453 2236 601 2299 quorum
625 2217 725 2281 furor
748 2219 939 2280 salutarem
960 2217 1171 2280 medicinam
1195 2219 1349 2300 pastoris
1373 2219 1427 2282 sui
1451 2240 1522 2282 non
1545 2241 1593 2282 re·

315 2325 418 2406 cipit,
454 2323 557 2388 nobis
582 2333 636 2386 est
659 2326 705 2386 ad
729 2323 951 2406 principatus
982 2333 1017 2386 et
1040 2333 1238 2406 potestates
1261 2324 1538 2408 confugiendum
1563 2335 1595 2388 et

315 2451 436 2495 eorum
468 2428 694 2514 providentia
722 2431 768 2492 ad
792 2429 963 2492 auxilium
987 2429 1205 2511 invocanda,
1241 2443 1424 2494 uteorum
1448 2432 1595 2496 auctori-

315 2547 388 2602 tate
413 2545 449 2600 et
473 2547 567 2600 metu
592 2536 651 2618 qui
676 2537 765 2599 alias
781 2536 970 2617 negligunt
990 2538 1036 2599 ad
1053 2537 1241 2601 sanitatem
1256 2541 1480 2602 reducantur.
1519 2539 1596 2602 Hoc

315 2643 553 2708 nosconsilio
575 2644 786 2726 requirimus
801 2643 1033 2708 Nobilitatem
1057 2654 1153 2708 tuam
1177 2654 1326 2728 paterne
1350 2656 1458 2730 atque
1481 2667 1596 2709 aman·

315 2763 386 2832 ter,
422 2762 461 2814 ut
484 2752 610 2815 adesse
641 2751 745 2815 nobis
776 2754 822 2814 ad
850 2751 1042 2815 iuvandam
1072 2773 1147 2816 rem
1171 2753 1239 2816 Dei
1270 2765 1306 2816 et
1336 2753 1443 2818 fidem
1469 2751 1598 2818 Christi

314 2859 574 2923 immaculatam
599 2861 880 2924 conservandam
904 2859 998 2923 ferre
1024 2882 1128 2943 opem
1142 2861 1239 2943 velit,
1263 2862 1299 2925 in
1322 2862 1373 2926 eis
1395 2863 1484 2926 locis
1498 2882 1597 2944 prae-

315 2968 435 3030 sertim
466 2966 655 3049 inquibus
681 2975 718 3028 tu
741 2976 777 3029 et
800 2965 947 3029 iubendi
973 2976 1008 3029 et
1032 2967 1177 3030 vetandi
1210 2948 1349 3044 obtines
1373 2978 1599 3053 potestatem.

314 3074 370 3137 Ac
404 3074 566 3137 novimus
598 3073 740 3155 quidem
773 3076 863 3137 haec
888 3076 980 3136 mala
1012 3074 1092 3157 ipsa
1125 3074 1189 3138 tibi
1222 3074 1429 3160 displicere;
1465 3076 1529 3139 sed
1564 3075 1598 3137 in

314 3188 414 3244 tanta
437 3181 569 3262 uirtute
601 3190 637 3245 et
669 3190 768 3244 tanta
792 3191 972 3263 potestate
996 3190 1075 3263 tua,
1112 3203 1183 3246 non
1215 3184 1328 3246 solum
1359 3181 1600 3266 egreferenda

315 3298 396 3351 sunt
419 3308 509 3370 quae
534 3288 705 3351 adversus
719 3299 879 3359 veterem
895 3309 1029 3352 morem
1044 3287 1198 3353 Sanctae
1214 3288 1397 3353 Ecclesiae
1419 3298 1601 3353 tentantur

315 3403 351 3457 et
366 3394 604 3477 proferuntur,
629 3415 752 3458 verum
768 3395 875 3458 etiam
890 3394 982 3458 iusta
998 3396 1189 3459 severitate
1206 3396 1432 3461 vindicanda.
1464 3396 1601 3460 Iccirco

315 3500 408 3565 enim
424 3500 601 3564 Nobilitas
623 3511 685 3564 tua
708 3502 892 3584 praefecta
915 3523 937 3566 a
951 3502 1030 3565 Deo
1055 3512 1108 3565 est
1132 3502 1202 3566 illis
1225 3505 1378 3586 populis,
1403 3516 1441 3566 ut
1462 3505 1498 3568 in
1515 3506 1599 3567 obe·
1699 3540 1700 3593 3

315 3608 450 3671 dientia
482 3628 543 3671 eos
567 3608 720 3671 retineat
752 3618 788 3672 et
811 3609 880 3671 Dei
905 3610 1147 3673 etmalorum.
1194 3610 1319 3693 Neque
1343 3631 1430 3675 vero
1455 3620 1492 3674 tu
1516 3623 1603 3693 post
1699 3598 1700 3601 ¹

314 3714 411 3777 illum
436 3714 529 3778 diem
561 3715 619 3797 qui
645 3726 824 3779 extremus
848 3709 995 3797 paratus
1020 3727 1073 3779 est
1098 3717 1259 3781 omnibus
1292 3718 1479 3800 quicquam
1503 3717 1602 3781 ferre

313 3822 450 3903 poteris
474 3842 521 3885 ex
544 3821 651 3886 tantis
675 3823 804 3904 opibus
828 3823 955 3904 quibus
979 3824 1143 3905 praedita
1168 3845 1260 3888 nunc
1285 3846 1323 3888 es
1340 3834 1422 3890 ante
1443 3824 1602 3889 tribunal

315 3928 439 3991 summi
454 3929 533 4010 Dei,
558 3930 654 4011 quod
670 3930 785 4011 magis
808 3928 872 3991 tibi
894 3930 1093 4011 patrocinio
1120 3940 1155 3993 et
1170 3930 1374 3995 adiumento
1391 3953 1470 3995 esse
1485 3932 1605 4014 possit

313 4036 359 4097 ad
382 4035 617 4098 immortalem
649 4038 790 4097 beatam
814 4035 923 4098 vitam
952 4040 1255 4119 consequendam,
1287 4059 1393 4120 quam
1418 4060 1539 4102 curam
1567 4050 1604 4103 et
1698 4038 1699 4077 ³

315 4140 535 4224 diligentiam
568 4141 762 4205 adhibitam
792 4141 885 4205 inter
908 4149 988 4205 tuos
1021 4153 1058 4207 ut
1082 4144 1276 4207 animarum
1302 4147 1396 4208 salus
1405 4194 1413 4226 ,
1450 4166 1604 4227 quarum

314 4248 468 4312 maxime
484 4249 563 4312 Deo
586 4269 670 4313 cura
686 4258 749 4329 est,
773 4248 944 4312 inviolata
961 4250 1206 4315 custodiretur.
1248 4252 1324 4316 Hoc
1346 4262 1400 4315 est
1415 4254 1604 4335 proprium

314 4355 455 4419 virtutis
470 4366 563 4437 tuae,
588 4358 656 4419 hoc
673 4354 816 4437 pietatis
841 4365 877 4418 et
890 4356 1077 4438 religionis
1100 4378 1205 4438 quarn
1223 4379 1363 4441 semper
1379 4379 1466 4441 erga
1484 4360 1605 4423 Deum

314 4462 491 4544 integram
515 4461 744 4543 praestitisti,
767 4471 807 4526 ut
831 4473 867 4525 et
890 4472 993 4526 vetus
1017 4474 1099 4527 tuae
1125 4464 1239 4528 laudis
1263 4465 1383 4547 opinio
1408 4469 1501 4549 apud
1527 4490 1604 4531 om·
1697 4514 1698 4561 ζ

314 4587 378 4631 nes
399 4568 560 4631 homines
576 4568 803 4631 confirmetur
824 4580 859 4632 et
875 4589 957 4651 spes
977 4572 1104 4633 beatae
1129 4570 1401 4636 immortalitatis
1421 4574 1484 4637 tibi
1500 4577 1605 4655 apud

314 4674 430 4737 Deum
464 4656 510 4736 sit
546 4676 776 4757 exploratior.
823 4676 898 4740 Nos
934 4678 1001 4740 hec
1038 4678 1163 4741 eadem
1200 4680 1244 4742 de
1274 4700 1313 4742 re
1348 4681 1394 4741 ad
1429 4681 1607 4745 dilectum

312 4780 420 4843 filiurn
455 4790 613 4845 nostrum
638 4782 835 4846 Erhardum
866 4784 957 4846 tituli
982 4783 1105 4847 ¹&ancti
1130 4784 1323 4867 Grisogoni
1347 4790 1607 4869 presbyterum

314 4887 539 4952 Cardinalem
563 4888 798 4976 Leodiensem
823 4890 1028 4973 scribimus,
1064 4891 1289 4975 iniungentes
1313 4903 1352 4956 ut
1376 4894 1607 4978 diligentiam
