<?xml version="1.0" encoding="UTF-8"?>
<!DOCTYPE html PUBLIC "-//W3C//DTD XHTML 1.0 Transitional//EN"
    "http://www.w3.org/TR/xhtml1/DTD/xhtml1-transitional.dtd">
<html xmlns="http://www.w3.org/1999/xhtml" xml:lang="en" lang="en">
 <head>
  <title>
</title>
<meta http-equiv="Content-Type" content="text/html;charset=utf-8" />
  <meta name='ocr-system' content='tesseract 3.04.00' />
  <meta name='ocr-capabilities' content='ocr_page ocr_carea ocr_par ocr_line ocrx_word'/>
</head>
<body>
  <div class='ocr_page' id='page_1' title='image "./monumentareform00unkngoog_0013.png"; bbox 0 0 3425 5700; ppageno 0'>
   <div class='ocr_carea' id='block_1_1' title="bbox 742 595 992 653">
    <p class='ocr_par' dir='ltr' id='par_1_1' title="bbox 742 595 992 653">
     <span class='ocr_line' id='line_1_1' title="bbox 742 595 992 653; baseline 0.004 -1"><span class='ocrx_word' id='word_1_1' title='bbox 742 595 800 652; x_wconf 48' lang='lat' dir='ltr'><strong>Mil</strong></span> <span class='ocrx_word' id='word_1_2' title='bbox 841 599 992 653; x_wconf 75' lang='lat' dir='ltr'><strong>V11c&gt;0</strong></span> 
     </span>
    </p>
   </div>
   <div class='ocr_carea' id='block_1_2' title="bbox 220 743 1513 5005">
    <p class='ocr_par' dir='ltr' id='par_1_2' title="bbox 227 743 1513 1236">
     <span class='ocr_line' id='line_1_2' title="bbox 229 743 1513 810; baseline 0.005 -5"><span class='ocrx_word' id='word_1_3' title='bbox 229 744 411 806; x_wconf 80' lang='lat' dir='ltr'><strong>vesaniam</strong></span> <span class='ocrx_word' id='word_1_4' title='bbox 448 753 484 806; x_wconf 88' lang='lat' dir='ltr'><strong>et</strong></span> <span class='ocrx_word' id='word_1_5' title='bbox 516 743 767 807; x_wconf 86' lang='lat' dir='ltr'><strong>contumatiam</strong></span> <span class='ocrx_word' id='word_1_6' title='bbox 804 756 838 807; x_wconf 89' lang='lat' dir='ltr'><strong>et</strong></span> <span class='ocrx_word' id='word_1_7' title='bbox 875 745 1149 809; x_wconf 86' lang='lat' dir='ltr'><strong>obstinationem</strong></span> <span class='ocrx_word' id='word_1_8' title='bbox 1186 748 1341 810; x_wconf 85' lang='lat' dir='ltr'><strong>addente</strong></span> <span class='ocrx_word' id='word_1_9' title='bbox 1377 750 1424 810; x_wconf 85' lang='lat' dir='ltr'><strong>ad</strong></span> <span class='ocrx_word' id='word_1_10' title='bbox 1448 769 1513 810; x_wconf 92' lang='lat' dir='ltr'><strong>nos</strong></span> 
     </span>
     <span class='ocr_line' id='line_1_3' title="bbox 230 851 1511 926; baseline 0.005 -14"><span class='ocrx_word' id='word_1_11' title='bbox 230 851 433 913; x_wconf 88' lang='lat' dir='ltr'><strong>necessario</strong></span> <span class='ocrx_word' id='word_1_12' title='bbox 466 851 625 914; x_wconf 87' lang='lat' dir='ltr'><strong>defertur</strong></span> <span class='ocrx_word' id='word_1_13' title='bbox 661 852 856 914; x_wconf 81' lang='lat' dir='ltr'><strong>necessitas</strong></span> <span class='ocrx_word' id='word_1_14' title='bbox 888 852 1108 926; x_wconf 64' lang='lat' dir='ltr'><strong>vindicanda</strong></span> <span class='ocrx_word' id='word_1_15' title='bbox 1145 874 1225 916; x_wconf 93' lang='lat' dir='ltr'><strong>nam</strong></span> <span class='ocrx_word' id='word_1_16' title='bbox 1262 863 1297 917; x_wconf 90' lang='lat' dir='ltr'><strong>et</strong></span> <span class='ocrx_word' id='word_1_17' title='bbox 1332 853 1511 918; x_wconf 88' lang='lat' dir='ltr'><strong>interitum</strong></span> 
     </span>
     <span class='ocr_line' id='line_1_4' title="bbox 227 958 1512 1043; baseline 0.005 -24"><span class='ocrx_word' id='word_1_18' title='bbox 227 960 290 1020; x_wconf 80' lang='lat' dir='ltr'><strong>vel</strong></span> <span class='ocrx_word' id='word_1_19' title='bbox 314 958 478 1021; x_wconf 86' lang='lat' dir='ltr'><strong>minimae</strong></span> <span class='ocrx_word' id='word_1_20' title='bbox 512 958 588 1020; x_wconf 90' lang='lat' dir='ltr'><strong>ovis</strong></span> <span class='ocrx_word' id='word_1_21' title='bbox 623 979 669 1020; x_wconf 85' lang='lat' dir='ltr'><strong>ex</strong></span> <span class='ocrx_word' id='word_1_22' title='bbox 698 977 810 1042; x_wconf 84' lang='lat' dir='ltr'><strong>grege</strong></span> <span class='ocrx_word' id='word_1_23' title='bbox 847 971 969 1022; x_wconf 88' lang='lat' dir='ltr'><strong>nostro</strong></span> <span class='ocrx_word' id='word_1_24' title='bbox 1005 980 1084 1022; x_wconf 93' lang='lat' dir='ltr'><strong>cum</strong></span> <span class='ocrx_word' id='word_1_25' title='bbox 1119 961 1242 1023; x_wconf 91' lang='lat' dir='ltr'><strong>dolore</strong></span> <span class='ocrx_word' id='word_1_26' title='bbox 1279 961 1440 1043; x_wconf 77' lang='lat' dir='ltr'><strong>ferimuS,</strong></span> <span class='ocrx_word' id='word_1_27' title='bbox 1476 971 1512 1025; x_wconf 85' lang='lat' dir='ltr'><strong>et</strong></span> 
     </span>
     <span class='ocr_line' id='line_1_5' title="bbox 228 1065 1511 1147; baseline 0.003 -19"><span class='ocrx_word' id='word_1_28' title='bbox 228 1086 369 1147; x_wconf 88' lang='lat' dir='ltr'><strong>poenae</strong></span> <span class='ocrx_word' id='word_1_29' title='bbox 405 1065 665 1128; x_wconf 89' lang='lat' dir='ltr'><strong>animadversio</strong></span> <span class='ocrx_word' id='word_1_30' title='bbox 705 1067 966 1130; x_wconf 85' lang='lat' dir='ltr'><strong>mansuetudini</strong></span> <span class='ocrx_word' id='word_1_31' title='bbox 1010 1079 1153 1131; x_wconf 88' lang='lat' dir='ltr'><strong>nostrae</strong></span> <span class='ocrx_word' id='word_1_32' title='bbox 1191 1070 1421 1132; x_wconf 89' lang='lat' dir='ltr'><strong>vehementer</strong></span> <span class='ocrx_word' id='word_1_33' title='bbox 1457 1079 1511 1132; x_wconf 87' lang='lat' dir='ltr'><strong>est</strong></span> 
     </span>
     <span class='ocr_line' id='line_1_6' title="bbox 228 1173 440 1236; baseline -0.009 0"><span class='ocrx_word' id='word_1_34' title='bbox 228 1173 440 1236; x_wconf 84' lang='lat' dir='ltr'><strong>contraria“.</strong></span> 
     </span>
    </p>

    <p class='ocr_par' dir='ltr' id='par_1_3' title="bbox 321 1280 1303 1362">
     <span class='ocr_line' id='line_1_7' title="bbox 321 1280 1303 1362; baseline 0.004 -19"><span class='ocrx_word' id='word_1_35' title='bbox 321 1280 420 1362; x_wconf 79' lang='lat' dir='ltr'><strong>Quae</strong></span> <span class='ocrx_word' id='word_1_36' title='bbox 444 1281 572 1343; x_wconf 88' lang='lat' dir='ltr'><strong>verba!</strong></span> <span class='ocrx_word' id='word_1_37' title='bbox 598 1301 703 1361; x_wconf 87' lang='lat' dir='ltr'><strong>quam</strong></span> <span class='ocrx_word' id='word_1_38' title='bbox 727 1281 870 1344; x_wconf 87' lang='lat' dir='ltr'><strong>diversa</strong></span> <span class='ocrx_word' id='word_1_39' title='bbox 893 1283 939 1344; x_wconf 89' lang='lat' dir='ltr'><strong>ab</strong></span> <span class='ocrx_word' id='word_1_40' title='bbox 964 1281 1068 1344; x_wconf 90' lang='lat' dir='ltr'><strong>editis</strong></span> <span class='ocrx_word' id='word_1_41' title='bbox 1093 1282 1303 1347; x_wconf 87' lang='lat' dir='ltr'><strong>lutheranis!</strong></span> 
     </span>
    </p>

    <p class='ocr_par' dir='ltr' id='par_1_4' title="bbox 220 1388 1510 2438">
     <span class='ocr_line' id='line_1_8' title="bbox 321 1388 1510 1471; baseline 0.003 -21"><span class='ocrx_word' id='word_1_42' title='bbox 321 1389 370 1450; x_wconf 88' lang='lat' dir='ltr'><strong>At</strong></span> <span class='ocrx_word' id='word_1_43' title='bbox 383 1409 452 1450; x_wconf 89' lang='lat' dir='ltr'><strong>non</strong></span> <span class='ocrx_word' id='word_1_44' title='bbox 470 1388 611 1450; x_wconf 90' lang='lat' dir='ltr'><strong>diversa</strong></span> <span class='ocrx_word' id='word_1_45' title='bbox 625 1398 760 1451; x_wconf 90' lang='lat' dir='ltr'><strong>tantum</strong></span> <span class='ocrx_word' id='word_1_46' title='bbox 774 1391 836 1451; x_wconf 90' lang='lat' dir='ltr'><strong>sed</strong></span> <span class='ocrx_word' id='word_1_47' title='bbox 850 1399 885 1450; x_wconf 94' lang='lat' dir='ltr'><strong>et</strong></span> <span class='ocrx_word' id='word_1_48' title='bbox 895 1389 1083 1468; x_wconf 89' lang='lat' dir='ltr'><strong>contraria,</strong></span> <span class='ocrx_word' id='word_1_49' title='bbox 1096 1389 1130 1452; x_wconf 91' lang='lat' dir='ltr'><strong>in</strong></span> <span class='ocrx_word' id='word_1_50' title='bbox 1147 1390 1376 1471; x_wconf 88' lang='lat' dir='ltr'><strong>sequentibus</strong></span> <span class='ocrx_word' id='word_1_51' title='bbox 1392 1411 1510 1453; x_wconf 91' lang='lat' dir='ltr'><strong>occur-</strong></span> 
     </span>
     <span class='ocr_line' id='line_1_9' title="bbox 228 1495 1509 1578; baseline 0.002 -20"><span class='ocrx_word' id='word_1_52' title='bbox 228 1507 328 1558; x_wconf 88' lang='lat' dir='ltr'><strong>runt:</strong></span> <span class='ocrx_word' id='word_1_53' title='bbox 351 1497 511 1573; x_wconf 83' lang='lat' dir='ltr'><strong>„Testem</strong></span> <span class='ocrx_word' id='word_1_54' title='bbox 525 1495 640 1558; x_wconf 89' lang='lat' dir='ltr'><strong>Deum</strong></span> <span class='ocrx_word' id='word_1_55' title='bbox 657 1496 936 1578; x_wconf 88' lang='lat' dir='ltr'><strong>omnipotentem</strong></span> <span class='ocrx_word' id='word_1_56' title='bbox 958 1506 994 1558; x_wconf 89' lang='lat' dir='ltr'><strong>et</strong></span> <span class='ocrx_word' id='word_1_57' title='bbox 1007 1506 1103 1559; x_wconf 89' lang='lat' dir='ltr'><strong>tuam</strong></span> <span class='ocrx_word' id='word_1_58' title='bbox 1116 1496 1338 1560; x_wconf 88' lang='lat' dir='ltr'><strong>nobilitatem</strong></span> <span class='ocrx_word' id='word_1_59' title='bbox 1350 1497 1509 1578; x_wconf 85' lang='lat' dir='ltr'><strong>facimus,</strong></span> 
     </span>
     <span class='ocr_line' id='line_1_10' title="bbox 229 1602 1510 1688; baseline 0.002 -23"><span class='ocrx_word' id='word_1_60' title='bbox 229 1624 297 1665; x_wconf 89' lang='lat' dir='ltr'><strong>nos</strong></span> <span class='ocrx_word' id='word_1_61' title='bbox 320 1604 389 1666; x_wconf 91' lang='lat' dir='ltr'><strong>iam</strong></span> <span class='ocrx_word' id='word_1_62' title='bbox 414 1605 460 1666; x_wconf 88' lang='lat' dir='ltr'><strong>ab</strong></span> <span class='ocrx_word' id='word_1_63' title='bbox 484 1602 584 1666; x_wconf 92' lang='lat' dir='ltr'><strong>initio</strong></span> <span class='ocrx_word' id='word_1_64' title='bbox 610 1622 688 1665; x_wconf 90' lang='lat' dir='ltr'><strong>cum</strong></span> <span class='ocrx_word' id='word_1_65' title='bbox 716 1602 862 1666; x_wconf 88' lang='lat' dir='ltr'><strong>Martini</strong></span> <span class='ocrx_word' id='word_1_66' title='bbox 886 1603 1052 1684; x_wconf 86' lang='lat' dir='ltr'><strong>Lutheri,</strong></span> <span class='ocrx_word' id='word_1_67' title='bbox 1087 1624 1190 1685; x_wconf 91' lang='lat' dir='ltr'><strong>quem</strong></span> <span class='ocrx_word' id='word_1_68' title='bbox 1220 1603 1329 1667; x_wconf 88' lang='lat' dir='ltr'><strong>filium</strong></span> <span class='ocrx_word' id='word_1_69' title='bbox 1358 1603 1510 1688; x_wconf 90' lang='lat' dir='ltr'><strong>amplius</strong></span> 
     </span>
     <span class='ocr_line' id='line_1_11' title="bbox 228 1709 1508 1793; baseline 0 -19"><span class='ocrx_word' id='word_1_70' title='bbox 228 1720 389 1774; x_wconf 88' lang='lat' dir='ltr'><strong>nostrum</strong></span> <span class='ocrx_word' id='word_1_71' title='bbox 414 1730 543 1772; x_wconf 89' lang='lat' dir='ltr'><strong>vocare</strong></span> <span class='ocrx_word' id='word_1_72' title='bbox 568 1730 640 1773; x_wconf 92' lang='lat' dir='ltr'><strong>non</strong></span> <span class='ocrx_word' id='word_1_73' title='bbox 663 1730 850 1791; x_wconf 91' lang='lat' dir='ltr'><strong>possumus</strong></span> <span class='ocrx_word' id='word_1_74' title='bbox 875 1759 884 1773; x_wconf 91' lang='lat'><strong>.</strong></span> <span class='ocrx_word' id='word_1_75' title='bbox 910 1758 917 1773; x_wconf 93' lang='lat'><strong>.</strong></span> <span class='ocrx_word' id='word_1_76' title='bbox 943 1758 950 1773; x_wconf 91' lang='lat'><strong>.</strong></span> <span class='ocrx_word' id='word_1_77' title='bbox 980 1709 1112 1773; x_wconf 90' lang='lat' dir='ltr'><strong>diutius</strong></span> <span class='ocrx_word' id='word_1_78' title='bbox 1144 1731 1223 1774; x_wconf 89' lang='lat' dir='ltr'><strong>esse</strong></span> <span class='ocrx_word' id='word_1_79' title='bbox 1255 1731 1381 1793; x_wconf 89' lang='lat' dir='ltr'><strong>passos</strong></span> <span class='ocrx_word' id='word_1_80' title='bbox 1403 1731 1508 1792; x_wconf 89' lang='lat' dir='ltr'><strong>quam</strong></span> 
     </span>
     <span class='ocr_line' id='line_1_12' title="bbox 227 1816 1509 1900; baseline 0 -20"><span class='ocrx_word' id='word_1_81' title='bbox 227 1819 389 1880; x_wconf 81' lang='lat' dir='ltr'><strong>torsitam</strong></span> <span class='ocrx_word' id='word_1_82' title='bbox 407 1817 597 1900; x_wconf 88' lang='lat' dir='ltr'><strong>pastoralis</strong></span> <span class='ocrx_word' id='word_1_83' title='bbox 613 1837 718 1880; x_wconf 90' lang='lat' dir='ltr'><strong>curae</strong></span> <span class='ocrx_word' id='word_1_84' title='bbox 734 1816 920 1898; x_wconf 90' lang='lat' dir='ltr'><strong>vigilantia</strong></span> <span class='ocrx_word' id='word_1_85' title='bbox 942 1819 1160 1899; x_wconf 76' lang='lat' dir='ltr'><strong>postulabat:</strong></span> <span class='ocrx_word' id='word_1_86' title='bbox 1189 1818 1252 1881; x_wconf 89' lang='lat' dir='ltr'><strong>sed</strong></span> <span class='ocrx_word' id='word_1_87' title='bbox 1278 1838 1320 1880; x_wconf 90' lang='lat' dir='ltr'><strong>ea</strong></span> <span class='ocrx_word' id='word_1_88' title='bbox 1343 1837 1407 1898; x_wconf 90' lang='lat' dir='ltr'><strong>spe</strong></span> <span class='ocrx_word' id='word_1_89' title='bbox 1430 1837 1509 1880; x_wconf 89' lang='lat' dir='ltr'><strong>esse</strong></span> 
     </span>
     <span class='ocr_line' id='line_1_13' title="bbox 227 1923 1509 2008; baseline 0 -20"><span class='ocrx_word' id='word_1_90' title='bbox 227 1946 356 2008; x_wconf 89' lang='lat' dir='ltr'><strong>passos</strong></span> <span class='ocrx_word' id='word_1_91' title='bbox 378 1925 473 2006; x_wconf 89' lang='lat' dir='ltr'><strong>quod</strong></span> <span class='ocrx_word' id='word_1_92' title='bbox 493 1925 590 1987; x_wconf 93' lang='lat' dir='ltr'><strong>illum</strong></span> <span class='ocrx_word' id='word_1_93' title='bbox 612 1925 657 1987; x_wconf 89' lang='lat' dir='ltr'><strong>ad</strong></span> <span class='ocrx_word' id='word_1_94' title='bbox 675 1923 931 2005; x_wconf 89' lang='lat' dir='ltr'><strong>poenitentiam</strong></span> <span class='ocrx_word' id='word_1_95' title='bbox 956 1925 1116 1987; x_wconf 89' lang='lat' dir='ltr'><strong>converti</strong></span> <span class='ocrx_word' id='word_1_96' title='bbox 1140 1934 1175 1988; x_wconf 88' lang='lat' dir='ltr'><strong>et</strong></span> <span class='ocrx_word' id='word_1_97' title='bbox 1197 1930 1290 1988; x_wconf 80' lang='lat' dir='ltr'><strong>tuam</strong></span> <span class='ocrx_word' id='word_1_98' title='bbox 1305 1923 1509 1988; x_wconf 66' lang='lat' dir='ltr'><strong>nobilitatem</strong></span> 
     </span>
     <span class='ocr_line' id='line_1_14' title="bbox 229 2013 1510 2119; baseline 0 -23"><span class='ocrx_word' id='word_1_99' title='bbox 229 2055 299 2096; x_wconf 81' lang='lat' dir='ltr'><strong>aon</strong></span> <span class='ocrx_word' id='word_1_100' title='bbox 329 2031 460 2119; x_wconf 77' lang='lat' dir='ltr'><strong>offcudz&#39;</strong></span> <span class='ocrx_word' id='word_1_101' title='bbox 488 2031 697 2114; x_wconf 86' lang='lat' dir='ltr'><strong>optavimus.</strong></span> <span class='ocrx_word' id='word_1_102' title='bbox 752 2013 811 2093; x_wconf 86' lang='lat' dir='ltr'><strong>Sic</strong></span> <span class='ocrx_word' id='word_1_103' title='bbox 843 2031 936 2094; x_wconf 91' lang='lat' dir='ltr'><strong>enim</strong></span> <span class='ocrx_word' id='word_1_104' title='bbox 966 2030 1142 2094; x_wconf 80' lang='lat' dir='ltr'><strong>commum¹</strong></span> <span class='ocrx_word' id='word_1_105' title='bbox 1170 2031 1325 2095; x_wconf 71' lang='lat' dir='ltr'><strong>amatam</strong></span> <span class='ocrx_word' id='word_1_106' title='bbox 1357 2052 1510 2096; x_wconf 77' lang='lat' dir='ltr'><strong>sermone</strong></span> 
     </span>
     <span class='ocr_line' id='line_1_15' title="bbox 221 2136 1507 2225; baseline -0.001 -23"><span class='ocrx_word' id='word_1_107' title='bbox 221 2138 487 2225; x_wconf 76' lang='lat' dir='ltr'><strong>pracdt&#39;cabalur</strong></span> <span class='ocrx_word' id='word_1_108' title='bbox 515 2136 580 2200; x_wconf 68' lang='lat' dir='ltr'><strong>tibi</strong></span> <span class='ocrx_word' id='word_1_109' title='bbox 604 2136 705 2201; x_wconf 79' lang='lat' dir='ltr'><strong>illum</strong></span> <span class='ocrx_word' id='word_1_110' title='bbox 736 2138 879 2201; x_wconf 78' lang='lat' dir='ltr'><strong>charum</strong></span> <span class='ocrx_word' id='word_1_111' title='bbox 901 2144 1136 2222; x_wconf 71' lang='lat' dir='ltr'><strong>acceptumque</strong></span> <span class='ocrx_word' id='word_1_112' title='bbox 1158 2160 1237 2221; x_wconf 79' lang='lat' dir='ltr'><strong>csse,</strong></span> <span class='ocrx_word' id='word_1_113' title='bbox 1261 2145 1384 2222; x_wconf 79' lang='lat' dir='ltr'><strong>tuoque</strong></span> <span class='ocrx_word' id='word_1_114' title='bbox 1407 2138 1507 2202; x_wconf 79' lang='lat' dir='ltr'><strong>illum</strong></span> 
     </span>
     <span class='ocr_line' id='line_1_16' title="bbox 220 2244 1506 2333; baseline 0 -23"><span class='ocrx_word' id='word_1_115' title='bbox 220 2245 420 2333; x_wconf 71' lang='lat' dir='ltr'><strong>patrocinio</strong></span> <span class='ocrx_word' id='word_1_116' title='bbox 444 2244 552 2331; x_wconf 66' lang='lat' dir='ltr'><strong>magis</strong></span> <span class='ocrx_word' id='word_1_117' title='bbox 576 2245 741 2332; x_wconf 61' lang='lat' dir='ltr'><strong>confisam</strong></span> <span class='ocrx_word' id='word_1_118' title='bbox 765 2267 867 2328; x_wconf 84' lang='lat' dir='ltr'><strong>quam</strong></span> <span class='ocrx_word' id='word_1_119' title='bbox 890 2246 1065 2329; x_wconf 76' lang='lat' dir='ltr'><strong>oportebat,</strong></span> <span class='ocrx_word' id='word_1_120' title='bbox 1088 2248 1154 2308; x_wconf 91' lang='lat' dir='ltr'><strong>hos</strong></span> <span class='ocrx_word' id='word_1_121' title='bbox 1178 2256 1297 2309; x_wconf 90' lang='lat' dir='ltr'><strong>tantos</strong></span> <span class='ocrx_word' id='word_1_122' title='bbox 1321 2245 1388 2308; x_wconf 92' lang='lat' dir='ltr'><strong>sibi</strong></span> <span class='ocrx_word' id='word_1_123' title='bbox 1412 2267 1506 2310; x_wconf 87' lang='lat' dir='ltr'><strong>arro·</strong></span> 
     </span>
     <span class='ocr_line' id='line_1_17' title="bbox 226 2352 833 2438; baseline 0 -22"><span class='ocrx_word' id='word_1_124' title='bbox 226 2355 374 2438; x_wconf 84' lang='lat' dir='ltr'><strong>gantiae</strong></span> <span class='ocrx_word' id='word_1_125' title='bbox 399 2353 542 2435; x_wconf 89' lang='lat' dir='ltr'><strong>spiritus</strong></span> <span class='ocrx_word' id='word_1_126' title='bbox 566 2352 833 2435; x_wconf 83' lang='lat' dir='ltr'><strong>assumpsisse“.</strong></span> 
     </span>
    </p>

    <p class='ocr_par' dir='ltr' id='par_1_5' title="bbox 225 2458 1508 3080">
     <span class='ocr_line' id='line_1_18' title="bbox 297 2458 1508 2544; baseline 0.001 -21"><span class='ocrx_word' id='word_1_127' title='bbox 297 2461 395 2544; x_wconf 77' lang='lat' dir='ltr'><strong>Haec</strong></span> <span class='ocrx_word' id='word_1_128' title='bbox 420 2464 532 2522; x_wconf 89' lang='lat' dir='ltr'><strong>verba</strong></span> <span class='ocrx_word' id='word_1_129' title='bbox 557 2459 699 2522; x_wconf 91' lang='lat' dir='ltr'><strong>omnino</strong></span> <span class='ocrx_word' id='word_1_130' title='bbox 724 2461 902 2522; x_wconf 88' lang='lat' dir='ltr'><strong>contraria</strong></span> <span class='ocrx_word' id='word_1_131' title='bbox 927 2469 1007 2522; x_wconf 90' lang='lat' dir='ltr'><strong>sunt</strong></span> <span class='ocrx_word' id='word_1_132' title='bbox 1029 2459 1193 2522; x_wconf 86' lang='lat' dir='ltr'><strong>laudibus</strong></span> <span class='ocrx_word' id='word_1_133' title='bbox 1209 2458 1390 2524; x_wconf 86' lang='lat' dir='ltr'><strong>Friderico</strong></span> <span class='ocrx_word' id='word_1_134' title='bbox 1414 2460 1508 2524; x_wconf 91' lang='lat' dir='ltr'><strong>datis</strong></span> 
     </span>
     <span class='ocr_line' id='line_1_19' title="bbox 226 2566 1507 2653; baseline -0.002 -21"><span class='ocrx_word' id='word_1_135' title='bbox 226 2591 295 2653; x_wconf 92' lang='lat' dir='ltr'><strong>pro</strong></span> <span class='ocrx_word' id='word_1_136' title='bbox 320 2567 496 2630; x_wconf 88' lang='lat' dir='ltr'><strong>constanti</strong></span> <span class='ocrx_word' id='word_1_137' title='bbox 520 2567 790 2649; x_wconf 86' lang='lat' dir='ltr'><strong>oppugnatione</strong></span> <span class='ocrx_word' id='word_1_138' title='bbox 815 2567 972 2646; x_wconf 88' lang='lat' dir='ltr'><strong>Lutheri‚</strong></span> <span class='ocrx_word' id='word_1_139' title='bbox 996 2587 1061 2648; x_wconf 91' lang='lat' dir='ltr'><strong>pro</strong></span> <span class='ocrx_word' id='word_1_140' title='bbox 1084 2567 1217 2630; x_wconf 88' lang='lat' dir='ltr'><strong>reiecta</strong></span> <span class='ocrx_word' id='word_1_141' title='bbox 1241 2566 1507 2630; x_wconf 85' lang='lat' dir='ltr'><strong>eiusfamiliari-</strong></span> 
     </span>
     <span class='ocr_line' id='line_1_20' title="bbox 225 2674 1508 2760; baseline -0.001 -21"><span class='ocrx_word' id='word_1_142' title='bbox 225 2688 314 2756; x_wconf 83' lang='lat' dir='ltr'><strong>tate,</strong></span> <span class='ocrx_word' id='word_1_143' title='bbox 329 2696 394 2760; x_wconf 89' lang='lat' dir='ltr'><strong>pro</strong></span> <span class='ocrx_word' id='word_1_144' title='bbox 410 2675 581 2738; x_wconf 87' lang='lat' dir='ltr'><strong>fidelitate</strong></span> <span class='ocrx_word' id='word_1_145' title='bbox 597 2685 664 2738; x_wconf 90' lang='lat' dir='ltr'><strong>etc.</strong></span> <span class='ocrx_word' id='word_1_146' title='bbox 697 2675 837 2738; x_wconf 90' lang='lat' dir='ltr'><strong>Nemini</strong></span> <span class='ocrx_word' id='word_1_147' title='bbox 855 2674 964 2754; x_wconf 89' lang='lat' dir='ltr'><strong>igitur</strong></span> <span class='ocrx_word' id='word_1_148' title='bbox 979 2675 1123 2738; x_wconf 92' lang='lat' dir='ltr'><strong>dubium</strong></span> <span class='ocrx_word' id='word_1_149' title='bbox 1140 2675 1224 2757; x_wconf 88' lang='lat' dir='ltr'><strong>quin</strong></span> <span class='ocrx_word' id='word_1_150' title='bbox 1241 2674 1270 2737; x_wconf 92' lang='lat' dir='ltr'><strong>si</strong></span> <span class='ocrx_word' id='word_1_151' title='bbox 1287 2695 1358 2737; x_wconf 92' lang='lat' dir='ltr'><strong>una</strong></span> <span class='ocrx_word' id='word_1_152' title='bbox 1370 2675 1508 2738; x_wconf 90' lang='lat' dir='ltr'><strong>sincera</strong></span> 
     </span>
     <span class='ocr_line' id='line_1_21' title="bbox 227 2780 1508 2866; baseline -0.002 -19"><span class='ocrx_word' id='word_1_153' title='bbox 227 2793 295 2866; x_wconf 83' lang='lat' dir='ltr'><strong>est,</strong></span> <span class='ocrx_word' id='word_1_154' title='bbox 309 2784 421 2846; x_wconf 91' lang='lat' dir='ltr'><strong>altera</strong></span> <span class='ocrx_word' id='word_1_155' title='bbox 433 2781 575 2845; x_wconf 90' lang='lat' dir='ltr'><strong>omnino</strong></span> <span class='ocrx_word' id='word_1_156' title='bbox 588 2781 709 2864; x_wconf 92' lang='lat' dir='ltr'><strong>spuria</strong></span> <span class='ocrx_word' id='word_1_157' title='bbox 731 2782 777 2844; x_wconf 91' lang='lat' dir='ltr'><strong>sit</strong></span> <span class='ocrx_word' id='word_1_158' title='bbox 790 2781 971 2853; x_wconf 91' lang='lat' dir='ltr'><strong>habenda;</strong></span> <span class='ocrx_word' id='word_1_159' title='bbox 986 2802 1066 2844; x_wconf 90' lang='lat' dir='ltr'><strong>nam</strong></span> <span class='ocrx_word' id='word_1_160' title='bbox 1083 2802 1152 2844; x_wconf 91' lang='lat' dir='ltr'><strong>uno</strong></span> <span class='ocrx_word' id='word_1_161' title='bbox 1170 2781 1227 2844; x_wconf 91' lang='lat' dir='ltr'><strong>die</strong></span> <span class='ocrx_word' id='word_1_162' title='bbox 1245 2784 1336 2844; x_wconf 90' lang='lat' dir='ltr'><strong>duae</strong></span> <span class='ocrx_word' id='word_1_163' title='bbox 1349 2782 1399 2844; x_wconf 90' lang='lat' dir='ltr'><strong>sic</strong></span> <span class='ocrx_word' id='word_1_164' title='bbox 1415 2780 1508 2845; x_wconf 90' lang='lat' dir='ltr'><strong>inter</strong></span> 
     </span>
     <span class='ocr_line' id='line_1_22' title="bbox 226 2889 1506 2973; baseline -0.002 -18"><span class='ocrx_word' id='word_1_165' title='bbox 226 2912 268 2955; x_wconf 91' lang='lat' dir='ltr'><strong>se</strong></span> <span class='ocrx_word' id='word_1_166' title='bbox 292 2892 495 2973; x_wconf 83' lang='lat' dir='ltr'><strong>pugnantes</strong></span> <span class='ocrx_word' id='word_1_167' title='bbox 520 2889 693 2973; x_wconf 89' lang='lat' dir='ltr'><strong>epistolae</strong></span> <span class='ocrx_word' id='word_1_168' title='bbox 718 2889 873 2973; x_wconf 85' lang='lat' dir='ltr'><strong>scriptae</strong></span> <span class='ocrx_word' id='word_1_169' title='bbox 902 2889 1101 2972; x_wconf 88' lang='lat' dir='ltr'><strong>missaeque</strong></span> <span class='ocrx_word' id='word_1_170' title='bbox 1131 2910 1209 2952; x_wconf 90' lang='lat' dir='ltr'><strong>esse</strong></span> <span class='ocrx_word' id='word_1_171' title='bbox 1239 2910 1311 2953; x_wconf 90' lang='lat' dir='ltr'><strong>non</strong></span> <span class='ocrx_word' id='word_1_172' title='bbox 1341 2899 1506 2971; x_wconf 87' lang='lat' dir='ltr'><strong>possunt;</strong></span> 
     </span>
     <span class='ocr_line' id='line_1_23' title="bbox 226 2998 930 3080; baseline -0.003 -19"><span class='ocrx_word' id='word_1_173' title='bbox 226 3019 299 3062; x_wconf 91' lang='lat' dir='ltr'><strong>una</strong></span> <span class='ocrx_word' id='word_1_174' title='bbox 323 3018 410 3080; x_wconf 84' lang='lat' dir='ltr'><strong>ergo</strong></span> <span class='ocrx_word' id='word_1_175' title='bbox 434 2998 525 3060; x_wconf 86' lang='lat' dir='ltr'><strong>falsa</strong></span> <span class='ocrx_word' id='word_1_176' title='bbox 549 3006 620 3069; x_wconf 89' lang='lat' dir='ltr'><strong>est;</strong></span> <span class='ocrx_word' id='word_1_177' title='bbox 645 2998 708 3059; x_wconf 88' lang='lat' dir='ltr'><strong>sed</strong></span> <span class='ocrx_word' id='word_1_178' title='bbox 733 2999 930 3078; x_wconf 88' lang='lat' dir='ltr'><strong>quaenam?</strong></span> 
     </span>
    </p>

    <p class='ocr_par' dir='ltr' id='par_1_6' title="bbox 223 3102 1507 3936">
     <span class='ocr_line' id='line_1_24' title="bbox 318 3102 1507 3186; baseline 0 -19"><span class='ocrx_word' id='word_1_179' title='bbox 318 3105 409 3167; x_wconf 91' lang='lat' dir='ltr'><strong>Illud</strong></span> <span class='ocrx_word' id='word_1_180' title='bbox 449 3104 711 3167; x_wconf 90' lang='lat' dir='ltr'><strong>observandum</strong></span> <span class='ocrx_word' id='word_1_181' title='bbox 750 3124 837 3186; x_wconf 91' lang='lat' dir='ltr'><strong>prae</strong></span> <span class='ocrx_word' id='word_1_182' title='bbox 877 3102 1028 3167; x_wconf 89' lang='lat' dir='ltr'><strong>caeteris</strong></span> <span class='ocrx_word' id='word_1_183' title='bbox 1066 3105 1160 3184; x_wconf 90' lang='lat' dir='ltr'><strong>quod</strong></span> <span class='ocrx_word' id='word_1_184' title='bbox 1198 3104 1282 3165; x_wconf 91' lang='lat' dir='ltr'><strong>dum</strong></span> <span class='ocrx_word' id='word_1_185' title='bbox 1320 3103 1507 3167; x_wconf 86' lang='lat' dir='ltr'><strong>lutherana</strong></span> 
     </span>
     <span class='ocr_line' id='line_1_25' title="bbox 226 3210 1505 3295; baseline -0.004 -18"><span class='ocrx_word' id='word_1_186' title='bbox 226 3212 382 3295; x_wconf 87' lang='lat' dir='ltr'><strong>epistola</strong></span> <span class='ocrx_word' id='word_1_187' title='bbox 428 3231 519 3293; x_wconf 90' lang='lat' dir='ltr'><strong>quae</strong></span> <span class='ocrx_word' id='word_1_188' title='bbox 565 3211 706 3274; x_wconf 91' lang='lat' dir='ltr'><strong>Romae</strong></span> <span class='ocrx_word' id='word_1_189' title='bbox 751 3210 1044 3275; x_wconf 85' lang='lat' dir='ltr'><strong>circumferentur</strong></span> <span class='ocrx_word' id='word_1_190' title='bbox 1083 3230 1191 3273; x_wconf 89' lang='lat' dir='ltr'><strong>voces</strong></span> <span class='ocrx_word' id='word_1_191' title='bbox 1237 3210 1396 3291; x_wconf 87' lang='lat' dir='ltr'><strong>ignorat,</strong></span> <span class='ocrx_word' id='word_1_192' title='bbox 1447 3231 1505 3272; x_wconf 89' lang='lat' dir='ltr'><strong>va·</strong></span> 
     </span>
     <span class='ocr_line' id='line_1_26' title="bbox 225 3315 1507 3401; baseline -0.003 -18"><span class='ocrx_word' id='word_1_193' title='bbox 225 3320 347 3383; x_wconf 88' lang='lat' dir='ltr'><strong>ticana</strong></span> <span class='ocrx_word' id='word_1_194' title='bbox 371 3327 407 3381; x_wconf 88' lang='lat' dir='ltr'><strong>et</strong></span> <span class='ocrx_word' id='word_1_195' title='bbox 429 3318 615 3401; x_wconf 90' lang='lat' dir='ltr'><strong>cognoscit</strong></span> <span class='ocrx_word' id='word_1_196' title='bbox 639 3328 674 3381; x_wconf 92' lang='lat' dir='ltr'><strong>et</strong></span> <span class='ocrx_word' id='word_1_197' title='bbox 698 3318 942 3381; x_wconf 90' lang='lat' dir='ltr'><strong>reminiscitur.</strong></span> <span class='ocrx_word' id='word_1_198' title='bbox 1002 3317 1216 3381; x_wconf 89' lang='lat' dir='ltr'><strong>Resciverat</strong></span> <span class='ocrx_word' id='word_1_199' title='bbox 1247 3315 1448 3379; x_wconf 90' lang='lat' dir='ltr'><strong>Fridericus</strong></span> <span class='ocrx_word' id='word_1_200' title='bbox 1486 3338 1507 3379; x_wconf 91' lang='lat' dir='ltr'><strong>a</strong></span> 
     </span>
     <span class='ocr_line' id='line_1_27' title="bbox 227 3422 1506 3507; baseline -0.003 -18"><span class='ocrx_word' id='word_1_201' title='bbox 227 3427 421 3490; x_wconf 92' lang='lat' dir='ltr'><strong>Valentino</strong></span> <span class='ocrx_word' id='word_1_202' title='bbox 440 3428 484 3488; x_wconf 89' lang='lat' dir='ltr'><strong>de</strong></span> <span class='ocrx_word' id='word_1_203' title='bbox 495 3425 685 3489; x_wconf 87' lang='lat' dir='ltr'><strong>Deitleben</strong></span> <span class='ocrx_word' id='word_1_204' title='bbox 703 3426 818 3506; x_wconf 81' lang='lat' dir='ltr'><strong>„quod</strong></span> <span class='ocrx_word' id='word_1_205' title='bbox 827 3425 969 3507; x_wconf 91' lang='lat' dir='ltr'><strong>publica</strong></span> <span class='ocrx_word' id='word_1_206' title='bbox 986 3424 1081 3488; x_wconf 87' lang='lat' dir='ltr'><strong>fama</strong></span> <span class='ocrx_word' id='word_1_207' title='bbox 1097 3422 1299 3487; x_wconf 82' lang='lat' dir='ltr'><strong>affirmabat</strong></span> <span class='ocrx_word' id='word_1_208' title='bbox 1314 3424 1506 3487; x_wconf 89' lang='lat' dir='ltr'><strong>Lutherum</strong></span> 
     </span>
     <span class='ocr_line' id='line_1_28' title="bbox 225 3530 1507 3615; baseline -0.003 -18"><span class='ocrx_word' id='word_1_209' title='bbox 225 3538 274 3598; x_wconf 90' lang='lat' dir='ltr'><strong>ab</strong></span> <span class='ocrx_word' id='word_1_210' title='bbox 298 3534 376 3615; x_wconf 90' lang='lat' dir='ltr'><strong>ipso</strong></span> <span class='ocrx_word' id='word_1_211' title='bbox 413 3534 470 3613; x_wconf 86' lang='lat' dir='ltr'><strong>ali,</strong></span> <span class='ocrx_word' id='word_1_212' title='bbox 501 3532 617 3595; x_wconf 83' lang='lat' dir='ltr'><strong>foveri</strong></span> <span class='ocrx_word' id='word_1_213' title='bbox 653 3542 688 3595; x_wconf 92' lang='lat' dir='ltr'><strong>et</strong></span> <span class='ocrx_word' id='word_1_214' title='bbox 719 3531 912 3594; x_wconf 88' lang='lat' dir='ltr'><strong>clementer</strong></span> <span class='ocrx_word' id='word_1_215' title='bbox 944 3531 1101 3610; x_wconf 81' lang='lat' dir='ltr'><strong>haberi“‚</strong></span> <span class='ocrx_word' id='word_1_216' title='bbox 1132 3532 1253 3612; x_wconf 89' lang='lat' dir='ltr'><strong>itaque</strong></span> <span class='ocrx_word' id='word_1_217' title='bbox 1284 3530 1320 3593; x_wconf 92' lang='lat' dir='ltr'><strong>in</strong></span> <span class='ocrx_word' id='word_1_218' title='bbox 1356 3530 1507 3612; x_wconf 89' lang='lat' dir='ltr'><strong>epistola</strong></span> 
     </span>
     <span class='ocr_line' id='line_1_29' title="bbox 225 3638 1506 3719; baseline -0.004 -15"><span class='ocrx_word' id='word_1_219' title='bbox 225 3642 394 3705; x_wconf 86' lang='lat' dir='ltr'><strong>vaticana</strong></span> <span class='ocrx_word' id='word_1_220' title='bbox 410 3642 484 3703; x_wconf 91' lang='lat' dir='ltr'><strong>Leo</strong></span> <span class='ocrx_word' id='word_1_221' title='bbox 509 3640 631 3702; x_wconf 89' lang='lat' dir='ltr'><strong>scribit</strong></span> <span class='ocrx_word' id='word_1_222' title='bbox 656 3638 818 3702; x_wconf 88' lang='lat' dir='ltr'><strong>electori:</strong></span> <span class='ocrx_word' id='word_1_223' title='bbox 848 3638 1042 3719; x_wconf 76' lang='lat' dir='ltr'><strong>„communi</strong></span> <span class='ocrx_word' id='word_1_224' title='bbox 1057 3638 1210 3701; x_wconf 92' lang='lat' dir='ltr'><strong>omnium</strong></span> <span class='ocrx_word' id='word_1_225' title='bbox 1226 3658 1389 3701; x_wconf 89' lang='lat' dir='ltr'><strong>sermone</strong></span> <span class='ocrx_word' id='word_1_226' title='bbox 1405 3657 1506 3719; x_wconf 87' lang='lat' dir='ltr'><strong>prae·</strong></span> 
     </span>
     <span class='ocr_line' id='line_1_30' title="bbox 225 3745 1505 3826; baseline -0.002 -17"><span class='ocrx_word' id='word_1_227' title='bbox 225 3748 414 3810; x_wconf 86' lang='lat' dir='ltr'><strong>dicabatur</strong></span> <span class='ocrx_word' id='word_1_228' title='bbox 448 3747 639 3809; x_wconf 91' lang='lat' dir='ltr'><strong>Lutherum</strong></span> <span class='ocrx_word' id='word_1_229' title='bbox 677 3745 742 3807; x_wconf 91' lang='lat' dir='ltr'><strong>tibi</strong></span> <span class='ocrx_word' id='word_1_230' title='bbox 775 3746 920 3808; x_wconf 86' lang='lat' dir='ltr'><strong>charum</strong></span> <span class='ocrx_word' id='word_1_231' title='bbox 951 3758 1207 3826; x_wconf 90' lang='lat' dir='ltr'><strong>acceptumque</strong></span> <span class='ocrx_word' id='word_1_232' title='bbox 1243 3765 1341 3823; x_wconf 87' lang='lat' dir='ltr'><strong>esse,</strong></span> <span class='ocrx_word' id='word_1_233' title='bbox 1374 3752 1505 3826; x_wconf 91' lang='lat' dir='ltr'><strong>tuoque</strong></span> 
     </span>
     <span class='ocr_line' id='line_1_31' title="bbox 223 3848 1505 3936; baseline -0.002 -19"><span class='ocrx_word' id='word_1_234' title='bbox 223 3856 324 3917; x_wconf 89' lang='lat' dir='ltr'><strong>illurn</strong></span> <span class='ocrx_word' id='word_1_235' title='bbox 338 3853 537 3936; x_wconf 90' lang='lat' dir='ltr'><strong>patrocinio</strong></span> <span class='ocrx_word' id='word_1_236' title='bbox 552 3855 618 3916; x_wconf 91' lang='lat' dir='ltr'><strong>hos</strong></span> <span class='ocrx_word' id='word_1_237' title='bbox 631 3863 749 3916; x_wconf 90' lang='lat' dir='ltr'><strong>tantos</strong></span> <span class='ocrx_word' id='word_1_238' title='bbox 764 3852 831 3915; x_wconf 92' lang='lat' dir='ltr'><strong>sibi</strong></span> <span class='ocrx_word' id='word_1_239' title='bbox 844 3852 1072 3934; x_wconf 86' lang='lat' dir='ltr'><strong>arrogantiae</strong></span> <span class='ocrx_word' id='word_1_240' title='bbox 1083 3852 1228 3933; x_wconf 89' lang='lat' dir='ltr'><strong>spiritus</strong></span> <span class='ocrx_word' id='word_1_241' title='bbox 1241 3848 1505 3935; x_wconf 78' lang='lat' dir='ltr'><strong>assumpsisse“.</strong></span> 
     </span>
    </p>

    <p class='ocr_par' dir='ltr' id='par_1_7' title="bbox 224 3959 1506 4455">
     <span class='ocr_line' id='line_1_32' title="bbox 317 3959 1506 4044; baseline -0.002 -21"><span class='ocrx_word' id='word_1_242' title='bbox 317 3960 362 4023; x_wconf 89' lang='lat' dir='ltr'><strong>Et</strong></span> <span class='ocrx_word' id='word_1_243' title='bbox 384 3961 503 4044; x_wconf 84' lang='lat' dir='ltr'><strong>logica</strong></span> <span class='ocrx_word' id='word_1_244' title='bbox 531 3970 567 4023; x_wconf 89' lang='lat' dir='ltr'><strong>et</strong></span> <span class='ocrx_word' id='word_1_245' title='bbox 590 3960 737 4023; x_wconf 88' lang='lat' dir='ltr'><strong>historia</strong></span> <span class='ocrx_word' id='word_1_246' title='bbox 761 3960 875 4041; x_wconf 86' lang='lat' dir='ltr'><strong>magis</strong></span> <span class='ocrx_word' id='word_1_247' title='bbox 898 3961 979 4023; x_wconf 91' lang='lat' dir='ltr'><strong>huic</strong></span> <span class='ocrx_word' id='word_1_248' title='bbox 1004 3960 1237 4039; x_wconf 87' lang='lat' dir='ltr'><strong>conveniunt,</strong></span> <span class='ocrx_word' id='word_1_249' title='bbox 1271 3979 1376 4039; x_wconf 90' lang='lat' dir='ltr'><strong>quam</strong></span> <span class='ocrx_word' id='word_1_250' title='bbox 1412 3959 1506 4040; x_wconf 92' lang='lat' dir='ltr'><strong>stylo</strong></span> 
     </span>
     <span class='ocr_line' id='line_1_33' title="bbox 225 4064 1506 4149; baseline -0.005 -16"><span class='ocrx_word' id='word_1_251' title='bbox 225 4068 389 4133; x_wconf 87' lang='lat' dir='ltr'><strong>mendaci</strong></span> <span class='ocrx_word' id='word_1_252' title='bbox 431 4088 502 4149; x_wconf 92' lang='lat' dir='ltr'><strong>quo</strong></span> <span class='ocrx_word' id='word_1_253' title='bbox 541 4067 708 4131; x_wconf 88' lang='lat' dir='ltr'><strong>asseritur</strong></span> <span class='ocrx_word' id='word_1_254' title='bbox 743 4069 880 4129; x_wconf 88' lang='lat' dir='ltr'><strong>Ducem</strong></span> <span class='ocrx_word' id='word_1_255' title='bbox 922 4064 1102 4130; x_wconf 82' lang='lat' dir='ltr'><strong>Saxoniae</strong></span> <span class='ocrx_word' id='word_1_256' title='bbox 1151 4085 1310 4148; x_wconf 85' lang='lat' dir='ltr'><strong>„semper</strong></span> <span class='ocrx_word' id='word_1_257' title='bbox 1347 4064 1506 4128; x_wconf 87' lang='lat' dir='ltr'><strong>infensos</strong></span> 
     </span>
     <span class='ocr_line' id='line_1_34' title="bbox 224 4172 1505 4257; baseline -0.005 -17"><span class='ocrx_word' id='word_1_258' title='bbox 224 4176 394 4241; x_wconf 86' lang='lat' dir='ltr'><strong>habuisse</strong></span> <span class='ocrx_word' id='word_1_259' title='bbox 424 4174 619 4257; x_wconf 87' lang='lat' dir='ltr'><strong>iniquitatis</strong></span> <span class='ocrx_word' id='word_1_260' title='bbox 650 4173 712 4236; x_wconf 90' lang='lat' dir='ltr'><strong>filii</strong></span> <span class='ocrx_word' id='word_1_261' title='bbox 743 4173 888 4236; x_wconf 89' lang='lat' dir='ltr'><strong>Martini</strong></span> <span class='ocrx_word' id='word_1_262' title='bbox 923 4173 1067 4237; x_wconf 87' lang='lat' dir='ltr'><strong>Lutheri</strong></span> <span class='ocrx_word' id='word_1_263' title='bbox 1100 4174 1279 4236; x_wconf 83' lang='lat' dir='ltr'><strong>conatus“.</strong></span> <span class='ocrx_word' id='word_1_264' title='bbox 1337 4172 1383 4235; x_wconf 91' lang='lat' dir='ltr'><strong>Et</strong></span> <span class='ocrx_word' id='word_1_265' title='bbox 1416 4173 1505 4234; x_wconf 91' lang='lat' dir='ltr'><strong>haec</strong></span> 
     </span>
     <span class='ocr_line' id='line_1_35' title="bbox 224 4279 1505 4366; baseline -0.003 -21"><span class='ocrx_word' id='word_1_266' title='bbox 224 4304 293 4366; x_wconf 90' lang='lat' dir='ltr'><strong>pro</strong></span> <span class='ocrx_word' id='word_1_267' title='bbox 317 4302 445 4363; x_wconf 87' lang='lat' dir='ltr'><strong>magna</strong></span> <span class='ocrx_word' id='word_1_268' title='bbox 468 4280 758 4363; x_wconf 89' lang='lat' dir='ltr'><strong>praesumptione</strong></span> <span class='ocrx_word' id='word_1_269' title='bbox 783 4291 908 4343; x_wconf 89' lang='lat' dir='ltr'><strong>contra</strong></span> <span class='ocrx_word' id='word_1_270' title='bbox 932 4279 1171 4343; x_wconf 88' lang='lat' dir='ltr'><strong>sinceritatem</strong></span> <span class='ocrx_word' id='word_1_271' title='bbox 1196 4279 1370 4360; x_wconf 90' lang='lat' dir='ltr'><strong>epistolae</strong></span> <span class='ocrx_word' id='word_1_272' title='bbox 1394 4280 1505 4341; x_wconf 89' lang='lat' dir='ltr'><strong>luthe-</strong></span> 
     </span>
     <span class='ocr_line' id='line_1_36' title="bbox 224 4390 721 4455; baseline -0.006 -1"><span class='ocrx_word' id='word_1_273' title='bbox 224 4410 335 4455; x_wconf 88' lang='lat' dir='ltr'><strong>ranae</strong></span> <span class='ocrx_word' id='word_1_274' title='bbox 360 4390 525 4451; x_wconf 90' lang='lat' dir='ltr'><strong>habenda</strong></span> <span class='ocrx_word' id='word_1_275' title='bbox 550 4397 721 4452; x_wconf 90' lang='lat' dir='ltr'><strong>tenemus.</strong></span> 
     </span>
    </p>

    <p class='ocr_par' dir='ltr' id='par_1_8' title="bbox 222 4490 1506 5005">
     <span class='ocr_line' id='line_1_37' title="bbox 318 4490 1506 4577; baseline -0.004 -18"><span class='ocrx_word' id='word_1_276' title='bbox 318 4495 406 4577; x_wconf 90' lang='lat' dir='ltr'><strong>Sed,</strong></span> <span class='ocrx_word' id='word_1_277' title='bbox 440 4516 574 4577; x_wconf 88' lang='lat' dir='ltr'><strong>quaeso</strong></span> <span class='ocrx_word' id='word_1_278' title='bbox 583 4544 591 4575; x_wconf 91' lang='lat'><em>‚</em></span> <span class='ocrx_word' id='word_1_279' title='bbox 624 4495 802 4576; x_wconf 92' lang='lat' dir='ltr'><strong>quomodo</strong></span> <span class='ocrx_word' id='word_1_280' title='bbox 835 4504 977 4576; x_wconf 91' lang='lat' dir='ltr'><strong>poterat</strong></span> <span class='ocrx_word' id='word_1_281' title='bbox 1007 4494 1189 4556; x_wconf 83' lang='lat' dir='ltr'><strong>Alcander</strong></span> <span class='ocrx_word' id='word_1_282' title='bbox 1225 4491 1410 4573; x_wconf 86' lang='lat' dir='ltr'><strong>epistolam</strong></span> <span class='ocrx_word' id='word_1_283' title='bbox 1435 4490 1506 4554; x_wconf 89' lang='lat' dir='ltr'><strong>diei</strong></span> 
     </span>
     <span class='ocr_line' id='line_1_38' title="bbox 226 4598 1503 4685; baseline -0.005 -17"><span class='ocrx_word' id='word_1_284' title='bbox 226 4610 245 4668; x_wconf 90' lang='lat'>8</span> <span class='ocrx_word' id='word_1_285' title='bbox 271 4604 354 4685; x_wconf 91' lang='lat' dir='ltr'><strong>Julii</strong></span> <span class='ocrx_word' id='word_1_286' title='bbox 378 4605 575 4685; x_wconf 82' lang='lat' dir='ltr'><strong>ignorare?</strong></span> <span class='ocrx_word' id='word_1_287' title='bbox 622 4601 697 4665; x_wconf 89' lang='lat' dir='ltr'><strong>Nec</strong></span> <span class='ocrx_word' id='word_1_288' title='bbox 722 4621 850 4665; x_wconf 89' lang='lat' dir='ltr'><strong>revera</strong></span> <span class='ocrx_word' id='word_1_289' title='bbox 874 4600 1069 4683; x_wconf 88' lang='lat' dir='ltr'><strong>ignoravit;</strong></span> <span class='ocrx_word' id='word_1_290' title='bbox 1102 4600 1226 4682; x_wconf 87' lang='lat' dir='ltr'><strong>ignota</strong></span> <span class='ocrx_word' id='word_1_291' title='bbox 1260 4598 1311 4662; x_wconf 89' lang='lat' dir='ltr'><strong>illi</strong></span> <span class='ocrx_word' id='word_1_292' title='bbox 1343 4598 1410 4662; x_wconf 85' lang='lat' dir='ltr'><strong>fuit</strong></span> <span class='ocrx_word' id='word_1_293' title='bbox 1434 4598 1503 4681; x_wconf 89' lang='lat' dir='ltr'><strong>epi-</strong></span> 
     </span>
     <span class='ocr_line' id='line_1_39' title="bbox 223 4705 1503 4789; baseline -0.006 -13"><span class='ocrx_word' id='word_1_294' title='bbox 223 4713 319 4777; x_wconf 90' lang='lat' dir='ltr'><strong>stola</strong></span> <span class='ocrx_word' id='word_1_295' title='bbox 344 4733 364 4775; x_wconf 90' lang='lat' dir='ltr'><strong>a</strong></span> <span class='ocrx_word' id='word_1_296' title='bbox 387 4709 583 4774; x_wconf 88' lang='lat' dir='ltr'><strong>lutheranis</strong></span> <span class='ocrx_word' id='word_1_297' title='bbox 607 4708 735 4773; x_wconf 91' lang='lat' dir='ltr'><strong>deinde</strong></span> <span class='ocrx_word' id='word_1_298' title='bbox 760 4708 873 4782; x_wconf 89' lang='lat' dir='ltr'><strong>edita;</strong></span> <span class='ocrx_word' id='word_1_299' title='bbox 898 4708 998 4771; x_wconf 85' lang='lat' dir='ltr'><strong>novit</strong></span> <span class='ocrx_word' id='word_1_300' title='bbox 1022 4707 1199 4789; x_wconf 84' lang='lat' dir='ltr'><strong>apprime,</strong></span> <span class='ocrx_word' id='word_1_301' title='bbox 1223 4705 1352 4786; x_wconf 85' lang='lat' dir='ltr'><strong>retulit,</strong></span> <span class='ocrx_word' id='word_1_302' title='bbox 1376 4705 1413 4769; x_wconf 90' lang='lat' dir='ltr'><strong>in</strong></span> <span class='ocrx_word' id='word_1_303' title='bbox 1437 4707 1503 4769; x_wconf 91' lang='lat' dir='ltr'><strong>col-</strong></span> 
     </span>
     <span class='ocr_line' id='line_1_40' title="bbox 223 4812 1505 4898; baseline -0.007 -13"><span class='ocrx_word' id='word_1_304' title='bbox 223 4818 381 4884; x_wconf 89' lang='lat' dir='ltr'><strong>lectione</strong></span> <span class='ocrx_word' id='word_1_305' title='bbox 405 4838 470 4881; x_wconf 87' lang='lat' dir='ltr'><strong>sua</strong></span> <span class='ocrx_word' id='word_1_306' title='bbox 493 4816 692 4898; x_wconf 90' lang='lat' dir='ltr'><strong>composuit</strong></span> <span class='ocrx_word' id='word_1_307' title='bbox 717 4817 905 4898; x_wconf 89' lang='lat' dir='ltr'><strong>epistolam</strong></span> <span class='ocrx_word' id='word_1_308' title='bbox 937 4815 1148 4878; x_wconf 90' lang='lat' dir='ltr'><strong>vaticanam.</strong></span> <span class='ocrx_word' id='word_1_309' title='bbox 1206 4814 1306 4876; x_wconf 89' lang='lat' dir='ltr'><strong>Haec</strong></span> <span class='ocrx_word' id='word_1_310' title='bbox 1338 4832 1425 4894; x_wconf 80' lang='lat' dir='ltr'><strong>ergo</strong></span> <span class='ocrx_word' id='word_1_311' title='bbox 1456 4812 1505 4876; x_wconf 91' lang='lat' dir='ltr'><strong>in·</strong></span> 
     </span>
     <span class='ocr_line' id='line_1_41' title="bbox 222 4919 1505 5005; baseline -0.007 -14"><span class='ocrx_word' id='word_1_312' title='bbox 222 4926 432 4993; x_wconf 89' lang='lat' dir='ltr'><strong>dubitanter</strong></span> <span class='ocrx_word' id='word_1_313' title='bbox 455 4925 612 5005; x_wconf 87' lang='lat' dir='ltr'><strong>sincera,</strong></span> <span class='ocrx_word' id='word_1_314' title='bbox 644 4944 729 4987; x_wconf 90' lang='lat' dir='ltr'><strong>vere</strong></span> <span class='ocrx_word' id='word_1_315' title='bbox 753 4923 878 5003; x_wconf 85' lang='lat' dir='ltr'><strong>missa,</strong></span> <span class='ocrx_word' id='word_1_316' title='bbox 912 4923 1016 4985; x_wconf 89' lang='lat' dir='ltr'><strong>unice</strong></span> <span class='ocrx_word' id='word_1_317' title='bbox 1050 4921 1181 5003; x_wconf 90' lang='lat' dir='ltr'><strong>scripta</strong></span> <span class='ocrx_word' id='word_1_318' title='bbox 1205 4920 1289 4993; x_wconf 89' lang='lat' dir='ltr'><strong>fuit;</strong></span> <span class='ocrx_word' id='word_1_319' title='bbox 1323 4941 1389 4983; x_wconf 90' lang='lat' dir='ltr'><strong>nec</strong></span> <span class='ocrx_word' id='word_1_320' title='bbox 1413 4919 1505 4983; x_wconf 88' lang='lat' dir='ltr'><strong>inter</strong></span> 
     </span>
    </p>
   </div>
   <div class='ocr_carea' id='block_1_3' title="bbox 0 0 1718 5700">
    <p class='ocr_par' dir='ltr' id='par_1_9' title="bbox 0 0 1718 5700">
     <span class='ocr_line' id='line_1_42' title="bbox 0 0 1718 5700; baseline 0 1"><span class='ocrx_word' id='word_1_321' title='bbox 0 0 1718 5700; x_wconf 95' lang='lat' dir='ltr'><strong> </strong></span> 
     </span>
    </p>
   </div>
  </div>
 </body>
</html>
