3425 5700
797 553 1041 617 edales*

279 725 343 771 suo
388 706 545 773 castello
619 702 680 769 Ma
723 718 953 789 quantunque
1000 700 1089 769 detti
1127 706 1267 771 tumulti
1304 706 1443 772 cessino
1486 726 1561 771 non

278 836 395 879 vanno
419 816 507 898 perd
531 817 564 877 le
589 836 672 877 cose
697 816 730 877 al
754 817 831 877 loro
866 815 974 877 dritto
999 815 1146 893 camin0,
1170 817 1302 896 perche
1326 818 1435 897 quelli
1459 817 1562 879 Prin·

278 922 358 1004 cipe
383 933 419 985 et
443 922 561 985 Nobili
585 922 700 984 tirano
725 930 816 983 tutto
850 942 872 983 a
903 924 980 982 loro
1009 921 1154 1003 profitto
1184 943 1250 985 con
1285 944 1355 986 non
1380 944 1472 1005 poca
1495 944 1559 1005 op·

277 1029 461 1110 pressione
486 1029 544 1091 del
570 1032 682 1108 clero,
719 1039 755 1090 et
778 1028 907 1091 liberta
931 1028 1188 1107 ecclesiastica,
1218 1033 1311 1093 dove
1335 1032 1413 1093 seri
1437 1052 1560 1095 neces·

276 1136 370 1197 sario
394 1138 460 1198 che
476 1135 606 1197 Nostro
632 1134 786 1217 Signore
810 1156 876 1197 con
901 1134 1033 1197 Cesare
1057 1138 1258 1217 proveggia
1282 1138 1434 1217 omnino,
1460 1139 1559 1200 altri-

277 1243 386 1307 menti
409 1243 442 1305 io
468 1254 572 1323 tem0‚
598 1242 632 1305 in
657 1261 826 1323 processo
852 1242 887 1303 di
911 1252 1031 1324 tempo
1056 1264 1127 1305 non
1152 1246 1245 1307 vada
1268 1257 1399 1328 troppo
1423 1246 1558 1325 avanti,

276 1361 311 1413 et
336 1352 387 1413 sia
417 1350 477 1432 poi
506 1350 586 1413 mal'
615 1349 779 1431 exempio
808 1352 877 1413 alle
909 1351 998 1412 altre
1023 1349 1166 1413 Nationi
1191 1352 1236 1413 de
1265 1352 1454 1416 christiani.
1504 1351 1556 1415 So

276 1459 342 1520 che
366 1456 439 1520 Sua
463 1456 690 1520 Beatitudine
716 1457 861 1519 intende
886 1456 911 1517 il
934 1466 1042 1535 tutto,
1075 1466 1111 1519 et
1140 1477 1206 1538 per
1230 1461 1264 1519 la
1288 1480 1351 1520 sua
1375 1459 1494 1535 bonti,
1522 1470 1561 1521 et

275 1564 465 1646 prudentia
489 1584 559 1627 non
585 1564 609 1627 li
632 1564 822 1627 mancheri
856 1566 892 1626 di
921 1568 1041 1627 buona
1073 1566 1289 1646 provisione.
1342 1567 1379 1628 ln
1414 1566 1560 1628 Vienna

276 1670 304 1733 si
329 1674 467 1733 attacco
492 1672 515 1734 il
539 1671 643 1735 fuoco
669 1692 713 1734 ne
737 1674 773 1734 la
803 1671 1017 1752 munitione,
1051 1673 1130 1734 ete
1166 1674 1326 1735 bruciata
1361 1683 1452 1735 tutta
1486 1694 1559 1734 con

275 1778 369 1841 circa
392 1778 417 1840 il
440 1790 567 1860 quarto
592 1779 628 1841 di
653 1781 772 1861 quella
796 1780 893 1860 citta‚
917 1780 974 1841 nel
1000 1780 1104 1859 quale
1128 1779 1156 1841 si
1174 1781 1440 1860 comprendono
1456 1791 1558 1859 quat-

274 1896 328 1948 tro
353 1886 571 1950 Monasterii.
620 1886 674 1948 Ne
698 1887 731 1948 al
755 1895 922 1967 presente
947 1885 992 1947 mi
1019 1904 1164 1948 occorre
1189 1887 1292 1964 altro,
1316 1907 1355 1949 se
1379 1906 1448 1947 non
1473 1906 1559 1967 sup·

272 1992 411 2073 plicarli
446 1993 491 2054 mi
527 1993 751 2055 raccomandi
789 1994 1019 2055 humilmente
1055 1994 1116 2055 alli
1152 1992 1352 2055 Santissimi
1386 1993 1483 2073 piedi
1519 1995 1557 2053 di

272 2098 403 2159 Nostro
428 2096 593 2179 Signore‚
620 2110 654 2161 et
678 2120 699 2160 a
724 2120 761 2161 se
786 2109 910 2177 stessa,
936 2100 1002 2160 che
1019 2100 1086 2161 Dio
1111 2100 1192 2161 tutti
1209 2100 1303 2161 felici
1321 2100 1357 2161 vi
1377 2101 1557 2162 conservi.

362 2204 417 2267 Ex
442 2206 605 2267 Bononia
630 2206 689 2266 V¹⁸
713 2206 867 2286 Augusti
892 2206 1093 2269 MDXXV.

360 2311 399 2378 E.
425 2312 469 2377 D.
494 2310 537 2374 V.
564 2311 599 2377 S.

1174 2421 1218 2469 Uti
1239 2422 1319 2468 frater
1338 2421 1463 2468 nedum

1159 2511 1187 2560 L,
1214 2510 1283 2557 Car.
1313 2509 1481 2571 Campegi.

872 2962 938 3024 24⁹

567 3080 684 3181 Epist.
715 3015 947 3159 Tudertinus¹
974 3078 1146 3158 Clementi
1173 3079 1252 3160 VH.

728 3229 828 3301 (Epiei-
846 3228 933 3300 princ.
952 3227 1003 3284 111.
1023 3227 1092 3296 ue.)

762 3347 816 3413 (rot
838 3347 953 3409 Augusti
976 3347 1063 3408 1525.)

361 3497 583 3580 Scripseram
596 3497 786 3560 novissime
805 3495 853 3560 St.
881 3497 936 3558 B¹¹i
954 3496 1106 3559 Cesaree
1121 3496 1320 3558 Maiestatis
1338 3497 1551 3559 sententiam

272 3627 349 3669 esse
373 3607 467 3686 quod
493 3604 685 3687 imperialis
710 3619 907 3666 conventus
932 3603 1107 3665 indicatur
1137 3603 1275 3666 futurus
1304 3605 1468 3684 Auguste
1504 3607 1552 3665 ad

270 3712 470 3794 proximum
494 3712 622 3774 festum
646 3711 850 3788 Michaelis,
876 3712 920 3772 de
945 3731 1014 3791 quo
1039 3710 1256 3791 publicando
1280 3713 1339 3772 vel
1364 3731 1420 3786 ne,
1442 3730 1552 3790 quum

270 3819 432 3901 plerique
456 3820 551 3900 apud
576 3817 837 3880 serenissimum
862 3818 1057 3899 principem
1083 3817 1233 3880 diversis
1256 3819 1348 3880 votis
1366 3837 1551 3879 moveren-

270 3937 326 3988 tur
350 3946 416 3987 nec
441 3925 534 3988 idem
559 3924 747 4002 sentirent,
778 3925 912 4006 placuit
942 3926 1152 4006 quibusdam
1180 3945 1235 3986 me
1260 3945 1401 4005 quoque
1426 3943 1549 3986 consu-

270 4035 343 4097 lere
367 4034 452 4114 quid
477 4032 554 4114 ipse
580 4052 760 4094 censerem
786 4042 963 4112 prestare;
993 4032 1160 4114 respondi
1193 4033 1349 4094 rationes
1382 4034 1474 4093 ultro
1503 4031 1550 4093 ci-

271 4153 397 4222 troque
423 4139 549 4201 adduci
574 4159 679 4220 posse
710 4138 745 4200 in
771 4142 977 4202 alterutram
1006 4138 1275 4202 consultationis
1308 4148 1461 4219 partem;
1492 4159 1551 4200 me

270 4258 387 4309 tamen
412 4245 548 4309 moveri
572 4245 685 4326 magis
710 4245 754 4307 ad
781 4246 997 4308 suadendam
1026 4246 1119 4308 illius
1142 4244 1419 4327 publicationem
1443 4265 1552 4325 quam

272 4357 331 4417 vel
356 4353 585 4416 omittendam
610 4353 667 4414 vel
691 4354 966 4423 retardandam;
998 4353 1054 4414 cui
1083 4351 1240 4433 opinioni
1265 4353 1381 4414 adhuc
1405 4353 1549 4414 haereo.

271 4461 490 4543 Quamquam
528 4461 672 4522 ettenim
708 4449 891 4540 praeteriti
928 4469 1123 4522 conventus
1158 4458 1296 4540 imperii
1331 4461 1389 4520 vel
1423 4477 1550 4539 parum

269 4571 327 4632 vel
352 4568 437 4630 nihil
461 4587 554 4648 pene
578 4565 786 4648 profuerint,
812 4565 847 4627 in
872 4566 926 4627 his
950 4567 1142 4647 praecipue
1174 4585 1264 4648 quae
1295 4565 1340 4627 ad
1372 4564 1551 4627 haeresim

269 4677 466 4737 luteranam
491 4674 740 4736 eradicandam
765 4672 917 4734 maxime
941 4672 1118 4753 proluisse
1143 4673 1359 4752 debuissent,
1384 4683 1420 4735 et
1448 4682 1550 4734 certo

270 4781 383 4844 teneri
408 4781 520 4863 possit
543 4781 758 4862 presentiam
790 4779 952 4842 Caesaris
983 4782 1016 4842 in
1043 4779 1235 4843 Germania
1265 4783 1373 4860 longe
1405 4780 1551 4860 lateque

268 4890 323 4952 his
347 4892 452 4951 rebus
477 4891 676 4950 conducere
709 4908 834 4968 posse:
872 4908 975 4969 quum
1009 4898 1125 4949 tamen
1162 4909 1246 4950 suae
1278 4887 1336 4947 M¹⁸
1372 4887 1551 4952 adventus
