3425 5700
780 589 838 640 0-‹53
877 584 931 642 450
968 581 1027 640 tm

261 741 387 813 questa
421 731 625 794 defectione
659 733 725 793 che
759 732 855 794 forse
889 751 958 795 non
993 735 1145 795 sarebbe
1179 733 1319 813 seguita
1350 732 1479 814 perch&
1514 731 1545 793 si

261 843 462 903 sarebbeno
494 838 580 901 uniti
611 858 676 920 per
699 837 825 901 timore
849 838 908 900 del
932 859 980 902 re.
1029 839 1057 901 F
1060 859 1140 901 orse
1171 859 1240 901 non
1275 840 1427 902 sarebbe
1451 840 1546 900 male

262 950 328 1009 che
351 947 387 1008 in
412 955 538 1027 questo
562 965 600 1007 se
624 943 798 1007 scrivesse
822 965 844 1007 a
861 943 898 1008 S.
915 944 978 1007 M2‘
1003 965 1050 1007 un
1075 947 1147 1008 bon
1171 948 1283 1008 breve
1308 955 1343 1008 et
1367 946 1546 1027 sogiugne

262 1055 360 1116 detto
385 1051 528 1114 Statilio
563 1053 629 1113 che
653 1071 691 1112 se
715 1050 846 1114 Cesare
882 1061 918 1114 et
953 1062 1074 1114 nostro
1099 1051 1253 1135 Signore
1288 1063 1323 1114 et
1357 1053 1391 1115 10
1421 1051 1543 1114 nation

262 1160 468 1243 germanica
490 1159 680 1221 volessono
704 1159 883 1241 castigare
907 1159 1023 1242 questi
1048 1158 1176 1222 ribaldi
1200 1158 1358 1240 religiosi
1383 1167 1419 1222 et
1435 1179 1544 1240 quon·

263 1270 344 1330 dam
369 1266 466 1331 Gran
487 1265 644 1328 Maestro
669 1266 734 1328 che
751 1265 788 1329 S.
812 1264 876 1328 Mu
901 1287 946 1330 ne
971 1269 1123 1328 sarebbe
1146 1267 1256 1330 molto
1281 1269 1351 1328 ben
1375 1276 1547 1329 contenta

263 1385 299 1438 et
322 1377 388 1438 che
411 1372 538 1436 Poloni
562 1381 599 1435 et
622 1392 688 1435 rex
710 1371 789 1454 ipse
812 1374 959 1436 multum
984 1374 1206 1436 detestantur
1230 1393 1352 1436 eorum
1375 1373 1482 1436 vitam
1508 1381 1547 1434 et

263 1481 501 1544 defectionem
524 1500 545 1542 a
568 1499 656 1542 vera
678 1477 760 1542 fide.
787 1527 846 1543 ...

266 1637 270 1648 ·
351 1607 477 1669 Budae
501 1605 588 1667 VIII
612 1603 698 1667 Maii
722 1603 924 1667 MDXXV.

353 1747 460 1810 Tutto
486 1749 519 1810 el
543 1745 721 1809 contrario
745 1747 793 1808 ha
815 1745 906 1807 fatto
930 1746 965 1808 la
988 1745 1114 1828 regina
1138 1766 1205 1809 con
1232 1747 1256 1810 li
1280 1745 1332 1811 soi
1356 1748 1549 1830 Todeschi,

266 1877 333 1920 con
359 1855 422 1934 dir,
447 1875 486 1917 se
500 1853 543 1918 N.
558 1852 594 1916 S.
619 1852 637 1915 ὲ
662 1863 787 1915 contra
803 1851 935 1914 Cesare
959 1854 1025 1915 che
1047 1853 1216 1935 vogliono
1241 1853 1327 1916 farsi
1351 1855 1548 1930 lutherani;

265 1965 309 2026 (10
333 1963 460 2044 quibus
484 1980 554 2024 non
580 1969 634 2022 est
657 1961 871 2038 curandum,
894 1959 1027 2041 perche
1052 1961 1144 2022 oltra
1167 1961 1234 2022 che
1259 1959 1421 2043 Ungaria
1444 1963 1462 2024 ὲ
1487 1983 1549 2024 na·

264 2073 356 2133 tural
373 2068 510 2132 nemica
529 2070 574 2130 de
589 2066 802 2148 Alamagna,
827 2065 872 2128 ne
888 2085 959 2128 uno
977 2067 1081 2129 vuole
1102 2068 1185 2148 quel
1200 2069 1265 2130 che
1281 2067 1303 2129 l'
1320 2069 1412 2131 altro
1430 2069 1549 2150 vuele,

265 2198 353 2241 sono
377 2178 490 2239 anche
516 2175 685 2236 talmente
713 2173 872 2236 inclinati
897 2193 918 2235 a
943 2172 984 2235 N.
1010 2173 1047 2236 S.
1082 2183 1116 2235 et
1139 2175 1211 2237 alla
1234 2174 1317 2237 fede
1342 2178 1408 2238 che
1432 2195 1502 2238 non
1527 2177 1550 2239 ὸ

265 2289 312 2346 (10
335 2283 511 2346 dubitare.
558 2280 692 2343 Dubito
717 2284 786 2343 ben
818 2282 885 2343 che
909 2301 974 2364 per
999 2280 1173 2362 disdegno
1203 2303 1272 2344 non
1296 2281 1436 2347 saccino
1460 2283 1550 2366 ogni

265 2412 351 2454 cosa
374 2411 439 2473 per
462 2392 585 2452 turbar
609 2389 644 2451 la
667 2387 806 2470 pratica
830 2389 874 2450 de
890 2387 1049 2467 Boemia,
1074 2389 1204 2469 perche
1220 2391 1378 2472 petendo
1402 2391 1448 2453 lei
1463 2393 1552 2474 quel

266 2501 332 2561 che
356 2499 391 2560 la
415 2497 520 2559 vuole
544 2497 600 2558 col
614 2494 674 2558 Re
699 2504 734 2558 et
754 2494 959 2557 temendola
982 2496 1097 2575 questi
1115 2495 1317 2577 consiglieri
1334 2517 1400 2579 per
1418 2497 1452 2559 la
1467 2500 1550 2561 loro

266 2606 484 2686 corruptela,
515 2623 602 2665 sono
625 2601 753 2664 sorzati
777 2601 934 2682 seguirla
959 2602 1051 2664 dove
1076 2623 1113 2664 se
1138 2603 1295 2676 obstina;
1327 2624 1415 2686 pure
1439 2624 1551 2686 spero

266 2733 337 2775 non
361 2699 467 2794 potra
486 2719 586 2773 tanto
608 2711 673 2772 che
690 2709 803 2789 toglia
819 2719 920 2770 tanto
937 2710 1041 2789 bene,
1065 2729 1086 2770 a
1102 2710 1169 2773 che
1194 2720 1229 2772 et
1244 2709 1278 2772 io
1302 2721 1338 2772 et
1354 2713 1386 2774 01
1403 2711 1554 2775 Barone

266 2840 337 2883 non
355 2837 579 2883 mancaremo
595 2817 827 2899 provedendo
845 2835 865 2878 a
883 2824 974 2879 tutte
990 2817 1024 2879 le
1039 2815 1161 2882 offese.
1202 2817 1336 2901 Questo
1351 2818 1421 2881 mio
1437 2818 1553 2883 dubio

267 2946 431 2991 accresce
455 2928 490 2988 10
513 2924 693 3007 presentIa
717 2924 762 2985 de
784 2934 837 2985 tre
862 2922 994 2985 fratelli
1020 2924 1064 2987 de
1081 2924 1320 3007 Brandeburg
1344 2928 1410 2988 che
1434 2925 1461 2989 si
1478 2938 1554 2989 tro·

266 3053 360 3097 vano
386 3052 455 3115 qua
479 3042 515 3095 et
535 3051 601 3114 per
615 3032 649 3092 lo
665 3030 925 3094 ambasciatore
942 3051 1098 3113 cesaree,
1123 3032 1218 3115 quali
1233 3032 1314 3095 tutti
1333 3053 1421 3096 sono
1437 3035 1554 3097 luthe-

266 3140 344 3203 rani
377 3160 400 3202 o
433 3141 573 3201 almeno
606 3138 716 3200 molto
749 3137 898 3219 sospetti
933 3147 968 3200 et
996 3139 1270 3203 maximamente
1303 3141 1337 3202 el
1360 3139 1556 3205 Marchese

268 3246 426 3329 Georgio
447 3247 512 3309 che
529 3246 576 3307 ha
591 3264 697 3327 preso
712 3265 778 3326 per
792 3244 923 3325 moglie
947 3265 1018 3307 una
1034 3247 1092 3309 del
1107 3246 1210 3309 Duca
1226 3245 1331 3309 Carlo
1349 3248 1384 3309 di
1400 3246 1558 3312 Boemia

267 3375 373 3418 senza
396 3353 565 3434 dispensa
588 3361 624 3415 et
648 3372 735 3414 sono
760 3351 795 3413 in
821 3361 919 3413 terzo
941 3352 1065 3433 grado,

871 3850 946 3917 207.

721 3976 894 4057 Rorarius
922 3973 1093 4057 Saluitto.

670 4122 816 4192 (Verior.
841 4122 886 4181 ad
912 4122 1011 4180 ulem.
1036 4122 1073 4179 n.
1098 4120 1151 4189 tt.)

783 4233 839 4299 (13·
860 4234 925 4283 Maii
948 4229 1034 4301 15²5·)

358 4372 462 4450 Alio
493 4369 620 4433 scrisse
644 4370 680 4430 al
703 4368 796 4430 Rev.
822 4368 993 4447 Capuano
1024 4366 1210 4447 pregando
1236 4362 1309 4428 Sua
1333 4362 1375 4427 S·
1399 4366 1477 4429 ΚΝ·
1509 4390 1568 4435 ne

267 4484 409 4545 volesse
432 4478 488 4541 far
510 4476 695 4560 partecipe
716 4475 760 4537 V.
787 4471 823 4536 S.
848 4474 896 4537 R.
921 4473 966 4534 de
990 4473 1024 4534 le
1048 4492 1151 4551 nove,
1176 4492 1241 4553 per
1266 4494 1335 4535 non
1360 4475 1502 4555 poterli,
1523 4478 1569 4543 in

269 4588 387 4669 quella
416 4586 505 4648 hora
529 4582 698 4647 scriverli.
747 4582 793 4643 Al
825 4588 992 4661 presente
1017 4578 1150 4661 supliru
1175 4578 1210 4640 in
1235 4588 1339 4660 parte
1367 4581 1401 4641 al
1427 4582 1570 4650 debito

268 4694 339 4757 mio
369 4703 405 4755 et
428 4692 451 4754 li
476 4691 606 4753 mando
631 4710 699 4751 una
724 4686 827 4769 copia
850 4688 988 4749 inclusa
1019 4687 1064 4748 de
1089 4705 1159 4747 una
1184 4688 1312 4748 lettera
1344 4687 1389 4748 de
1412 4686 1570 4757 Norim.

268 4804 392 4880 bergo.
438 4799 545 4861 Tutta
575 4799 611 4860 la
635 4797 836 4877 Alemagna
861 4814 905 4855 va
937 4801 1030 4855 sotto
1055 4812 1178 4873 sopra,
1214 4792 1258 4854 (ιὲ
1283 4792 1312 4855 c’
1339 4794 1357 4855 ὲ
1388 4793 1447 4874 piu
1473 4814 1571 4877 spe.

267 4927 375 4970 ranza
398 4906 552 4968 alchuna
575 4924 614 4967 se
638 4923 707 4965 non
734 4902 828 4964 nella
850 4900 1093 4962 misericordia
1117 4901 1162 4962 de
1187 4898 1256 4961 Dio
1281 4909 1317 4961 et
1340 4899 1401 4981 gia
1423 4902 1471 4965 ha
1499 4924 1573 4971 eo.
