3425 5700
818 555 1066 613 odilae-v

301 704 426 786 gulare
456 700 657 783 affcctione,
688 702 717 764 si
742 703 1015 765 concederanno
1039 709 1147 783 tutte,
1178 702 1311 785 purchd
1342 723 1409 765 con
1434 703 1576 765 honesti

301 808 331 873 si
354 830 477 891 possa;
503 821 539 873 et
562 809 621 873 noi
645 810 784 873 facemo
808 807 894 891 ogni
918 830 1002 873 cosa
1025 809 1124 873 accio
1149 812 1182 873 el
1203 810 1298 874 dicto
1315 810 1437 891 signor
1453 829 1575 891 cogno-

301 937 363 980 sco
386 926 520 999 quanto
543 917 657 979 anche
683 917 742 979 noi
767 915 1003 980 desideriamo
1028 916 1251 999 compiacere
1267 914 1341 979 Sua
1358 914 1409 979 St·
1432 926 1468 980 et
1490 937 1574 980 mon·

301 1024 425 1106 signor
448 1022 473 1086 il
496 1044 653 1086 vescovo
678 1044 742 1087 suo
767 1023 803 1087 di
827 1024 1103 1107 Brandeburgh.

390 1131 433 1194 Li
455 1129 544 1194 avisi
567 1129 688 1211 vostri,
713 1131 807 1194 ultra
830 1131 940 1213 quelli
964 1132 1058 1194 della
1076 1130 1321 1195 commissione
1338 1140 1469 1211 vostre,
1494 1151 1577 1193 sono

300 1238 385 1303 steti
407 1259 429 1301 a
452 1235 527 1301 Sua
550 1237 778 1302 Beatitudine
801 1237 1010 1321 gratissimi3
1042 1258 1080 1301 se
1109 1240 1254 1301 attende
1277 1241 1367 1302 hora
1394 1241 1429 1301 la
1453 1240 1578 1301 resolu·

301 1346 399 1409 tione
430 1346 475 1408 de
507 1342 638 1409 Cesare
670 1356 803 1408 venuto
837 1347 904 1407 che
936 1344 989 1408 sia
1020 1344 1120 1409 coste
1143 1344 1316 1425 Martino,
1351 1345 1480 1427 poiche
1511 1343 1579 1407 cosi

300 1455 419 1517 hanno
443 1454 565 1515 voluto
589 1472 702 1534 segue
727 1461 851 1515 contre
875 1452 960 1534 ogni
985 1455 1125 1531 volere,
1156 1462 1192 1514 et
1215 1452 1354 1535 piaccia
1377 1474 1398 1516 a
1422 1452 1494 1515 Dio
1519 1455 1580 1515 che

301 1559 355 1623 sia
376 1579 442 1641 per
465 1558 490 1623 il
514 1558 645 1641 meglio
670 1579 770 1623 come
788 1559 918 1623 Cesare
944 1570 978 1622 et
1002 1558 1026 1621 li
1051 1560 1128 1623 suoi
1152 1558 1348 1623 affirmano
1389 1560 1469 1623 Non
1491 1581 1579 1623 man-

300 1676 380 1731 cete
404 1665 440 1729 di
465 1665 655 1749 ringratiar
680 1666 715 1728 di
739 1665 908 1729 continuo
933 1667 979 1729 da
1002 1678 1105 1748 parte
1130 1666 1165 1729 di
1183 1666 1218 1731 S.
1240 1664 1292 1729 Sl*
1317 1676 1353 1729 et
1378 1668 1413 1729 di
1437 1676 1536 1730 tucto
1557 1666 1580 1727 il

301 1794 402 1839 sacro
426 1774 589 1856 Collegio
613 1783 649 1837 et
673 1782 795 1838 nostra
818 1774 841 1836 il
868 1794 939 1838 rev.
966 1774 1082 1837 Pedre
1107 1773 1313 1837 confessore
1338 1784 1374 1837 et
1399 1772 1581 1839 ricordarli

302 1901 426 1964 spesso
454 1883 487 1945 el
516 1884 609 1944 bene
632 1901 782 1944 comune
806 1881 902 1943 delle
928 1880 1043 1943 difesa
1066 1880 1266 1945 universale
1291 1881 1386 1945 della
1409 1881 1580 1963 religione

301 1988 495 2052 christiana
527 1998 564 2050 et
586 1987 701 2050 anche
726 1988 821 2050 dello
844 1986 996 2069 imperio
1021 1986 1252 2068 Germanico,
1288 1990 1394 2071 quale
1418 1988 1581 2069 depende

302 2097 347 2158 de
371 2105 498 2177 questa
521 2092 634 2171 Senta
657 2092 771 2165 Sede;
796 2105 832 2156 et
855 2092 1066 2176 persuadasi
1090 2092 1164 2156 Sua
1188 2093 1371 2157 Paternitri
1394 2096 1460 2159 che
1487 2095 1530 2159 N.
1548 2094 1581 2157 S.

302 2224 373 2265 non
397 2202 417 2266 e
441 2222 505 2284 per
530 2200 770 2264 dimenticarsi
797 2200 836 2262 di
860 2199 970 2282 quelli
993 2200 1043 2283 pii
1067 2200 1174 2263 officii
1209 2203 1275 2264 che
1299 2202 1336 2265 ie
1360 2213 1395 2265 et
1419 2204 1581 2266 exhorta·

301 2311 373 2374 tela
403 2317 439 2371 et
462 2308 636 2390 stringete
667 2316 799 2388 quanto
829 2306 890 2389 pib
922 2329 960 2370 se
993 2308 1065 2389 pub
1088 2308 1135 2371 ad
1159 2329 1408 2389 perseverare,
1443 2308 1520 2373 cosi
1549 2309 1581 2371 in

301 2437 406 2481 nome
431 2416 467 2479 di
483 2414 557 2479 Sua
581 2414 809 2479 Beatitudine
832 2436 933 2479 come
958 2415 994 2477 di
1018 2424 1115 2479 tucta
1140 2417 1174 2479 la
1191 2416 1319 2481 Chiesa
1343 2428 1379 2480 et
1402 2428 1526 2481 nostro
1550 2430 1584 2481 et

301 2522 475 2588 offeritele
508 2523 543 2585 le
566 2520 701 2585 facult&
730 2521 767 2585 di
790 2532 917 2604 questa
941 2521 1074 2586 Sancta
1099 2520 1194 2587 Sede
1228 2533 1264 2586 et
1287 2533 1407 2587 nostre
1431 2524 1582 2606 particu-

301 2630 378 2695 lari.
418 2630 477 2694 Ad
501 2629 560 2692 voi
585 2649 629 2692 ne
653 2631 786 2692 accede
810 2628 963 2713 replicat
980 2631 1071 2694 altro
1095 2630 1223 2712 poiche
1248 2630 1280 2693 ci
1303 2633 1434 2695 lassate
1458 2633 1541 2695 loco
1564 2654 1585 2694 a

302 2758 374 2801 non
399 2736 603 2801 desiderare
627 2737 688 2819 piir
712 2739 805 2800 ultra
829 2736 866 2799 di
890 2737 1008 2819 quello
1034 2738 1099 2801 che
1124 2737 1197 2801 cosi
1222 2739 1491 2803 ardentemente
1506 2760 1583 2822 pro·
1683 2764 1684 2838 ,

302 2855 434 2911 curate.
481 2844 526 2908 Et
549 2846 642 2908 bene
666 2846 795 2909 valete.
842 2844 1046 2908 Florentiae
1071 2844 1115 2910 V.
1141 2846 1228 2928 Apr.
1260 2867 1351 2925 1521.

919 3239 973 3304 59.

417 3355 619 3437 Pullion-io
646 3355 775 3436 Bullee
802 3358 928 3435 couno
953 3354 1151 3435 lutherum
1178 3355 1279 3436 leole
1306 3355 1469 3439 l'mieoti.

666 3494 767 3566 (dote
784 3491 1065 3552 wormetlentle
1083 3489 1141 3551 fol
1159 3493 1216 3562 57.)

818 3593 855 3660 is·
876 3595 964 3661 spru.
987 3599 1071 3658 1521·)

392 3715 598 3778 Reinardus
622 3722 689 3776 etc.
739 3710 924 3775 Universis
956 3721 992 3774 et
1023 3709 1173 3791 singulis
1197 3710 1435 3774 Ecclesiarum
1461 3731 1582 3776 saecu-

302 3823 428 3886 larium
477 3821 693 3904 regularium
746 3839 787 3882 ec
833 3817 1125 3882 monasteriorum
1166 3818 1340 3898 Preletis,
1382 3819 1587 3899 abbatibus,
1679 3855 1680 3904 ,

304 3928 540 4013 Praepositis,
573 3926 746 4006 Decanis,
788 3925 992 4006 PrioribuS,
1031 3923 1267 4003 Guardianis,
1306 3924 1524 3990 Custodibus
1555 3935 1590 3989 et

301 4035 473 4101 Ministris
498 4052 800 4117 quorumcumque
822 4031 985 4096 ordinum
1011 4031 1118 4094 etiam
1136 4030 1421 4110 mendicantium,
1446 4052 1588 4096 necnon

304 4144 459 4208 Decanis
483 4140 613 4206 nostris
636 4140 813 4202 ruralibus
837 4160 879 4202 ac
900 4137 1174 4221 parochialibus
1198 4137 1435 4201 Ecclesiarum
1453 4139 1589 4204 Recto·

303 4253 412 4331 ribus,
436 4247 618 4326 Plebanis,
644 4247 910 4329 Viceplebanis,
935 4245 1138 4336 CanoniciS,
1165 4245 1378 4327 Capelianis,
1403 4244 1589 4310 Alteristis
1677 4309 1678 4340 ,

303 4356 524 4442 presbyteris
548 4375 590 4418 ac
615 4353 754 4417 clericis
777 4353 1057 4435 quibuscumque
1082 4352 1303 4416 beneficiatis
1328 4363 1364 4416 et
1384 4373 1455 4415 non
1480 4355 1588 4418 bene·

303 4464 430 4529 ficietis
454 4483 520 4546 per
543 4459 712 4525 diocesim
737 4469 894 4524 nostram
919 4460 1069 4523 ubilibet
1097 4459 1315 4540 constitutis,
1348 4459 1588 4543 omnibusque

304 4571 383 4636 aliis
407 4592 449 4635 ac
473 4569 624 4652 singulis
648 4568 694 4630 ad
710 4588 800 4650 quos
816 4577 1003 4648 presentes
1027 4577 1170 4630 nostrae
1187 4565 1327 4630 litterae
1344 4567 1590 4649 pervenerint,
1676 4563 1677 4574 ’

306 4698 465 4763 quosque
498 4674 760 4757 infrascriptum
794 4672 910 4755 tangit
943 4673 1131 4754 negocium
1167 4693 1229 4737 seu
1270 4685 1419 4756 tangere
1452 4674 1591 4755 poterit

305 4782 574 4868 quomodolibet
596 4782 632 4844 in
664 4780 828 4857 futurum,
855 4782 1002 4843 salutem
1028 4780 1063 4842 in
1088 4779 1241 4850 Domino
1265 4792 1301 4842 et
1316 4780 1445 4844 nostris
1467 4779 1590 4846 huius·

306 4891 404 4958 modi
426 4891 496 4954 imo
519 4889 640 4953 verius
664 4886 875 4972 apostolicis
898 4887 1045 4950 firmiter
1068 4886 1215 4950 obedire
1240 4886 1425 4950 mandatis.
