3425 5700
777 546 1024 604 essarto*

261 700 297 754 et
320 690 568 771 inobediente,
604 713 703 755 come
739 695 776 756 fu
805 696 1002 776 proceduto
1034 705 1158 758 contra
1183 695 1307 759 Boemi
1332 711 1367 758 et
1391 697 1447 758 nel
1472 697 1538 778 pri·

261 799 352 862 varli
377 800 421 861 de
445 800 469 862 li
493 800 694 864 commercii
719 799 889 863 interdire
915 803 1027 864 ancho
1052 803 1122 864 alle
1147 804 1236 865 altre
1268 803 1334 866 che
1358 807 1424 866 sub
1448 824 1541 885 pena

262 906 601 970 excomunicationis
626 919 692 970 etc,
717 928 786 971 non
812 910 963 972 havesse
988 910 1114 972 alcuno
1139 910 1351 972 commercio
1372 931 1437 974 con
1462 931 1540 973 esse

262 1014 472 1076 altramente
497 1015 563 1077 che
588 1017 663 1077 loro
688 1015 771 1077 beni
796 1025 832 1077 et
856 1015 1049 1078 mercantie
1074 1018 1103 1079 si
1121 1017 1275 1080 dessono
1300 1017 1335 1080 in
1360 1019 1481 1099 preda,
1509 1027 1543 1078 et

261 1121 353 1184 fatto
377 1131 503 1202 questo
528 1120 556 1184 si
581 1125 757 1203 potrebbe
782 1123 990 1186 dimandare
1013 1143 1034 1185 a
1059 1123 1183 1186 Boemi
1214 1143 1315 1187 come
1345 1125 1392 1186 ad
1422 1123 1540 1187 obedi·

262 1227 351 1310 enti,
386 1230 452 1291 che
475 1248 545 1291 non
570 1230 771 1292 andassono
803 1229 863 1311 piir
890 1231 924 1292 la
948 1250 1004 1292 ma
1027 1229 1258 1294 ritornassino
1283 1251 1305 1293 a
1327 1230 1542 1312 Ratispona,

262 1334 472 1398 similmente
496 1336 680 1416 operando
704 1355 771 1398 con
796 1336 876 1398 tutti
902 1337 1018 1417 questi
1044 1337 1224 1400 Potentati
1258 1347 1293 1400 et
1323 1336 1446 1419 Regni
1473 1358 1540 1399 con

261 1443 377 1522 lettre,
403 1443 468 1504 che
493 1442 669 1505 evitarent
692 1441 771 1505 illas
795 1441 969 1507 Civitates
993 1453 1071 1524 etc„
1097 1452 1133 1506 et
1156 1441 1230 1507 cosi
1253 1463 1354 1507 come
1379 1446 1486 1507 dese
1514 1444 1542 1506 si

263 1548 506 1611 destituiriano
532 1559 567 1611 et
600 1549 755 1630 seguiria
786 1551 821 1612 lo
846 1549 979 1614 effett0.
1027 1550 1100 1613 Pur
1120 1551 1154 1614 la
1179 1551 1263 1614 citra
1281 1551 1317 1613 di
1338 1551 1543 1633 Ratispona

264 1654 387 1717 merita
412 1655 497 1738 ogni
522 1655 620 1718 aiuto
645 1664 681 1718 et
703 1655 830 1720 favore
853 1658 984 1740 perche
1009 1678 1074 1739 per
1097 1661 1131 1720 la
1155 1658 1362 1722 obedientia
1394 1679 1458 1721 soa
1482 1657 1544 1721 alli

263 1761 446 1825 interdetti
470 1783 575 1845 perse
600 1763 625 1825 il
648 1762 772 1826 trafico
797 1772 832 1825 et
856 1765 875 1826 ὲ
899 1763 960 1846 gia
984 1784 1083 1826 come
1109 1765 1346 1847 abandonata,
1371 1774 1407 1829 et
1430 1764 1448 1828 ὲ
1474 1785 1544 1827 arn-

263 1868 421 1951 plissima
445 1869 530 1932 citra
554 1880 590 1933 et
614 1872 723 1934 molto
747 1872 839 1933 bene
865 1869 1030 1934 edificata
1053 1873 1099 1934 ad
1123 1871 1237 1954 ripam
1262 1872 1418 1935 Danubii
1480 1923 1487 1936 .
1537 1922 1545 1937 .

352 2101 477 2164 Budae
502 2101 634 2164 XXVI
660 2101 794 2183 Aprilis
818 2101 1009 2165 MDXXV

1073 2227 1119 2276 Uti
1139 2229 1231 2276 Frater
1251 2228 1436 2277 Deditissimus

1101 2315 1129 2377 1.
1150 2314 1210 2376 tar.
1230 2314 1406 2388 1111111111.

869 2763 944 2831 205.

592 2920 596 2927 ·
661 2882 820 2963 Clemens
850 2882 930 2963 VII.
959 2882 1080 2964 Garolo
1112 2881 1148 2965 V.

591 3029 728 3103 (11111111
746 3030 835 3104 apua
853 3031 891 3090 aa
909 3030 1049 3104 arnapa
1067 3029 1113 3089 ru
1132 3029 1199 3101 111.)
1291 3060 1298 3072 ·

789 3149 824 3214 (7.
845 3151 912 3200 Maii
934 3147 1021 3216 1525.)

355 3274 460 3336 Carmo
483 3274 518 3337 in
545 3274 685 3337 Christo
709 3273 759 3336 fili
773 3282 895 3336 noster
911 3282 975 3337 etc.
1025 3272 1111 3335 Cum
1135 3292 1156 3334 a
1180 3270 1301 3353 primis
1325 3272 1549 3353 temporibus

265 3380 496 3444 Pontificatus
521 3380 642 3459 nostri,
666 3380 907 3463 intelligentes
930 3380 967 3442 in
992 3400 1095 3460 quam
1120 3398 1238 3442 curam
1268 3389 1302 3439 et
1325 3379 1485 3442 laborem
1512 3389 1550 3442 et

265 3485 302 3549 in
325 3506 417 3567 quae
440 3497 603 3569 tempora
635 3486 847 3550 christianae
883 3485 1100 3567 reipublicae
1125 3505 1189 3548 nos
1225 3487 1269 3547 ad
1300 3496 1421 3549 tantae
1457 3506 1551 3550 onus

265 3593 510 3656 sollicitudinis
533 3594 631 3657 Deus
656 3592 891 3676 Omnipotens
915 3592 1125 3671 vocavisset,
1150 3592 1396 3654 institissemus
1420 3611 1550 3674 procu·

266 3720 346 3763 rare
371 3710 406 3763 et
430 3702 580 3765 suadere
604 3721 747 3783 pacem,
771 3701 847 3763 sine
872 3720 942 3781 qua
966 3698 1266 3763 Christianitatem
1291 3708 1344 3762 tot
1369 3710 1404 3762 et
1428 3709 1548 3763 exter·

266 3807 321 3869 nis
345 3817 381 3870 et
405 3808 609 3871 domesticis
633 3808 732 3870 malis
756 3806 893 3870 damnis
924 3806 1225 3887 incommodisque
1257 3804 1431 3885 attritam,
1466 3826 1548 3889 pro-

266 3914 396 3977 ximam
421 3935 499 3978 esse
524 3914 633 3977 exitio
658 3914 886 3977 videbamus:
911 3914 1139 3976 recordamur
1154 3932 1218 3975 nos
1234 3932 1279 3975 ex
1297 3910 1406 3975 officii
1425 3910 1551 3993 potius

267 4024 379 4085 nostri
403 4023 542 4103 debito,
567 4043 671 4105 quam
696 4024 791 4103 quod
816 4042 880 4103 spe
903 4022 976 4083 ulla
999 4030 1217 4098 teneremur,
1249 4020 1293 4081 ad
1329 4038 1406 4080 eam
1437 4018 1548 4083 actio-

267 4150 348 4193 nem
373 4138 454 4192 tunc
470 4129 643 4193 adductos
667 4127 788 4191 fuisse.
828 4125 903 4189 Etsi
920 4127 1012 4189 enim
1028 4127 1142 4189 Deum
1167 4125 1366 4187 sciebamus
1390 4124 1550 4208 omnipo·

267 4247 400 4301 tentem
424 4247 562 4301 mutare
584 4256 695 4317 saepe
717 4244 868 4319 repente
892 4233 1039 4297 consilia
1063 4232 1242 4295 hominum
1267 4231 1301 4294 in
1335 4231 1476 4311 melius,
1515 4244 1552 4295 et

268 4366 359 4427 quae
386 4342 593 4406 difficillima
617 4343 840 4422 videbantur,
866 4360 909 4403 ea
932 4360 1010 4403 cum
1039 4339 1134 4402 omni
1158 4338 1328 4402 facilitate
1352 4336 1550 4403 conficere:

268 4462 386 4515 tamen
411 4450 447 4514 in
470 4449 579 4513 tantis
603 4468 779 4512 armorum
803 4446 1101 4525 contentionibus,
1126 4454 1162 4508 et
1181 4444 1330 4507 diversis
1347 4444 1551 4527 principum

269 4559 540 4624 christianorum
563 4556 759 4635 sententiis,
783 4574 853 4617 non
879 4556 1091 4617 cernebatur
1114 4551 1194 4633 paci
1211 4554 1321 4631 locus,
1346 4571 1451 4634 quarn
1468 4573 1551 4616 cum

270 4668 507 4731 suadebamus
531 4674 568 4728 et
591 4664 637 4726 ad
654 4682 733 4725 eam
746 4664 997 4738 hortabamur,
1022 4660 1383 4741 proponebamusque
1397 4678 1441 4722 ea
1456 4680 1551 4741 quae

269 4774 373 4840 nobis
403 4774 617 4836 videbantur
645 4770 693 4833 ad
719 4789 845 4852 pacem
880 4766 1050 4851 propiora
1081 4786 1177 4846 esse,
1213 4765 1330 4829 studio
1364 4766 1478 4849 magis
1515 4776 1551 4832 et

270 4880 448 4961 desiderio
472 4878 714 4947 conscientiae
737 4886 881 4943 nostrae
907 4872 1234 4953 satisfaciebamus,
1259 4893 1364 4958 quam
1388 4892 1452 4957 spe
1469 4894 1549 4958 pro·
