3425 5700
798 544 1045 601 eoem&

281 690 416 756 Svizeri
447 690 763 772 sopragiugnendo
788 700 912 771 queste
935 690 1057 753 novita
1093 692 1138 753 de
1161 691 1311 771 Milano‚
1346 711 1412 772 per
1435 676 1562 773 questa

280 799 468 862 invernata
500 818 569 860 non
604 798 634 859 si
666 796 743 860 sara
776 798 878 861 altro.
927 798 1077 861 Intendo
1111 799 1268 861 anchora
1300 799 1366 861 che
1390 799 1414 861 'l
1445 798 1562 881 reggi-

280 918 399 970 mento
423 904 606 986 imperiale
630 904 666 966 in
690 903 838 985 Eslinga
861 926 907 967 va
929 907 1001 967 mal
1025 914 1193 968 contento
1222 914 1257 967 et
1280 904 1395 967 vuolsi
1420 908 1466 968 de
1490 926 1562 969 non

282 1034 401 1077 essere
432 1017 524 1074 bene
549 1012 764 1073 intertenuto
796 1012 840 1073 de
865 1012 890 1073 li
913 1012 991 1074 suoi
1015 1011 1133 1074 salarii
1165 1012 1327 1094 segondo
1360 1013 1425 1075 che
1450 1012 1501 1093 gli
1525 1012 1563 1076 fu

281 1140 465 1203 promesso
491 1128 526 1181 et
547 1140 591 1181 ne
616 1118 653 1181 fa
677 1120 822 1199 querela
847 1121 904 1181 col
918 1118 1097 1201 Principe,
1122 1122 1156 1183 el
1180 1122 1285 1201 quale
1301 1118 1472 1201 risponde
1496 1122 1563 1182 che

281 1248 347 1311 per
370 1246 441 1289 una
465 1236 562 1289 certa
586 1235 690 1306 parte
713 1225 763 1305 gli
787 1225 1005 1305 provedera;
1031 1226 1154 1289 dubito
1172 1228 1238 1288 che
1253 1228 1421 1291 andando
1437 1237 1564 1308 queste

281 1356 364 1398 cose
399 1335 443 1396 de
467 1331 571 1395 Italia
594 1333 735 1395 sinistre
769 1351 840 1394 non
873 1331 902 1395 si
935 1331 1071 1397 voltino
1100 1354 1122 1395 a
1145 1352 1298 1414 pensare
1330 1336 1481 1415 qualche
1514 1334 1564 1397 di-

282 1460 410 1505 sconzo
443 1448 478 1501 et
508 1439 543 1501 di
567 1440 684 1520 quelle
709 1459 793 1501 cose
823 1438 869 1501 de
893 1438 950 1501 chi
975 1459 1040 1502 con
1066 1440 1088 1502 l'
1104 1442 1195 1503 altre
1217 1440 1287 1504 mie
1311 1440 1396 1503 dissi
1420 1462 1565 1505 esseme

282 1550 432 1631 qualche
456 1555 633 1629 suspetto;
659 1566 726 1627 pur
750 1565 863 1627 penso
887 1547 953 1608 che
978 1556 1119 1609 costoro
1144 1566 1212 1609 con
1233 1547 1268 1609 la
1284 1547 1471 1630 diligentia
1486 1551 1565 1612 loro

281 1655 556 1739 provederanno
574 1673 595 1715 a
611 1662 711 1715 tutto.
754 1652 847 1735 Ogni
864 1652 1044 1716 disordine
1067 1654 1134 1716 che
1151 1670 1262 1734 segue
1277 1653 1437 1717 darebbe
1454 1656 1565 1718 molto

282 1762 506 1825 incommodo
531 1760 600 1825 alle
625 1779 708 1823 cose
733 1768 863 1824 nostre.

373 1868 474 1931 Colui
499 1868 564 1930 che
582 1886 643 1928 era
659 1868 914 1948 luogotenente
936 1863 995 1946 qui
1011 1866 1070 1927 del
1087 1866 1255 1948 Principe
1272 1867 1290 1929 ὲ
1306 1876 1399 1929 stato
1414 1868 1565 1931 rimosso

283 1986 318 2039 et
341 1975 376 2038 in
401 1976 534 2056 luogho
558 1993 622 2035 suo
646 1992 809 2035 messono
834 1973 891 2034 un’
910 1974 1011 2035 altro.

371 2082 505 2144 Mando
531 2101 552 2143 a
572 2080 615 2142 V.
641 2077 675 2141 S.
701 2078 804 2161 copia
828 2080 873 2141 de
898 2098 967 2140 una
991 2080 1089 2143 bolla
1112 2080 1202 2143 satta
1226 2081 1260 2142 in
1279 2080 1423 2144 Prussia
1447 2082 1494 2144 da
1517 2103 1567 2145 un

282 2209 438 2253 vescovo
462 2188 496 2251 in
521 2186 646 2249 favore
671 2187 716 2249 de
740 2187 775 2248 la
797 2184 939 2249 heresia
961 2186 1166 2258 lutherana;
1191 2206 1304 2267 penso
1328 2190 1395 2251 che
1411 2190 1567 2251 sarebbe

282 2299 391 2362 molto
415 2303 616 2377 opportuno
640 2302 676 2355 et
693 2295 894 2356 necessario
910 2295 1109 2375 procedere
1124 2303 1249 2358 contro
1274 2295 1384 2376 dilui,
1410 2297 1443 2357 el
1460 2297 1568 2377 quale

282 2404 428 2466 intendo
453 2402 518 2464 che
543 2399 576 2462 la
600 2400 691 2464 oltre
716 2400 735 2462 e
760 2402 892 2463 lassato
906 2402 1041 2481 luogho
1057 2409 1203 2463 tenente
1219 2402 1277 2463 del
1293 2402 1393 2464 Gran
1410 2415 1568 2466 maestro

284 2511 328 2573 de
350 2508 510 2583 Prussia;
535 2527 601 2589 per
624 2508 660 2569 la
683 2508 765 2588 qual
789 2526 874 2569 cosa
898 2508 926 2569 si
950 2509 1022 2591 pud
1045 2529 1113 2592 pur
1137 2529 1234 2573 esser
1258 2508 1379 2571 chiaro
1404 2512 1449 2572 de
1472 2509 1570 2573 illius

284 2618 479 2681 voluntate.

374 2724 524 2787 Intendo
549 2723 683 2783 anchor
707 2724 772 2783 che
791 2720 813 2784 ’1
837 2718 1008 2785 Casimiro
1023 2722 1350 2806 Brandeburgense
1374 2744 1419 2786 ne
1442 2726 1478 2787 lo
1502 2744 1571 2789 suo

282 2853 392 2915 paese
416 2832 462 2894 ha
486 2838 609 2894 tenuta
632 2848 702 2892 une
727 2827 823 2892 dieta
853 2850 898 2892 ne
922 2829 956 2892 la
981 2831 1086 2911 quale
1110 2829 1135 2893 li
1158 2829 1236 2894 suoi
1269 2829 1320 2912 gli
1341 2832 1462 2896 hanno
1487 2853 1569 2914 pro·

283 2948 387 3020 posto
420 2937 518 3000 molti
543 2935 681 2999 articoli
715 2937 779 2998 che
813 2936 893 2998 tutti
927 2957 1046 3000 vanno
1079 2939 1150 3000 alla
1181 2937 1240 3000 via
1264 2941 1469 3020 lutherana‚
1506 2940 1573 3003 alli

285 3047 380 3128 quali
406 3045 477 3126 egli
501 3047 547 3107 ha
571 3045 669 3106 detto
686 3065 755 3106 non
779 3052 905 3124 potere
928 3045 1017 3108 hora
1031 3043 1242 3127 rispondere
1265 3065 1331 3127 per
1347 3066 1466 3109 essere
1483 3067 1573 3112 cose

285 3155 329 3215 de
354 3153 582 3235 importanze‚
607 3160 643 3213 et
667 3149 740 3213 cosi
763 3150 788 3212 li
810 3151 857 3213 ha
881 3151 1019 3214 rimessi
1043 3172 1065 3214 a
1087 3151 1144 3214 un'
1163 3151 1270 3223 altra;
1295 3153 1330 3214 la
1353 3153 1459 3235 copia
1482 3154 1531 3217 de
1548 3154 1574 3216 li

284 3259 379 3340 quali
405 3258 448 3320 V.
473 3257 506 3320 S.
537 3256 671 3320 havera
703 3257 763 3339 qui
792 3257 941 3340 alligata
971 3267 1007 3321 et
1030 3258 1142 3340 perho
1173 3257 1291 3320 iudico
1324 3261 1389 3322 che
1413 3261 1574 3323 sarebbe

286 3369 403 3428 buono
428 3365 517 3428 hora
540 3366 709 3427 mandere
734 3383 803 3426 uno
829 3365 875 3426 de
900 3363 1008 3446 quelli
1030 3363 1163 3428 fratelli
1187 3364 1224 3426 di
1240 3365 1360 3428 Roma
1383 3364 1418 3427 in
1444 3386 1518 3448 qua
1542 3371 1574 3430 sl

285 3493 350 3554 per
373 3471 397 3534 li
422 3472 624 3535 endamenti
650 3470 685 3533 di
709 3470 831 3552 costui,
857 3491 958 3534 come
982 3489 1048 3555 per
1071 3472 1179 3553 quelli
1204 3473 1261 3535 del
1287 3491 1376 3553 gran
1402 3483 1575 3556 maestro,

285 3578 447 3660 segondo
471 3580 537 3640 che
562 3579 651 3640 altre
675 3579 772 3640 volte
796 3579 909 3659 penso
933 3577 976 3641 N.
1001 3576 1038 3642 S.

374 3700 537 3766 Viennae
562 3701 613 3765 IV
638 3701 851 3765 Novembris
876 3700 1095 3768 MDXXIV.

895 4129 968 4196 178.

616 4247 783 4330 Consules
810 4247 1007 4350 Prugenses
1035 4245 1232 4350 campagis

738 4385 796 4460 (dp.
814 4385 974 4460 Principum
992 4385 1028 4443 11
1047 4385 1115 4457 ³47.)

756 4494 812 4568 (10.
831 4497 992 4546 Novembris
1014 4494 1102 4566 1524.)

377 4638 536 4703 Salutem
570 4659 649 4702 cum
683 4659 802 4703 rerum
837 4639 990 4702 omnium
1026 4639 1276 4722 prosperitatis
1311 4639 1494 4704 desiderio
1535 4665 1583 4707 ac

288 4747 486 4813 officiorum
510 4747 612 4810 simul
637 4755 673 4809 et
696 4746 947 4827 obsequiorum
971 4755 1171 4809 nostrorum
1192 4746 1408 4809 sincerorum
1432 4747 1584 4814 exhibi-

288 4857 385 4919 tione
406 4875 546 4937 semper
559 4864 726 4936 prompta
741 4852 889 4916 dicimus
912 4863 948 4915 et
964 4851 1213 4934 significamus.
1253 4851 1586 4924 Reverendissime
