3425 5700
786 551 1032 611 &britta-⁰

270 699 462 763 Presertim
503 700 564 763 ubi
598 720 690 763 nunc
723 700 843 781 Regie
873 699 1053 763 Maiestati
1084 698 1236 763 Domino
1265 707 1387 779 nostro
1420 696 1547 779 gratio·

269 806 406 871 sissimo
430 807 622 870 humillime
646 816 682 869 et
706 808 842 871 sincere
867 806 1053 870 scribimus
1076 805 1177 870 istius
1200 805 1253 869 rei
1268 804 1412 903 ¹gratia,
1444 824 1546 886 quam

269 934 387 977 coram
412 912 486 978 Sua
511 912 623 977 Sacra
646 914 835 977 Maiestate
860 933 925 977 nos
949 914 985 976 in
1010 913 1114 977 aliam
1138 923 1277 995 partem
1301 932 1406 994 quam
1429 930 1547 974 sumus

268 1021 427 1085 nonnulli
451 1022 630 1085 hominum
654 1020 949 1103 interpretantur,
980 1041 1024 1083 ac
1055 1023 1163 1102 longe
1195 1019 1299 1082 aliter
1327 1028 1433 1101 quam
1457 1018 1547 1081 ratio

268 1127 344 1191 veri
368 1128 480 1191 dietat
504 1128 712 1211 depingunt.
747 1127 889 1211 Quippe
913 1126 1103 1190 amicitiam
1126 1128 1222 1190 illam
1245 1147 1351 1208 quam
1374 1146 1446 1189 una
1469 1145 1548 1187 cum

268 1234 508 1298 Illustrissimo
531 1236 633 1298 Duce
665 1244 700 1297 et
729 1234 884 1297 Domino
913 1234 1066 1297 Domino
1099 1232 1226 1297 Carolo
1260 1232 1429 1315 Principe
1458 1232 1547 1294 Min-

268 1341 491 1423 stebergensi
518 1341 642 1423 Regni
671 1361 811 1423 quoque
835 1341 983 1404 Boemie
1007 1340 1194 1424 capitaneo
1219 1350 1286 1404 etc.
1312 1349 1348 1403 et
1371 1358 1547 1421 generoso

268 1449 421 1512 Domino
445 1449 598 1512 Domino
623 1449 744 1511 Leone
768 1447 969 1528 Burgravio
994 1447 1179 1530 Pragensi,
1204 1468 1245 1510 ac
1265 1446 1394 1510 ceteris
1417 1445 1548 1529 prefati

269 1554 393 1638 Regni
418 1556 630 1619 officialibus
660 1557 832 1618 habemus
863 1555 1107 1618 adscribentes
1136 1555 1173 1617 in
1203 1554 1392 1637 pernitiem
1424 1552 1547 1635 Regni

270 1663 532 1745 maximumque
556 1662 676 1745 Regie
704 1661 903 1725 Maiestatis
932 1662 1191 1743 detrimentum,
1210 1661 1383 1723 iacturam
1406 1679 1550 1740 quoque

267 1768 571 1833 irrestaurabilem
602 1770 698 1832 fore:
739 1771 833 1851 quod
867 1789 933 1831 nos
963 1770 1075 1832 libere
1103 1788 1229 1850 purum
1266 1766 1483 1832 mendatium
1513 1776 1550 1828 et

268 1897 401 1939 meram
427 1897 506 1939 esse
529 1876 688 1940 fabulam
712 1874 873 1958 profiteri
899 1885 935 1937 et
957 1876 1077 1938 dicere
1101 1877 1282 1957 audemus,
1305 1884 1345 1937 ut
1369 1885 1404 1937 et
1427 1871 1549 1954 Regia

266 1982 438 2046 Maiestas
473 1982 578 2046 facile
607 1983 777 2065 colligere
801 1982 935 2064 poterit
958 2002 1003 2043 ex
1028 1980 1172 2062 litteris,
1206 2002 1294 2063 quas
1329 1978 1402 2043 Sue
1436 1978 1548 2042 Sacre

266 2088 445 2152 Maiestati
468 2089 636 2153 mittimus
660 2089 790 2152 Vestre
814 2109 954 2170 quoque
989 2088 1174 2151 Nobilitati
1210 2090 1404 2150 earundem
1429 2107 1547 2149 exem-

265 2198 345 2277 plar
367 2196 547 2279 ydiomate
572 2197 681 2259 latino
706 2195 936 2279 profaciliore
959 2195 1142 2257 intellectu
1176 2194 1427 2276 conscriptum.
1475 2192 1549 2255 Ubi

267 2305 392 2366 saltem
416 2304 452 2365 id
477 2304 618 2367 unicum
641 2303 814 2385 petimus,
845 2313 884 2364 ut
907 2301 1108 2364 Eminentia
1133 2302 1265 2364 Vestra
1292 2298 1402 2364 Sacre
1428 2298 1550 2381 Regie

265 2410 446 2473 Maiestati
469 2413 672 2491 consulere,
707 2430 876 2492 suamque
908 2409 1064 2490 Regiam
1096 2408 1320 2473 Maiestatem
1351 2408 1397 2470 ad
1429 2407 1465 2468 id
1497 2407 1547 2469 in·

267 2518 400 2581 clinare
424 2516 510 2580 velit
534 2528 570 2580 et
594 2517 771 2598 dignetur,
797 2536 866 2597 quo
892 2512 965 2577 Sua
990 2512 1102 2577 Sacra
1116 2514 1288 2577 Maiestas
1312 2515 1416 2577 nobis
1439 2512 1546 2575 fidem

266 2623 437 2687 adhibeat
465 2624 573 2705 inque
604 2635 760 2686 nostram
795 2626 1006 2685 sententiam
1038 2623 1156 2685 animo
1192 2632 1268 2697 eat;
1293 2642 1338 2685 ex
1375 2642 1418 2684 eo
1454 2621 1552 2683 enim

267 2730 453 2812 cognitura
478 2742 531 2793 est
555 2741 591 2794 et
606 2730 772 2793 habitura
787 2727 862 2792 Sua
876 2729 1047 2792 Maiestas
1069 2730 1253 2811 copiosum
1276 2728 1428 2792 fructum
1453 2737 1543 2791 tran-

268 2837 378 2919 quilla
402 2836 437 2901 in
462 2838 596 2921 Regno
620 2838 767 2901 Boemie
791 2840 1052 2920 gubernacula,
1088 2847 1124 2901 et
1155 2838 1251 2919 quod
1276 2835 1402 2898 dicitur
1426 2832 1546 2898 Satur-

266 2945 326 3007 nia
348 2945 515 3008 redibunt
538 2953 710 3027 tempora.
757 2946 802 3008 Et
833 2945 863 3006 si
886 2944 945 3007 ille
971 2945 1221 3008 celeberrimus
1254 2942 1444 3006 Sacrarum
1474 2942 1544 3004 Re·

266 3052 403 3133 giarum
427 3051 653 3115 Maiestatum
682 3053 825 3115 Domini
851 3053 1043 3133 Ludovici,
1084 3062 1120 3114 et
1150 3052 1294 3115 Domini
1328 3049 1546 3132 Sigismundi

270 3157 443 3240 Ungarie,
471 3159 618 3222 Boemie
644 3170 680 3222 et
705 3159 855 3223 Polonie
893 3169 958 3223 etc.
986 3159 1131 3240 Regum
1155 3159 1383 3221 Dominorum
1411 3167 1546 3220 nostro-

264 3285 341 3327 rum
365 3264 717 3329 clementissimorum
742 3265 887 3328 Posonii
904 3269 963 3329 vel
983 3264 1162 3329 Olomutio
1187 3268 1238 3347 (ut
1261 3265 1414 3346 auditur)
1437 3263 1547 3326 fuerit

265 3382 478 3455 conventus,
520 3373 569 3435 ibi
607 3393 727 3436 coram
763 3373 833 3436 suis
881 3373 1127 3436 sacratissimis
1159 3372 1407 3435 Maiestatibus
1437 3370 1545 3434 facile

266 3481 492 3543 ostendemus
516 3491 552 3544 et
580 3479 774 3546 efficiemus
798 3483 906 3561 longe
929 3480 1033 3543 aliter
1064 3501 1139 3543 rem
1168 3481 1303 3543 habere
1334 3500 1437 3562 quarn
1460 3477 1547 3540 fidei

263 3587 386 3650 hostes
410 3588 455 3650 de
479 3587 582 3650 nobis
604 3586 640 3649 in
664 3587 821 3668 Regiam
845 3587 1070 3649 Maiestatem
1094 3589 1307 3667 detulerunt,
1331 3587 1458 3668 quibus
1478 3605 1546 3648 nos

265 3694 513 3776 perogativam
547 3693 582 3756 in
613 3695 796 3775 querendo
830 3693 963 3776 publici
994 3693 1080 3756 boni
1108 3692 1230 3774 Regni
1260 3693 1407 3757 Boemie
1431 3702 1467 3756 et
1489 3713 1545 3755 re·

264 3801 324 3881 gie
347 3800 545 3863 Maiestatis
569 3801 755 3863 commodo
785 3819 855 3878 non
890 3800 1052 3862 dabimus
1082 3819 1149 3861 nec
1172 3800 1230 3862 vel
1254 3800 1428 3863 tantillum
1446 3798 1546 3882 quip-

263 3907 359 3989 piam
383 3908 427 3970 de
453 3927 496 3970 ea
519 3908 763 3970 concedemus.
802 3907 875 3969 Ubi
899 3917 1017 3970 autern
1041 3908 1087 3970 ad
1102 3904 1363 3970 Sublimitatem
1377 3907 1548 3970 Vestram

263 4034 328 4096 per
352 4013 491 4095 aliquos
520 4015 642 4077 hostes
665 4013 748 4076 fidei
773 4013 971 4076 Christiane
1005 4024 1041 4077 et
1071 4023 1212 4076 nostros
1241 4013 1336 4076 fama
1366 4013 1411 4076 de
1440 4015 1547 4077 nobis

262 4120 427 4203 pervenit
451 4141 554 4203 quam
579 4119 783 4183 sublimitati
808 4120 939 4183 Vestre
963 4120 999 4182 in
1023 4119 1188 4204 negoti0,
1224 4119 1320 4202 quod
1356 4122 1401 4183 ad
1435 4119 1547 4182 fidem

245 4213 410 4308 attinet,
445 4230 557 4291 verba
594 4227 770 4305 dicemus,
808 4227 1028 4309 postulamus
1060 4230 1292 4292 vehementer
1323 4237 1359 4290 et
1389 4225 1547 4289 subnixe

264 4354 452 4417 precamur
486 4355 557 4397 non
598 4333 767 4397 adhibeat
802 4333 1002 4396 huiusmodi
1040 4335 1301 4399 narrationibus
1335 4333 1549 4397 Sublimitas

264 4440 395 4504 Vestra
418 4441 525 4504 fidem
560 4461 629 4523 que
662 4441 754 4503 nihil·
773 4440 869 4503 aliud
894 4439 931 4502 in
962 4461 1001 4503 se
1035 4443 1171 4506 habent
1203 4463 1308 4524 quam
1332 4442 1479 4504 livorem
1505 4457 1550 4505 et

264 4559 360 4610 certe
384 4548 554 4611 mellitum
587 4558 668 4611 sunt
692 4548 804 4619 virus;
843 4548 1000 4611 nondum
1031 4549 1123 4611 enirn
1148 4549 1194 4612 de
1216 4550 1284 4611 hoc
1308 4547 1453 4629 negotio
1475 4567 1552 4629 per

264 4654 421 4735 Regiam
455 4653 680 4718 Maiestatem
714 4654 847 4717 indicta
870 4653 937 4718 fuit
967 4656 1003 4717 in
1034 4655 1167 4738 Regno
1199 4655 1344 4718 Boemie
1368 4654 1483 4736 dieta,
1506 4655 1552 4720 in

263 4780 333 4841 qua
367 4760 575 4824 relationem
624 4771 744 4825 nostre
788 4761 978 4842 legationis
1019 4761 1227 4828 faceremus,
1282 4761 1425 4825 Efficiat
1453 4782 1554 4845 ergo

264 4867 436 4932 celsitudo
460 4879 581 4931 vestra
604 4888 770 4950 rogamus
793 4871 888 4951 apud
914 4869 1069 4951 Regiam
1085 4869 1310 4933 Maiestatem
1328 4891 1394 4933 nec
1412 4868 1556 4940 diutius
