3425 5700
780 579 838 637 0<3
876 577 973 637 XVIII
1010 577 1069 634 ΕΗ

287 723 381 808 Quid
405 725 562 810 profuit?
597 728 653 790 De
681 725 836 808 pessimo
860 726 1111 790 haeresiarcha
1135 724 1478 808 Augustinianorum
1500 720 1556 785 fra

286 844 378 898 trum
400 833 622 916 Antuerpiae
646 833 783 917 priore,
808 832 976 896 Erasmus
1000 834 1078 914 ipse
1105 833 1418 915 pronunciaverat:
1445 829 1569 912 „Prior

287 940 638 1024 Augustinianesium
651 939 874 1023 Antverpiae
889 942 986 1004 solus
998 961 1092 1022 pene
1105 940 1282 1003 Christum
1294 941 1474 1023 predicat“
1484 939 1508 1019 ¹)
1533 948 1569 1000 et

286 1052 469 1113 Alcander
476 1070 597 1112 rursus
607 1048 666 1112 die
680 1073 709 1127 q.
719 1046 942 1130 Septembris
956 1048 1089 1110 aiebat:
1102 1047 1226 1129 „Quod
1235 1048 1337 1130 peius
1349 1050 1405 1111 his
1414 1047 1566 1129 regioni·

285 1159 352 1220 bus
363 1156 506 1220 invenio
516 1177 562 1220 ex
572 1155 633 1219 illo
645 1164 708 1236 est,
718 1175 832 1237 quem,
842 1154 943 1218 iuxta
950 1155 1043 1219 Rev.
1054 1165 1197 1218 vestrae
1213 1155 1567 1234 commendationem,

284 1264 378 1328 omni
406 1265 511 1328 modo
543 1264 587 1327 ad
617 1273 751 1326 rectam
781 1262 875 1325 viam
904 1263 1083 1326 adducere
1115 1260 1294 1346 debeo²)“.
1362 1261 1427 1324 Cui
1461 1262 1563 1324 Vice-

284 1372 534 1435 cancellarius:
565 1371 639 1452 „De
663 1371 777 1433 amico
802 1373 862 1452 qui
887 1380 1076 1451 tantopere
1100 1370 1239 1433 occulte
1264 1379 1381 1448 nocet,
1405 1388 1495 1451 opus
1512 1378 1567 1431 est

283 1499 374 1543 nunc
399 1500 463 1542 nec
488 1479 612 1542 videre
637 1498 703 1542 nec
729 1478 864 1558 audire,
889 1497 955 1541 nec
987 1477 1225 1560 suspicionem
1257 1478 1467 1556 ostendere,
1502 1476 1565 1539 sed

283 1597 322 1649 ut
354 1590 486 1650 bonum
517 1585 614 1668 quod
645 1583 756 1666 dixit,
788 1585 956 1666 quodque
980 1584 1108 1648 iterate
1136 1584 1307 1668 promisit,
1338 1580 1566 1668 accipere“³).

282 1695 334 1756 At
361 1713 467 1776 quum
492 1691 617 1755 diebus
647 1691 716 1754 illis
745 1691 779 1755 in
810 1693 927 1754 lucem
961 1691 1053 1754 liber
1072 1691 1282 1766 ,haereticus
1313 1691 1462 1769 exisset,
1495 1710 1565 1772 quo

280 1801 424 1883 ignotus
437 1809 561 1865 auctor
573 1802 727 1882 probare
739 1799 879 1862 Petrum
895 1819 1074 1882 nunquam
1085 1798 1197 1875 sarcire
1208 1798 1346 1878 Romae,
1358 1799 1564 1878 conabatur,

280 1928 351 1971 una
364 1927 435 1972 vox
446 1906 523 1970 fere
535 1904 602 1969 fuit
614 1916 794 1968 auctorem
803 1905 989 1968 Erasmum
998 1905 1168 1968 indicans.
1194 1904 1337 1967 Accidit
1353 1903 1459 1967 etiam
1468 1906 1565 1987 quod

280 2015 457 2094 Alander,
483 2015 565 2076 dum
590 2013 624 2076 in
650 2011 814 2075 convivio
839 2033 919 2074 cum
942 2011 1089 2074 Erasmo
1122 2013 1281 2091 sederet,
1313 2013 1359 2074 de
1387 2011 1448 2074 illo
1472 2012 1564 2076 libro

280 2123 430 2202 locutus,
455 2140 562 2203 quum
587 2119 840 2183 calumniosum
865 2130 901 2181 et
925 2119 1132 2182 mendacem
1152 2120 1299 2199 diceret,
1323 2117 1566 2202 refertumque

280 2228 473 2310 erroribus,
486 2225 753 2291 Roterodamus
769 2226 903 2307 impetu
920 2237 1031 2305 actus,
1048 2226 1226 2290 concitata
1241 2246 1331 2290 voce
1347 2226 1565 2306 inclamaret,

278 2355 318 2398 se
341 2337 476 2399 nullum
500 2334 535 2397 in
560 2333 639 2418 ipso
664 2333 885 2396 mendacium
909 2330 1107 2407 invenisse;
1142 2335 1366 2415 libenterque
1399 2334 1562 2416 accipere

278 2442 308 2505 si
332 2442 515 2506 Alcander
545 2441 604 2504 vel
634 2461 742 2502 unum
778 2439 937 2503 indicare
975 2451 1108 2522 posset.
1171 2442 1235 2505 Cui
1267 2463 1345 2506 cum
1379 2443 1563 2506 Aleander

278 2569 349 2612 non
379 2569 487 2612 unum
526 2548 590 2612 sed
625 2549 729 2628 plura
767 2546 1004 2627 ostendisset,
1041 2547 1206 2612 Erasmus
1241 2553 1287 2611 ob
1318 2549 1562 2612 confusionem

279 2656 463 2720 obmutuit.
512 2655 613 2737 Quae
635 2675 784 2718 narrans
804 2655 990 2717 Aleander
1004 2654 1204 2718 subiunxit:
1231 2666 1470 2738 ,compertum
1495 2655 1562 2719 sibi

277 2763 460 2826 Erasmum
485 2765 595 2826 multa
627 2760 752 2844 peiora
783 2761 978 2824 lutheranis
1002 2762 1207 2843 scripsisse,
1237 2765 1300 2826 sed
1332 2763 1415 2826 fuco
1450 2764 1561 2840 linita,

277 2870 505 2950 dissimulata,
523 2870 775 2952 aptissimeque
797 2872 863 2932 sub
888 2868 1032 2950 pietatis
1056 2870 1176 2953 specie
1201 2873 1338 2944 velata;
1364 2873 1489 2935 laudes
1512 2872 1559 2935 lu-

276 2979 503 3043 theranorum
550 2998 621 3039 non
670 2998 740 3039 una
777 2976 855 3039 vice
887 2976 1115 3049 decantasse;
1154 2977 1334 3060 principes
1368 2990 1403 3041 et
1427 2978 1563 3041 aulicos

276 3084 476 3148 haereticos
499 3084 613 3167 ipsum
638 3103 703 3167 pro
728 3086 819 3146 duce
843 3092 968 3164 aperte
992 3083 1238 3157 confirmasse;
1263 3084 1396 3147 amicos
1420 3095 1456 3147 et
1480 3105 1559 3166 pro-

275 3192 391 3255 ximos
421 3192 519 3258 illum
555 3212 620 3274 pro
654 3190 835 3253 haeretico
869 3191 1119 3272 reputasse“⁴).
1171 3188 1272 3270 Quae
1304 3190 1470 3254 Erasmus
1499 3204 1561 3255 aut

277 3298 394 3362 sciens
417 3308 479 3361 aut
502 3296 711 3380 suspicatus,
737 3316 816 3359 cum
830 3296 1025 3379 Campegio
1039 3296 1218 3360 Cardinali
1242 3301 1286 3361 de
1302 3298 1547 3363 calumniatori

275 3408 342 3469 bus
366 3404 438 3469 suis
461 3414 687 3486 conquestus
713 3404 925 3467 catholicam
956 3424 1209 3487 romanamque
1240 3406 1421 3487 propriam
1452 3406 1560 3471 fidem

275 3512 520 3596 profitebatur,
545 3531 616 3575 non
640 3510 726 3574 satis
750 3512 911 3575 modeste
936 3512 1070 3594 scripta
1094 3532 1157 3574 sua
1173 3511 1310 3575 iactans
1334 3533 1399 3576 ceu
1422 3514 1560 3576 univer·

264 3622 385 3703 ¹salem
407 3619 567 3701 religiosi
592 3617 706 3681 morbi
731 3617 952 3681 medicinam.
1004 3618 1137 3699 ,Multa
1161 3618 1287 3701 scripsi
1312 3620 1347 3681 in
1363 3619 1559 3687 Lutherum

361 3730 489 3789 multos
513 3724 637 3789 sanavi
661 3724 730 3787 iam
755 3724 917 3787 addictos
948 3724 1006 3787 isti
1041 3724 1197 3805 foederi,
1231 3728 1359 3789 multos
1389 3728 1560 3792 revocavi

275 3854 319 3897 ne
344 3835 567 3912 accederent,
592 3832 720 3894 multos
745 3833 949 3895 moderatus
973 3851 1049 3894 sum
1074 3853 1119 3895 ne
1142 3832 1286 3896 nimium
1310 3834 1559 3899 accederent“.

276 3938 348 4003 Sed
384 3940 500 4003 meriti
524 3938 697 4017 conscius,
726 3939 809 4000 dum
834 3939 958 4002 laudes
986 3939 1151 4021 proprias
1182 3942 1415 4021 decantabat,
1451 3941 1558 4004 mina-

274 4050 379 4109 batur
410 4057 550 4128 aperte:
588 4044 721 4126 „Huius
751 4044 935 4108 Pontificis
967 4048 1013 4107 ab
1046 4046 1209 4109 omnibus
1240 4048 1447 4129 praedicata
1478 4069 1555 4131 pru»

276 4154 398 4218 dentia
409 4154 493 4217 mihi
507 4156 635 4216 bonam
652 4171 750 4233 spem
763 4151 860 4231 facit,
872 4172 938 4215 vos
950 4152 1036 4216 nihil
1048 4152 1204 4216 odiosius
1217 4154 1251 4216 in
1267 4174 1323 4216 me
1340 4155 1558 4220 decreturos.

276 4261 380 4343 Quod
397 4260 426 4323 si
437 4259 540 4323 fieret
553 4260 677 4322 eadem
693 4279 803 4340 opera
819 4268 856 4321 et
871 4257 1097 4321 Lutheranae
1106 4259 1255 4325 factioni
1266 4281 1341 4324 rem
1357 4263 1465 4342 longe
1477 4280 1558 4343 gra-

274 4367 443 4430 tissimam
464 4366 613 4446 facietis,
634 4386 674 4428 ac
692 4366 853 4448 pluribus
874 4366 1104 4429 summatibus
1122 4366 1206 4429 viris
1226 4370 1335 4449 longe
1355 4368 1556 4433 molestissi-

276 4495 378 4556 mam,
391 4494 480 4556 quos
489 4472 572 4536 mihi
583 4472 670 4535 meis
679 4472 804 4535 studiis
816 4472 963 4535 devinxi
971 4473 1096 4537 favore
1107 4494 1177 4537 non
1189 4474 1381 4540 exambita
1398 4474 1559 4556 Quorum

276 4592 331 4646 est
345 4592 466 4645 noster
477 4579 625 4643 Carolus
638 4592 673 4643 et
685 4579 721 4643 in
734 4580 837 4643 huius
850 4583 932 4643 aula
946 4580 1055 4660 multi,
1069 4581 1154 4644 Rex
1177 4581 1342 4663 Angliae,
1355 4581 1557 4665 Archiepis·

276 4710 389 4773 copus
399 4687 674 4768 Cantuariensis,
686 4696 725 4749 ut
736 4708 804 4750 non
821 4708 1092 4751 commemorem
1100 4698 1154 4751 tot
1163 4688 1352 4770 principes,
1360 4698 1414 4752 tot
1421 4690 1557 4771 episco-

350 4846 371 4915 ¹)
390 4850 458 4897 Doc.
482 4859 538 4900 120.
558 4864 583 4913 p.
604 4848 662 4898 282.
963 4846 1069 4908 ⁸)Doc.
1092 4861 1151 4901 122.
1169 4864 1196 4914 p.
1216 4848 1275 4910 289.

349 4928 371 4999 Ι)
391 4930 457 4980 Doc.
480 4938 537 4993 125.
556 4929 603 4981 iol.
623 4941 682 4989 292.
963 4926 987 4992 ⁴)
1006 4930 1074 4978 Doc.
1097 4928 1155 4981 126.
1173 4929 1221 4983 iol.
1240 4940 1389 4994 294-295.
