3425 5700
696 572 754 625 ΝΒ
793 564 942 626 523ίῗ><1

179 716 316 798 patriae
342 718 600 799 periclitantem
626 716 730 779 fidem
756 716 791 780 in
815 716 937 799 primis
961 716 1178 779 Beatitudini
1205 726 1345 779 vestrae
1366 736 1457 778 corn-

178 826 382 887 mendatum
417 827 510 887 volu.
569 824 692 886 Faciet
726 824 888 907 profecto
925 821 978 886 8⁸⁸
1006 824 1049 888 V.
1093 824 1292 904 preclarum
1329 822 1458 886 Christi

178 931 302 995 vicarii
338 953 428 1014 opus
469 932 498 995 si
534 930 788 995 efferventibus
826 952 868 994 ae
907 930 1104 995 temerariis
1144 930 1180 993 in
1225 930 1457 1013 apostolicam

179 1036 311 1101 Sedern
337 1038 412 1101 sive
437 1038 619 1102 calumniis
646 1058 708 1102 seu
737 1038 843 1102 etiam
873 1038 1161 1101 insultationibus
1191 1036 1368 1100 iniuriosis
1399 1058 1458 1099 ex·
1560 1048 1565 1064 “

179 1144 341 1225 quisitius
367 1147 411 1209 de
436 1145 618 1209 afferendo
644 1144 801 1208 remedio
824 1166 892 1227 pro
916 1153 1067 1225 paterna
1091 1143 1315 1225 benignitate
1338 1144 1458 1206 inobe-

178 1250 334 1314 dientiae
370 1251 471 1315 vobis
502 1251 583 1314 filiis
608 1273 677 1335 quo
702 1254 807 1315 saluti
831 1251 1088 1332 aliquantisper
1111 1253 1332 1330 consulatur,
1361 1270 1458 1332 pros·

178 1358 299 1439 picere
325 1379 395 1421 non
420 1358 611 1431 destiterit;
637 1379 702 1440 pro
726 1359 908 1421 immeritis
932 1357 1094 1421 nimirum
1117 1358 1186 1420 illis
1210 1378 1313 1420 omne
1345 1377 1460 1440 genus

182 1466 381 1528 maledictis
412 1473 518 1548 atque
552 1465 686 1528 iniuriis
718 1466 916 1546 devocatis,
948 1465 1165 1546 largissimas
1189 1466 1331 1527 aliunde
1354 1468 1459 1528 bene·

180 1572 358 1634 dictiones
382 1594 404 1635 a
428 1572 558 1635 Divina
582 1573 771 1635 clementia
794 1593 865 1635 una
889 1593 967 1634 curn
993 1573 1106 1635 omnis
1129 1572 1213 1633 R⁰⁸⁰
1237 1571 1283 1635 8¹⁰
1311 1571 1459 1635 fratrum

180 1677 343 1760 Collegio
361 1689 559 1761 receptura.
586 1730 592 1745 .
612 1728 619 1743 .
637 1729 643 1743 .
682 1680 737 1742 Ex
754 1679 948 1742 Neostadio
977 1699 1024 1757 13.
1042 1680 1124 1741 Kal.
1142 1678 1242 1761 Sept.
1258 1678 1458 1745 MDXXV.

1037 1824 1210 1873 Humillimus
1238 1825 1362 1873 Servulus

1060 1911 1180 1974 lomet
1198 1912 1353 1986 viuum.

785 2412 860 2479 246.

388 2546 528 2627 Fordin.
557 2546 742 2626 Archidux
771 2547 938 2627 lustriae
966 2545 1138 2627 Clementi
1167 2548 1243 2629 VIL

638 2694 736 2769 (Epist.
754 2695 844 2753 Priuo.
863 2694 914 2753 m
933 2694 1003 2765 stt)

675 2813 728 2881 (21.
750 2816 866 2878 Augusti
887 2810 975 2880 1525.)

271 2960 360 3022 Post
384 2960 510 3020 beatos
533 2958 645 3040 pedes
670 2958 895 3022 deosculatos
1020 2955 1170 3036 Quantis
1186 2977 1328 3038 premar
1342 2978 1460 3021 neces·

183 3065 349 3128 sitatibus
374 3076 409 3128 et
433 3064 701 3128 difficultatibus
726 3065 778 3128 8⁸⁸
803 3065 847 3127 V.
873 3086 918 3126 ex
941 3063 1142 3126 novissimis
1166 3064 1252 3126 meis
1277 3063 1402 3127 litteris
1427 3074 1463 3128 et

182 3171 335 3254 amplius
359 3193 404 3235 ex
436 3173 609 3235 relatione
635 3171 834 3235 Consiliarii
865 3171 934 3234 mei
963 3171 1061 3234 Petri
1093 3171 1138 3233 de
1170 3169 1382 3234 Salamanca
1406 3191 1462 3233 co-

182 3299 359 3362 gnoscere
382 3277 508 3361 potuit,
534 3299 578 3341 ex
603 3278 701 3341 cuius
732 3297 801 3360 ego
824 3277 1081 3359 posterioribus
1105 3277 1232 3340 litteris
1246 3279 1388 3340 abunde
1412 3277 1460 3340 in-

184 3385 310 3448 tellexi
336 3405 439 3467 quam
464 3405 643 3468 propensa
668 3387 850 3447 voluntate
875 3385 937 3447 Bdo
960 3383 1001 3446 V.
1029 3384 1185 3466 reliquos
1210 3385 1332 3447 decem
1368 3384 1462 3448 mille

183 3493 333 3556 ducatos
346 3493 430 3554 mihi
446 3495 580 3555 solutos
591 3513 669 3555 esse
683 3491 812 3573 cupiat,
826 3511 914 3573 quos
927 3491 1032 3554 etiam
1044 3489 1110 3554 nisi
1122 3488 1174 3554 8¹²
1185 3488 1299 3553 Sedes
1310 3491 1379 3554 ista
1391 3491 1464 3555 suis

183 3620 326 3682 quoque
362 3599 633 3663 necessitatibus
671 3601 850 3661 laboraret
889 3599 1162 3679 haudquaquam
1199 3599 1462 3680 desyderarem.

186 3709 361 3790 Agnosco
387 3707 551 3788 equidem
575 3709 667 3769 hanc
693 3703 740 3768 8¹⁸
762 3715 824 3766 vf⁸e
847 3715 1031 3785 paternam
1057 3702 1280 3767 affectionem
1304 3715 1340 3766 et
1363 3704 1465 3768 simul

182 3818 251 3878 hoc
275 3813 440 3877 beneficii
465 3823 499 3876 et
524 3813 645 3876 auxilii
672 3833 740 3894 quo
766 3813 881 3875 debeo
906 3812 1020 3874 animo
1045 3822 1080 3873 et
1104 3811 1238 3894 recipio
1263 3819 1299 3874 et
1317 3831 1462 3894 repono,

184 3943 256 3984 non
282 3921 493 3984 existimans
517 3919 587 3982 alio
613 3940 716 4001 quam
742 3939 812 4000 quo
842 3917 881 3980 fit
904 3931 1068 4002 respectu
1092 3928 1227 3980 tanturn
1249 3916 1328 3981 fieri
1343 3939 1463 3982 morae

182 4029 218 4091 in
243 4028 437 4110 prestando
462 4027 619 4100 residuo;
645 4046 797 4107 proquo
815 4034 932 4088 tamen
948 4026 1165 4088 numerando
1180 4044 1290 4107 cogor
1314 4027 1463 4088 eandem

183 4137 302 4198 denuo
319 4135 558 4217 interpellare.
578 4133 872 4214 Quandoquidem
885 4131 968 4193 mihi
982 4131 1139 4193 immensi
1157 4140 1193 4192 et
1206 4132 1464 4212 propemodum

183 4240 440 4305 intollerabiles
455 4252 614 4322 sumptus
629 4240 785 4303 faciendi
799 4250 880 4302 sunt
897 4239 1012 4301 adhuc
1028 4257 1093 4319 pro
1107 4236 1257 4300 subditis
1268 4237 1355 4299 meis
1363 4237 1463 4300 casti-

182 4349 323 4432 gaudis,
334 4347 392 4430 qui
404 4349 439 4410 in
457 4347 582 4430 patriis
596 4347 681 4410 meis
693 4345 929 4409 anterioribus
940 4343 1091 4426 proximi
1100 4342 1275 4406 Helvetiis
1286 4342 1395 4406 nihilo
1404 4347 1463 4406 mi-

183 4467 293 4520 nores
301 4454 387 4518 facti
396 4466 496 4517 tanta
504 4475 622 4517 coram
634 4453 745 4517 oculis
754 4453 856 4516 clade
866 4452 962 4514 facta
971 4451 1006 4514 in
1018 4452 1157 4513 Alsatia
1166 4459 1328 4532 perstant
1337 4450 1372 4512 in
1381 4450 1463 4513 odio

183 4564 281 4647 cleri,
295 4583 400 4645 quem
413 4561 442 4624 si
454 4582 560 4643 pares
573 4561 697 4625 animis
709 4559 802 4623 vires
816 4558 1093 4640 suppetivissent
1107 4558 1176 4619 iam
1187 4557 1380 4620 extinctum
1394 4577 1463 4619 om·

183 4670 267 4734 nino
284 4669 497 4732 videremus
517 4668 623 4730 Unde
639 4679 678 4728 ut
687 4668 754 4728 hoc
770 4668 899 4728 malurn
912 4664 1070 4728 funditus
1082 4663 1283 4726 eradicetur
1298 4673 1333 4726 et
1347 4663 1463 4726 formi-

183 4777 266 4840 dine
276 4778 403 4838 saltem
418 4793 556 4858 poenae
573 4773 740 4836 obstinati
753 4774 869 4835 adhuc
886 4773 932 4834 ad
949 4780 1083 4834 rectum
1098 4772 1315 4833 reducantur
1328 4781 1389 4834 aut
1405 4791 1463 4834 ex·

181 4885 361 4966 tirpentur
385 4881 550 4962 indurati,
575 4880 611 4942 id
635 4890 751 4942 autern
777 4889 932 4961 nequeat
961 4878 1037 4941 sine
1068 4877 1214 4960 copioso
1242 4876 1353 4940 milite
1387 4877 1465 4942 fieri
