3425 5700
302 734 379 779 rum
413 716 478 777 sub
503 724 652 798 utraque
677 714 798 796 specie
823 724 858 778 et
882 714 920 777 fu
950 718 1091 798 sepulto
1119 717 1154 778 in
1179 717 1313 799 luogho
1347 731 1467 790 sacro;
1496 714 1576 779 hora

301 822 465 885 desidera
488 823 570 885 farli
594 843 665 885 una
695 823 879 904 sepultura
911 843 1011 886 come
1042 823 1103 886 alli
1127 823 1208 886 altri
1232 821 1293 887 Re
1317 834 1353 888 et
1368 823 1575 887 dimandami

301 929 460 1002 licentia;
490 928 540 1010 gli
564 931 611 992 ho
635 929 789 1011 risposto
814 930 880 991 che
905 949 975 998 non
999 931 1047 993 ho
1071 930 1242 1020 autorita,
1275 932 1321 994 mi
1351 931 1387 995 fa
1417 950 1575 1014 pregare,

302 1037 368 1098 che
392 1057 436 1098 ne
461 1036 577 1098 scriva
608 1057 630 1098 a
657 1033 730 1098 Sua
755 1035 984 1098 Beatitudine
1014 1045 1050 1100 et
1080 1038 1109 1098 si
1145 1037 1309 1102 offerisce
1338 1058 1405 1102 con
1436 1039 1577 1122 legitimi

301 1142 491 1205 testimonii
521 1142 598 1205 fare
629 1151 811 1222 constare,
836 1143 903 1204 che
934 1163 1050 1206 morse
1085 1145 1131 1206 da
1155 1147 1249 1208 buon
1281 1145 1491 1225 christiano,
1523 1163 1576 1208 en·

302 1258 407 1329 cetto,
432 1250 498 1311 che
522 1259 600 1312 erat
623 1251 689 1312 sub
713 1258 864 1330 utraque
888 1249 1002 1330 apetie
1027 1235 1100 1329 eet,
1135 1251 1202 1313 che
1237 1255 1321 1315 vuol
1350 1253 1427 1316 dire
1451 1260 1577 1334 quanto

302 1359 367 1419 che
391 1357 559 1419 heretico.
608 1353 681 1419 Sua
705 1353 844 1418 Santith
878 1355 1078 1419 deliberare
1111 1358 1230 1437 quello
1255 1361 1288 1421 le
1314 1357 1442 1441 patera
1467 1359 1579 1420 debba

301 1463 511 1546 rispondere
545 1464 677 1545 perche
709 1464 744 1525 al
773 1468 876 1527 venir
906 1482 970 1528 suo
999 1462 1059 1546 qui
1091 1483 1157 1545 per
1188 1476 1330 1528 oratore
1355 1485 1410 1528 me
1439 1487 1482 1527 ne
1507 1463 1579 1526 fara

301 1571 540 1654 grandissima
562 1570 741 1634 instantia.
795 1571 838 1633 El
870 1570 1106 1653 compiacerlo
1138 1573 1158 1634 ὲ
1187 1571 1276 1634 duro
1311 1582 1346 1635 et
1375 1571 1517 1635 insolito
1549 1572 1579 1632 el

302 1678 438 1761 negarli
463 1680 531 1740 mal
556 1698 577 1740 a
600 1678 786 1760 proposito
811 1699 877 1762 per
901 1680 933 1742 le
959 1677 1181 1742 occurrentia
1205 1689 1242 1741 et
1258 1678 1409 1742 autorita
1425 1699 1488 1742 soa
1519 1725 1527 1740 .
1574 1731 1579 1742 .

391 1892 442 1954 Mi
475 1891 590 1954 scrive
622 1911 693 1955 uno
724 1890 794 1955 mio
829 1891 865 1954 di
895 1891 1102 1956 Wormacia
1133 1893 1212 1955 chel
1242 1903 1366 1956 senato
1399 1893 1433 1956 di
1465 1894 1580 1974 quella

303 1998 389 2062 citta
421 1999 468 2060 ha
496 2000 614 2060 levato
652 1999 686 2062 el
718 1999 819 2061 salvo
850 2000 1026 2063 conducto
1065 2007 1102 2062 et
1135 1999 1360 2080 protectione
1394 2001 1439 2063 ad
1469 1998 1581 2062 alcuni

302 2093 530 2188 Apostati'et
558 2105 699 2167 uxorati
723 2104 934 2186 Lutherani‚
967 2107 1033 2169 che
1067 2106 1177 2188 ilpur
1200 2127 1314 2189 segno
1339 2106 1374 2168 ui
1398 2124 1578 2188 speranza.

390 2213 502 2275 Forse
525 2212 548 2274 il
574 2213 730 2275 Rorario
754 2211 889 2276 havera
913 2213 1036 2276 scritto
1060 2215 1175 2276 ancho
1200 2212 1235 2276 in
1252 2213 1352 2276 costa
1374 2214 1492 2294 quello
1517 2213 1582 2274 che

301 2319 416 2382 scrive
442 2341 461 2381 a
485 2340 540 2381 me
565 2321 631 2381 che
656 2320 680 2382 li
711 2321 781 2382 alla
805 2329 904 2382 corte
929 2320 987 2382 del
1013 2319 1180 2401 Principe
1204 2321 1222 2382 ὲ
1247 2321 1420 2382 ritornato
1457 2339 1502 2382 un
1533 2317 1581 2380 fa·

301 2426 423 2508 miglio
456 2427 515 2489 del
547 2425 680 2507 Signor
714 2427 759 2488 de
791 2425 902 2508 Cypri
937 2428 1002 2489 che
1034 2429 1128 2490 ando
1160 2448 1182 2489 a
1212 2426 1517 2507 Constantinopoli
1548 2433 1584 2487 et

301 2553 416 2613 narra,
441 2535 520 2595 chel
545 2533 582 2595 fu
606 2536 676 2596 ben
700 2534 792 2596 visto
817 2535 876 2596 dal
900 2535 1042 2596 Turcho
1067 2542 1103 2596 et
1126 2533 1176 2615 gli
1200 2535 1246 2596 ha
1270 2551 1455 2615 promesso
1478 2533 1582 2595 inter·

301 2640 495 2703 tenimento
513 2639 595 2702 allui
611 2650 647 2703 et
671 2661 691 2702 a
715 2641 796 2702 tutti
820 2641 844 2703 li
868 2641 960 2720 suoi,
984 2643 1050 2703 che
1075 2642 1258 2704 volessero
1282 2650 1428 2705 restare.
1476 2639 1512 2702 L'
1525 2659 1584 2702 an·

303 2748 387 2809 data
411 2746 446 2808 di
471 2748 570 2808 detto
595 2744 749 2828 Signore
774 2767 842 2810 con
867 2747 991 2810 danari
1016 2731 1179 2810 et'lettre
1208 2747 1344 2830 patenti
1369 2757 1405 2809 et
1428 2749 1462 2810 la
1485 2746 1583 2808 ritor-

304 2864 385 2916 nata
411 2854 445 2915 dl
470 2853 583 2915 costui
607 2855 654 2917 da
677 2854 875 2937 suspitione
907 2876 928 2917 a
952 2875 1008 2917 me
1038 2863 1074 2917 et
1104 2856 1138 2917 al
1162 2854 1304 2917 Barone
1336 2856 1401 2916 che
1433 2872 1504 2916 non
1532 2852 1586 2914 sia

301 2971 393 3024 stata
417 2961 452 3022 di
477 2961 759 3025 consentimento
783 2982 805 3024 o
830 2983 898 3025 con
915 2962 1172 3024 intendimento
1187 2960 1223 3022 di
1240 2961 1297 3023 chi
1313 2980 1352 3023 se
1369 2961 1432 3041 sia,
1450 2961 1585 3023 anchor

301 3069 367 3130 che
391 3077 536 3149 potesse
560 3088 658 3129 esser
681 3079 773 3131 stata
798 3072 875 3131 solo
899 3089 967 3150 pur
995 3089 1059 3131 sua
1082 3068 1270 3150 phantasia
1294 3088 1359 3149 per
1382 3077 1526 3131 tornare
1552 3068 1585 3129 al

300 3195 365 3237 suo
391 3195 439 3238 re.

390 3281 442 3342 La
466 3279 571 3361 copia
594 3282 654 3343 del
678 3279 828 3343 concilio
852 3280 1035 3343 Firentino
1060 3284 1106 3343 ho
1131 3283 1264 3344 havuta
1287 3280 1434 3344 insieme
1457 3300 1526 3344 con
1552 3283 1587 3343 lo

300 3388 429 3466 indice,
454 3389 488 3450 el
510 3389 616 3468 quale
641 3388 658 3450 ὲ
684 3389 793 3450 molto
817 3388 965 3469 copioso
991 3398 1027 3451 et
1051 3389 1086 3451 in
1111 3388 1227 3469 questi
1251 3388 1331 3451 libri
1356 3388 1436 3451 chio
1466 3391 1513 3451 ho
1540 3390 1588 3451 de

300 3495 412 3577 gestis
436 3493 585 3575 concilii,
600 3503 703 3557 trovo
720 3496 828 3557 molto
852 3495 968 3576 poche
992 3516 1086 3576 cose,
1104 3496 1194 3558 adeo
1211 3497 1278 3558 che
1299 3516 1368 3559 non
1385 3498 1588 3577 poterehbe

300 3620 338 3664 se
363 3622 434 3663 non
459 3600 607 3681 giovare
631 3602 711 3664 chio
735 3600 878 3663 havessi
903 3600 1007 3682 copia
1043 3602 1088 3663 de
1120 3603 1247 3664 alcune
1276 3601 1312 3663 di
1343 3603 1460 3684 quelle
1484 3622 1584 3682 cose,

300 3718 337 3771 et
359 3708 447 3790 perb
471 3709 589 3789 quelle
613 3709 680 3771 che
704 3708 751 3770 mi
774 3728 862 3789 pare
895 3708 960 3769 che
992 3707 1175 3789 potessino
1204 3707 1353 3789 giovare
1384 3708 1444 3771 lho
1477 3709 1588 3772 inter·

297 3815 447 3886 lineate;
474 3816 664 3896 separeris
699 3837 721 3878 a
746 3813 878 3877 Vostra
902 3811 1072 3895 Signoria
1101 3835 1146 3878 ne
1170 3815 1273 3896 potrh
1297 3814 1354 3877 far
1377 3815 1453 3879 sare
1479 3816 1589 3899 copia

299 3931 335 3985 et
357 3922 475 3984 subito
500 3924 684 3984 mandarla
708 3921 738 3984 si
763 3923 828 3984 che
853 3920 962 3983 arrivi
987 3942 1009 3983 a
1032 3931 1162 4002 tempo.

387 4028 442 4090 De
467 4030 501 4091 la
524 4037 656 4091 venuta
681 4028 731 4090 dil
755 4025 993 4091 Salamancha
1017 4030 1051 4091 al
1077 4027 1245 4109 Principe
1269 4048 1335 4111 per
1358 4048 1429 4091 non
1466 4048 1524 4091 me
1563 4028 1589 4091 li

299 4155 419 4198 essere
442 4145 583 4197 trovato
608 4155 679 4197 non
704 4156 743 4197 so
769 4134 887 4215 quello
911 4134 1044 4197 habbia
1068 4144 1235 4217 operato;
1260 4134 1434 4216 ringratio
1450 4134 1590 4199 Vostra

299 4239 467 4323 Signoria
491 4241 526 4303 di
550 4252 676 4323 questo
701 4251 737 4304 et
762 4241 807 4303 de
831 4240 926 4304 laltri
951 4242 1028 4304 suoi
1052 4240 1152 4305 avisi.

388 4347 490 4410 Circa
513 4348 538 4409 il
560 4348 696 4411 ritoruo
720 4347 790 4411 mio
815 4347 861 4410 mi
886 4346 989 4429 piace
1013 4350 1080 4411 che
1103 4348 1235 4411 Nostro
1260 4346 1413 4429 Signore
1441 4348 1472 4410 si
1500 4368 1589 4413 con·
1690 4388 1691 4399 1

299 4455 387 4518 tenti
412 4454 492 4518 chio
517 4454 641 4518 ritorni
664 4454 762 4518 finite
778 4464 904 4537 queste
929 4473 1012 4517 cose
1035 4474 1074 4517 se
1098 4456 1189 4518 altro
1214 4455 1259 4517 de
1276 4454 1495 4536 importanza
1511 4474 1590 4519 non

298 4561 494 4625 occorrerh.
541 4561 591 4640 Io,
616 4581 716 4624 come
741 4562 832 4625 altre
856 4563 954 4625 volte
977 4562 1024 4624 ho
1049 4560 1190 4642 scritto,
1214 4569 1469 4625 summamente
1492 4562 1591 4625 desi·

298 4669 385 4731 dero
409 4667 444 4729 di
468 4667 658 4741 tornarrni;
675 4668 755 4731 dico
771 4679 890 4731 tamen
915 4687 994 4731 cum
1017 4666 1172 4731 Martino
1188 4668 1218 4731 si
1232 4668 1350 4731 adhuc
1367 4688 1443 4731 sum
1460 4686 1591 4733 neces·

298 4774 412 4837 sarius
437 4794 506 4836 non
530 4795 657 4838 recuso
685 4777 864 4856 laborem,
896 4785 932 4838 et
956 4775 1092 4838 bench&
1116 4794 1182 4857 per
1205 4774 1294 4838 varii
1324 4775 1414 4839 avisi
1447 4782 1483 4839 et
1516 4796 1592 4859 per

298 4882 403 4946 lettre
433 4881 491 4945 del
515 4879 751 4946 Serenissimo
775 4882 961 4965 Principe,
993 4890 1029 4945 et
1060 4881 1097 4945 di
1121 4881 1336 4946 Salmancha
1359 4882 1492 4946 habbia
1517 4903 1593 4967 per
