3425 5700
845 566 1091 623 estat&

328 722 509 795 posterum
533 715 647 778 securi
673 734 829 777 essemus
854 725 889 776 et
915 734 983 776 non
1009 712 1113 775 nobis
1138 711 1316 774 accideret
1341 712 1434 792 quod
1462 711 1595 792 Aegyp·

328 820 385 884 tiis
410 831 447 884 ut
471 823 566 903 quod
590 823 729 903 grando
752 820 945 903 reliquerit,
970 824 1106 883 locusta
1129 820 1294 889 devoret:
1320 840 1400 881 nam
1424 818 1490 881 etsi
1513 817 1594 899 prin·

328 928 445 1009 cipum
470 927 637 1010 auspiciis
655 928 811 990 haeresis
829 927 976 990 Lutheri
992 925 1182 989 Bavariam
1199 945 1269 987 non
1285 924 1459 1001 infecerit,
1482 924 1596 987 mirum

328 1044 445 1098 tamen
470 1034 647 1116 quomodo
671 1033 706 1096 in
728 1034 784 1096 his
808 1054 900 1115 quae
924 1032 1104 1115 pertinent
1131 1031 1177 1094 ad
1209 1034 1340 1095 clerum
1363 1032 1451 1093 mire
1473 1030 1597 1111 frigent

328 1141 447 1205 nostri.
494 1141 655 1203 Ecclesia
679 1162 770 1222 quae
794 1141 893 1222 prius
916 1140 1027 1203 valuit
1050 1160 1090 1202 cc
1113 1137 1189 1202 flor.
1220 1138 1289 1202 iam
1314 1138 1375 1200 vix
1399 1139 1495 1200 valet
1517 1159 1546 1199 c.
1568 1146 1597 1198 et

329 1269 469 1331 semper
493 1248 686 1312 timendum
711 1270 755 1310 ne
781 1248 966 1329 Principes
1001 1246 1110 1309 nostri
1141 1248 1187 1308 ab
1218 1245 1296 1307 aliis
1327 1245 1541 1308 seducantur
1566 1254 1598 1305 ut

329 1355 434 1418 etiam
460 1355 672 1435 extinguant
694 1355 853 1427 minores¹
874 1354 1039 1417 decimas.
1086 1353 1270 1415 Hactenus
1298 1351 1384 1414 nihil
1408 1353 1504 1433 passi
1528 1362 1599 1413 sunt

328 1462 520 1542 immutari,
551 1462 706 1524 clinodia
739 1482 782 1524 ex
815 1460 1039 1524 monasteriis
1063 1470 1099 1522 et
1121 1458 1372 1522 infirmioribus
1396 1458 1537 1541 oppidis
1559 1460 1599 1519 ad

330 1569 460 1632 tutiora
484 1570 563 1632 loca
587 1578 756 1631 curarunt
788 1568 931 1649 deponi.
985 1568 1149 1630 Tabesco
1177 1576 1297 1629 tamen
1327 1568 1373 1629 de
1404 1565 1599 1629 modicitate

328 1676 412 1739 fidei
435 1676 471 1739 in
495 1676 625 1739 nostris
649 1685 686 1739 et
710 1676 892 1756 impietate
916 1674 1098 1737 haeretica
1121 1674 1156 1736 in
1180 1672 1410 1744 adversariis
1441 1673 1600 1735 secedam

329 1802 398 1867 ego
421 1783 491 1846 iam
521 1785 789 1866 (tempusculum
813 1781 1059 1861 suffuraturus)
1084 1781 1130 1843 ad
1154 1779 1358 1843 inferiorem
1383 1778 1601 1842 Germaniam

328 1900 364 1953 et
387 1890 576 1973 Angliam;
602 1889 732 1952 videbo
758 1908 801 1951 an
827 1888 874 1950 sit
897 1889 988 1950 ullus
1018 1890 1119 1950 locus
1142 1886 1389 1968 tranquillitati
1413 1887 1600 1950 studiorum

327 2008 544 2079 competens,
570 2004 605 2059 et
628 1996 658 2058 si
682 1995 767 2077 quid
791 1996 1030 2077 exploravero
1055 1993 1090 2059 S.
1108 1994 1149 2059 T.
1174 1993 1426 2057 humillissimis
1441 1993 1601 2075 precibus

326 2106 477 2186 pulsabo
501 2113 540 2166 ut
563 2124 619 2166 me
644 2103 804 2176 adiuvet;
830 2122 908 2165 cum
932 2113 1004 2164 tam
1027 2100 1186 2163 liberalis
1210 2102 1256 2164 sit
1279 2100 1363 2166 Sed.
1388 2101 1457 2183 Ap.
1493 2102 1530 2162 in
1553 2122 1600 2163 ec·

327 2211 443 2273 clesiis
477 2219 513 2273 et
544 2210 777 2292 dignitatibus
813 2208 1041 2271 conferendis
1080 2208 1187 2270 etiam
1223 2208 1414 2289 aliquando
1446 2208 1602 2290 ingratis,

327 2338 390 2380 cur
421 2318 649 2398 desperarem
686 2337 763 2379 eam
798 2317 953 2378 futuram
989 2314 1173 2378 liberalem
1206 2315 1243 2378 in
1276 2314 1426 2378 Eckium
1458 2316 1518 2398 qui
1555 2326 1604 2377 tot

326 2423 486 2505 pericula
510 2422 633 2501 subiit,
666 2432 719 2484 tot
750 2423 893 2485 labores
922 2422 1069 2504 pertulit
1100 2442 1166 2502 pro
1194 2420 1266 2485 fide
1297 2424 1514 2499 orthodoxa,
1542 2442 1602 2504 pro

326 2531 463 2592 honore
487 2526 592 2592 Sedis
616 2530 877 2611 Apostolicae?
929 2530 984 2591 De
1017 2509 1095 2591 aliis
1125 2529 1267 2591 remitto
1291 2550 1348 2593 me
1371 2531 1418 2593 ad
1440 2531 1604 2593 schedam

328 2634 474 2699 affixam
498 2656 603 2718 quam
627 2656 762 2699 summa
786 2634 974 2717 diligentia
997 2656 1062 2717 per
1091 2636 1211 2716 capita
1244 2636 1472 2719 consignavi,
1501 2638 1601 2699 unde·

329 2761 477 2824 cumque
513 2762 559 2804 ex
590 2741 812 2806 cancellariis
845 2751 882 2805 et
913 2762 959 2805 ex
992 2742 1153 2806 exercitu
1192 2743 1440 2807 certitudinem
1475 2745 1605 2808 habere

328 2847 438 2932 potui.
491 2848 669 2932 Dignetur
704 2848 740 2913 S.
764 2850 803 2913 T.
837 2849 1008 2913 Pontifex
1036 2850 1133 2913 Max.
1163 2848 1233 2914 imo
1261 2852 1306 2915 D.
1339 2853 1487 2917 Datario
1518 2873 1605 2917 conr·

328 2957 467 3020 mittere
492 2967 530 3019 ut
553 2957 717 3038 provisus
734 2977 800 3040 per
825 2978 881 3020 me
905 2956 941 3020 in
966 2956 1084 3020 officio
1109 2958 1346 3039 inquisitionis
1368 2979 1439 3023 non
1464 2958 1603 3043 impedi-

329 3073 408 3127 atur
436 3067 482 3127 ab
511 3064 629 3144 aliquo
660 3063 694 3126 in
735 3064 960 3128 assecutione
992 3066 1224 3146 praebendae
1260 3066 1351 3128 sicut
1381 3066 1606 3131 Eberhardus

329 3171 465 3234 Ferber
496 3179 710 3251 procurator
745 3191 843 3234 meus
874 3171 1026 3252 pleniter
1059 3192 1138 3234 eum
1166 3171 1378 3237 informavit.
1429 3175 1607 3255 Deinceps

330 3287 366 3342 et
388 3279 456 3340 hoc
480 3279 522 3342 D.
549 3277 696 3341 Datario
728 3275 764 3341 S.
797 3279 836 3343 T.
869 3279 1088 3343 committere
1113 3280 1279 3361 dignetur
1304 3291 1341 3342 ut
1364 3301 1484 3344 curam
1507 3289 1608 3364 gerat

330 3385 443 3447 Eckio
473 3384 686 3467 providendi
718 3384 778 3466 qui
811 3395 865 3449 tot
894 3386 1049 3449 millibus
1080 3387 1247 3468 providit.
1300 3387 1339 3450 In
1369 3409 1505 3452 summa
1539 3408 1605 3450 non

332 3501 386 3555 est
410 3491 493 3555 mihi
517 3512 599 3574 spes
626 3492 759 3555 clerum
784 3513 830 3556 ex
854 3493 995 3574 integro
1018 3493 1155 3556 restitui
1182 3494 1229 3556 ad
1251 3493 1436 3575 pristinam
1460 3494 1605 3576 dignita·

331 3607 420 3677 tem,
457 3599 523 3661 nisi
559 3598 715 3661 adventu
755 3599 917 3662 Caesaris
950 3599 1034 3663 licet
1071 3599 1198 3662 Nuncii
1228 3599 1429 3682 Apostolici
1457 3602 1609 3684 plurima

331 3705 470 3787 possint
492 3705 613 3768 facere
637 3706 732 3787 apud
757 3707 867 3788 ligem
890 3715 927 3768 et
948 3707 1130 3789 principes
1160 3706 1251 3770 sicut
1281 3708 1455 3789 proximis
1484 3707 1610 3772 litteris

333 3811 369 3875 S.
402 3811 440 3878 T.
472 3811 677 3894 plenissime
714 3812 1007 3892 informaveram,
1040 3813 1125 3894 quid
1155 3814 1252 3878 facto
1284 3838 1373 3899 opus
1406 3829 1501 3881 esset
1529 3819 1611 3880 licet

332 3918 426 3982 forte
458 3917 679 4001 prudentiori
712 3919 859 3982 consilio
890 3939 981 4000 quae
1011 3940 1191 3985 suaseram
1226 3923 1441 3989 omittantur.
1491 3924 1538 3988 D.
1569 3925 1609 3988 Ο.

331 4025 380 4088 Μ.
405 4025 572 4106 dignetur
596 4046 807 4089 conservare
836 4023 873 4091 S.
904 4026 944 4090 T.
969 4036 1004 4089 et
1028 4047 1106 4090 eam
1130 4028 1321 4110 aspirando
1344 4032 1556 4112 praeveniat
1578 4039 1612 4094 et

333 4132 535 4196 adiuvando
567 4143 803 4216 prosequatur
843 4135 890 4196 ad
925 4133 1042 4196 omnia
1072 4155 1163 4216 quae
1198 4135 1333 4200 faciunt
1364 4140 1410 4201 ad
1439 4140 1610 4204 honorem

334 4239 484 4302 nominis
508 4239 561 4302 sui
585 4249 621 4304 et
644 4242 829 4303 haeresum
854 4251 889 4302 et
912 4241 1212 4321 blasphemiarum
1236 4245 1522 4327 extirpationem.
1553 4246 1611 4309 Me

260 4403 263 4410 .
333 4346 529 4429 supplicem
553 4349 836 4411 commendatum
859 4350 993 4412 habeat
1016 4346 1051 4413 S.
1077 4349 1116 4412 T.

422 4453 633 4536 Ingolstadii
657 4453 782 4517 XXV.
807 4453 890 4534 Julii
915 4455 1022 4517 Anno
1046 4455 1184 4536 gratiae
1207 4458 1408 4525 MDXXV.

1391 4584 1507 4650 uun.

869 4757 1074 4771 mmm
