3425 5700
665 497 912 572 MBWGH’

748 808 825 876 221.

304 934 507 1015 Gardinalis
535 937 678 1016 011101
705 935 961 1036 lotharingiae
990 933 1162 1013 1110110011
1189 929 1267 1010 Vll.

588 1083 689 1157 (aaa
706 1083 826 1156 emsa
845 1082 896 1140 111.
914 1081 981 1152 111.)

635 1205 722 1266 14-6-
743 1203 818 1267 lunii
840 1200 927 1269 1525l

236 1325 411 1389 Solebant
430 1327 564 1408 antiqui
589 1327 639 1389 illi
663 1328 908 1389 Romanorum
933 1326 1181 1407 Imperatores
1199 1325 1427 1387 Sanctissime

153 1432 265 1512 Pater,
296 1434 414 1515 aliquo
446 1438 631 1516 praeclaro
666 1434 699 1496 in
733 1434 948 1515 Reipublice
980 1435 1100 1496 hostes
1130 1433 1226 1495 edito
1258 1432 1427 1509 facinore,

153 1538 182 1599 id
215 1541 355 1602 demum
385 1540 421 1603 S.
448 1542 487 1604 Ρ.
513 1541 555 1620 Q.
585 1542 631 1606 tt.
665 1542 888 1621 perscribere
922 1550 959 1602 ut
993 1543 1101 1603 allato
1131 1542 1176 1602 de
1208 1560 1245 1601 re
1277 1538 1428 1601 feliciter

152 1656 249 1727 gesta
276 1649 414 1726 nuncio,
441 1648 718 1729 supplicationes
743 1647 816 1709 XV
851 1647 984 1709 dierum
1018 1658 1078 1708 aut
1102 1668 1144 1710 eo
1181 1647 1330 1728 amplius
1362 1645 1428 1707 diis

152 1753 401 1817 immortalibus
425 1757 652 1834 haberentur,
678 1757 733 1817 vel
763 1754 973 1835 triumphus,
1007 1754 1036 1816 si
1070 1754 1105 1815 id
1138 1754 1189 1816 rei
1220 1753 1427 1834 magnitudo

151 1863 355 1940 postularet,
382 1882 474 1923 novo
491 1862 696 1942 imperatori
713 1862 974 1925 decerneretur.
1022 1860 1109 1923 Mihi
1133 1881 1218 1923 vero
1252 1863 1319 1923 hoc
1345 1871 1427 1922 tem-

152 1987 233 2047 pore
264 1969 350 2030 nihil
383 1970 571 2030 admodum
606 1970 650 2029 de
685 1967 864 2049 triumpho
900 1967 1095 2044 laboranti,
1122 1967 1232 2029 visum
1265 1977 1317 2030 est
1348 1966 1427 2029 Tibi

152 2073 386 2155 Reipublicae
401 2075 623 2138 Christianae
638 2075 855 2137 moderatori
879 2075 1049 2156 precipuo
1074 2095 1138 2156 per
1163 2075 1299 2137 litteras
1323 2073 1426 2156 signi-

151 2179 253 2242 licare
277 2183 409 2243 bellurn
435 2203 455 2243 a
481 2182 584 2244 nobis
607 2182 661 2244 his
685 2181 856 2263 proximis
889 2181 1014 2243 diebus
1043 2182 1111 2243 Dei
1145 2193 1216 2263 opt.
1246 2202 1337 2244 max.
1369 2201 1426 2242 vo-

152 2288 280 2349 luntate
304 2288 481 2351 foeliciter
507 2287 744 2369 profligatum,
769 2289 935 2368 quodque
960 2287 1025 2349 tibi
1041 2309 1125 2350 sane
1142 2288 1321 2350 videbitur
1340 2287 1426 2350 eius-

151 2393 239 2455 modi
265 2405 302 2455 ut
326 2415 393 2475 pro
418 2417 461 2456 eo
486 2396 661 2473 conlect0,
686 2394 715 2456 si
739 2414 805 2476 per
820 2394 1055 2456 Christianam
1071 2394 1280 2456 modestiam
1296 2395 1428 2473 liceret,

152 2522 215 2561 non
241 2523 332 2564 unus
357 2502 556 2582 triumphus
580 2505 643 2563 sed
660 2503 781 2582 plures
805 2501 938 2563 fuerint
954 2501 1180 2563 decernendi.
1228 2501 1320 2580 Quia
1343 2521 1429 2564 vero

150 2609 428 2690 supplicationes
453 2610 567 2692 primo
593 2629 732 2690 quoque
758 2609 815 2669 die
833 2609 912 2669 Deo
937 2606 1123 2676 immortali
1149 2607 1218 2669 sint
1241 2609 1427 2670 habendae

149 2714 266 2795 illique
290 2719 454 2796 agendae
478 2716 616 2796 gratiae
641 2716 759 2796 reipsa
783 2717 890 2795 plane
914 2713 1124 2795 percognita
1153 2714 1348 2776 cuiusmodi
1373 2715 1427 2794 sit,

151 2822 286 2886 minime
318 2823 515 2901 dubitabis,
542 2843 645 2904 quam
678 2835 715 2884 ut
745 2825 790 2884 ab
822 2821 921 2883 initio
953 2829 1061 2883 totam
1094 2819 1273 2903 intelligas
1306 2821 1428 2903 paucis

151 2933 262 3011 quoad
287 2932 363 2993 eius
387 2931 464 2992 fieri
489 2932 620 3011 poterit
644 2931 846 3014 explicabo
895 2931 1009 2990 Ardet
1033 2938 1108 2990 tota
1135 2929 1211 2991 1010
1236 2928 1428 2991 Germania

150 3035 299 3099 factione
325 3039 609 3117 Luthoridarum,
635 3058 783 3119 quorum
808 3058 877 3097 non
903 3036 1007 3118 pauci
1037 3056 1152 3098 rerum
1178 3057 1345 3098 novarum
1373 3057 1426 3097 cu-

151 3143 219 3222 pidi
244 3145 508 3225 conspiratione
533 3145 628 3206 facta
652 3144 952 3223 iureiurandoque
977 3142 1072 3205 inter
1096 3164 1134 3204 se
1152 3142 1367 3223 confirmata,
1394 3144 1426 3205 in

151 3269 234 3329 agro
258 3252 398 3313 Alsatio
424 3272 635 3329 convenere,
660 3253 849 3333 palamque
875 3270 938 3331 per
965 3244 1182 3330 praeconem
1211 3252 1356 3311 edixere
1390 3273 1427 3312 se

151 3355 182 3417 in
206 3358 322 3419 animo
348 3361 482 3420 habere
507 3358 637 3420 Christi
663 3358 857 3419 doctrinam
891 3357 919 3418 si
945 3357 1010 3417 diis
1035 3361 1152 3437 placet
1178 3356 1425 3437 Evangelicam

152 3466 213 3526 hoc
238 3475 400 3546 tempore
425 3466 588 3528 humanis
613 3464 934 3528 constitutiunculis
951 3466 1159 3543 abrogatam
1176 3464 1337 3526 omnibus
1359 3486 1426 3526 001-

152 3570 239 3633 nium
265 3572 427 3635 ordinum
452 3573 655 3635 hominibus
679 3572 938 3634 observandam
957 3591 1169 3651 proponere,
1195 3571 1427 3653 miseramque

151 3679 367 3757 plebeculam
393 3684 439 3741 ab
463 3680 651 3761 impotenti
677 3678 888 3741 nobiliorum
906 3678 1143 3739 dominatione
1165 3679 1328 3740 liberare.
1376 3678 1426 3739 Si-

152 3783 287 3863 quidem
314 3786 498 3868 proposita
523 3808 587 3868 spe
612 3786 765 3848 sordidis
792 3796 827 3847 et
844 3784 1033 3865 egentibus
1050 3786 1248 3847 hominibus
1266 3785 1426 3847 licentiae

152 3891 264 3969 potius
289 3914 394 3973 quam
419 3893 594 3955 libertatis
619 3893 910 3973 consequendae,
948 3905 1019 3953 tum
1044 3912 1130 3953 vero
1156 3891 1260 3953 etiam
1286 3893 1426 3973 inopiae

155 4000 411 4076 sublevandae,
437 4000 522 4061 nihil
549 4002 764 4077 dubitarunt,
791 4001 875 4079 quin
900 3997 1016 4059 statim
1034 4000 1079 4059 ad
1098 4020 1134 4059 se
1152 4019 1283 4080 magna
1299 3998 1425 4061 levium

151 4124 189 4164 ac
224 4106 443 4186 perditorum
477 4108 655 4169 hominum
686 4105 856 4168 colluvies
890 4104 1103 4177 conflueret;
1137 4108 1231 4186 quod
1264 4106 1313 4168 ita
1342 4128 1426 4169 sane

152 4212 284 4276 accidit.
331 4212 491 4295 Namque
516 4215 597 4293 plus
621 4212 735 4274 minus
750 4222 947 4273 tercentum
964 4212 1059 4274 mille
1074 4212 1254 4275 hominum
1271 4213 1427 4276 eiusdem

153 4316 311 4380 factionis
336 4319 547 4381 convenisse
572 4320 695 4398 audio,
730 4319 789 4399 qui
821 4340 866 4379 ne
902 4320 946 4379 ab
976 4339 1014 4380 re
1039 4317 1268 4381 frumentaria
1292 4322 1426 4383 labora-

152 4434 242 4503 rent,
277 4426 312 4486 in
359 4436 481 4507 partes
521 4426 657 4507 disjecti
703 4437 866 4487 cunctam
914 4427 1170 4505 propemodum
1217 4425 1428 4490 Germaniae

152 4531 287 4607 plebem
327 4532 372 4593 ad
413 4531 624 4594 seditionem
665 4531 897 4594 concitarunt.
960 4532 1094 4593 Horum
1123 4543 1240 4595 autem
1273 4533 1428 4615 ipsorum
1495 4607 1499 4617 Ι

153 4656 218 4697 000
245 4642 504 4701 contemnenda
528 4659 652 4702 manus
677 4640 711 4700 in
736 4638 990 4718 Lotharingiae
1014 4638 1103 4701 fines
1127 4640 1295 4719 incubuit,
1330 4641 1427 4722 oppi-

155 4744 262 4806 danos
286 4744 393 4808 nimia
428 4746 594 4808 libertate
625 4746 814 4808 dissolutos
843 4746 1020 4826 nimiaque
1049 4766 1165 4807 rerum
1196 4767 1348 4809 omnium
1373 4768 1426 4810 10-

154 4849 208 4928 pia
231 4850 435 4914 diffluentes
459 4873 525 4934 per
549 4852 749 4915 emissarios
781 4862 816 4915 et
845 4853 1113 4918 concionatores
1139 4854 1183 4915 ad
1217 4854 1426 4918 seditionem
