3425 5700
801 574 1031 632 o-Qlflgm

901 740 920 803 ’Ζ

722 790 1053 948 Responsio'caroli
1071 848 1110 930 V.

668 985 777 1058 (Aeta
803 985 984 1047 Wormar.
1011 988 1074 1046 iol
1102 988 1164 1059 ll.)

803 1100 1019 1162 (Marfi01521.)

378 1203 424 1265 Et
447 1203 476 1266 si
501 1224 571 1267 non
589 1204 770 1286 displicuit
793 1205 910 1286 nobiS,
936 1207 1032 1288 quod
1059 1227 1104 1268 ex
1128 1205 1255 1269 litteris
1280 1210 1408 1271 vestris
1432 1229 1554 1290 perce-

273 1309 388 1390 pimus
413 1312 459 1374 ob
483 1311 680 1392 Majestatis
705 1321 848 1375 nostrae
873 1311 1120 1388 reverentiam,
1146 1323 1293 1376 eatenus
1317 1335 1382 1378 vos
1410 1336 1553 1398 suspen·

273 1419 369 1480 disse
387 1418 633 1481 executionem
651 1420 886 1501 Apostolicae
909 1422 1027 1482 bullae
1053 1435 1178 1484 contra
1200 1422 1417 1503 pernitiosos
1441 1424 1553 1486 libros

270 1524 390 1586 fratris
414 1525 557 1587 Martini
573 1525 718 1588 Lutheri
744 1527 872 1606 editae,
898 1528 1011 1589 donec
1038 1528 1081 1589 de
1099 1537 1216 1590 mente
1242 1538 1278 1591 et
1302 1531 1446 1592 decreto
1472 1552 1550 1592 nos·

271 1644 327 1694 tro
351 1632 521 1695 certiores
545 1632 802 1707 redderemini;
836 1632 954 1695 Nihilo
985 1645 1102 1695 tamen
1134 1635 1248 1696 minus
1280 1646 1420 1718 gratum
1446 1639 1551 1700 nobis

272 1739 406 1818 fuisset,
432 1741 472 1820 si,
497 1740 593 1802 sacta
615 1740 719 1802 vobis
744 1741 902 1821 legitime
933 1741 1170 1803 insinuatione
1201 1743 1386 1822 predictae
1417 1746 1549 1823 bullae,

269 1867 371 1928 quem
407 1848 616 1910 admodum
640 1851 685 1909 ab
710 1846 950 1910 universitatis
974 1860 1115 1910 vestrae
1140 1850 1344 1931 theologica
1368 1851 1549 1932 facultate,

269 1954 325 2016 cui
348 1954 382 2016 in
407 1954 462 2017 his
487 1955 602 2017 causis
626 1955 752 2018 merito
778 1955 913 2037 primae
938 1957 1108 2031 debetur,
1138 1954 1271 2018 factum
1303 1977 1382 2019 esse
1405 1967 1549 2020 vestrae

267 2062 412 2123 licterae
452 2061 586 2123 faciunt
616 2061 741 2142 fidem,
778 2063 827 2124 ita
864 2070 900 2123 et
935 2082 999 2124 vos
1033 2061 1093 2124 alii
1128 2063 1390 2144 suprascriptos
1425 2065 1547 2144 libros,

267 2188 473 2250 magnarum
506 2169 540 2230 in
565 2169 726 2232 Ecclesia
762 2168 819 2231 dei
855 2168 1085 2248 seditionum,
1116 2180 1150 2231 et
1187 2170 1423 2251 periculorum
1448 2172 1547 2234 somi-

266 2286 330 2356 tes,
365 2275 485 2338 debito
521 2277 597 2357 igni
637 2277 846 2338 cremandos
881 2276 1088 2356 curassetis,
1133 2287 1169 2338 et
1212 2280 1383 2358 populum
1420 2289 1457 2340 ut
1500 2283 1547 2341 ab

266 2382 333 2444 illis
386 2383 453 2445 sibi
503 2383 691 2464 plurimum
741 2392 887 2444 caveret
931 2382 1166 2444 monuissetis.
1237 2383 1341 2464 Quod
1382 2385 1546 2466 profecto

261 2489 338 2569 jure
378 2493 473 2552 bono
510 2491 669 2571 citraque
706 2488 851 2570 alicujus
895 2499 1001 2551 notae
1038 2489 1233 2570 periculum
1270 2512 1291 2552 a
1330 2493 1432 2553 vobis
1468 2491 1547 2555 fieri

264 2597 398 2676 potuit,
437 2597 586 2679 primum
623 2597 705 2678 quia
741 2597 881 2678 quoties
913 2598 957 2658 de
992 2596 1165 2677 religione
1204 2597 1321 2678 agitur
1359 2619 1544 2661 romanum

265 2704 465 2784 pontificem
499 2715 727 2785 sanctamque
755 2701 884 2766 Sedem
910 2703 1155 2784 Apostolicam
1181 2704 1349 2767 convenit
1368 2705 1546 2785 judicare:

264 2810 391 2873 deiude
417 2812 498 2893 quia
524 2832 593 2874 non
618 2810 657 2873 fit
681 2810 870 2874 verisimile
904 2812 949 2873 ad
980 2821 1119 2873 vestras
1148 2811 1316 2891 jamtum
1341 2832 1444 2875 aures
1469 2833 1542 2877 non

263 2919 469 2997 pervenisse
492 2920 527 2980 in
553 2919 682 2981 nostris
707 2928 778 2981 tam
795 2917 1021 2980 inferioribus
1038 2918 1212 2998 dominiis,
1238 2939 1342 3001 quam
1361 2919 1544 3004 Coloniae,

261 3026 436 3105 Treveris,
461 3026 669 3108 Moguutiae
692 3026 839 3106 aliisque
855 3025 1069 3087 Germaniae
1094 3027 1183 3087 locis
1209 3027 1424 3089 authoritate
1442 3027 1542 3110 Apo-

261 3133 396 3213 stolica,
422 3144 457 3194 et
473 3144 593 3196 nostro
610 3134 786 3195 Caesareo
803 3136 948 3195 decreto
973 3134 1182 3204 antedictos,
1208 3142 1243 3195 et
1267 3134 1356 3196 alios
1385 3134 1544 3197 famosos

262 3237 370 3301 libros
394 3241 537 3322 publico
571 3251 606 3303 et
630 3240 752 3302 debito
776 3239 941 3301 incendio
972 3240 1081 3301 fuisse
1106 3243 1329 3322 absumptos;
1359 3251 1542 3322 postremo

261 3347 353 3426 quia,
375 3368 452 3409 cum
477 3348 543 3409 ista
565 3358 685 3410 vestra
701 3346 912 3408 universitas
927 3368 998 3408 non
1015 3348 1127 3408 solum
1147 3347 1302 3427 optimae
1320 3348 1542 3428 eruditionis,

261 3454 323 3514 sed
347 3464 382 3515 et
406 3454 618 3518 christianae
634 3454 777 3536 pietatis
800 3454 955 3516 secunda
975 3474 1105 3535 parens
1129 3475 1270 3536 semper
1294 3454 1410 3533 fuerit,
1434 3455 1545 3520 facile

260 3562 431 3641 poteratis
456 3582 674 3644 cognoscere
700 3562 846 3624 Lutheri
882 3570 916 3623 et
945 3560 1014 3622 alia
1046 3563 1310 3623 lutheranorum
1335 3562 1485 3643 scripta,
1519 3585 1543 3626 a

259 3668 432 3731 charitate
458 3679 493 3731 et
516 3669 584 3732 ritu
609 3691 630 3732 a
655 3669 783 3732 nostris
802 3668 992 3749 majoribus
1016 3667 1146 3729 tradito
1172 3668 1402 3747 discedentia,
1431 3671 1542 3749 pluri·

259 3795 351 3837 mum
376 3775 458 3838 mali
482 3776 517 3839 iu
543 3776 706 3840 Ecclesia
731 3776 797 3837 Dei
827 3777 897 3857 jam
922 3776 1117 3856 peperisse,
1143 3784 1178 3836 et
1203 3776 1269 3837 nisi
1293 3776 1539 3857 provideatur,

257 3882 292 3943 in
317 3894 499 3963 posterum
523 3883 623 3965 peius
649 3905 726 3947 esse
751 3882 920 3963 paritura.
960 3882 1094 3944 Verum
1118 3882 1201 3963 quia
1231 3882 1392 3964 persuasi
1416 3904 1540 3948 sumus

256 3990 388 4053 nullam
412 3990 516 4052 aliam
541 3994 587 4052 ob
613 4011 754 4053 causam
787 3991 890 4052 istam
914 3989 1175 4051 cunctationem
1198 3989 1328 4052 factam
1359 4011 1463 4071 quarn
1496 4002 1540 4054 ut

255 4096 432 4178 Majestati
457 4107 600 4160 nostrae
625 4119 715 4179 quae
741 4097 840 4159 istius
865 4096 1104 4158 universitatis
1128 4096 1311 4158 fundatrix
1336 4107 1371 4159 et
1395 4107 1536 4179 protec-

238 4204 326 4266 trix
351 4214 415 4285 est,
440 4204 597 4267 debitum
621 4209 792 4268 honorem
812 4204 1041 4284 exhiberetis,
1066 4224 1137 4266 non
1153 4224 1340 4284 possumus
1358 4224 1428 4267 non
1442 4224 1538 4268 com-

254 4312 423 4375 mendare
457 4312 560 4374 istum
592 4314 765 4391 animum,
807 4312 1104 4392 devotionemque
1135 4311 1170 4372 in
1204 4332 1269 4374 nos
1301 4304 1470 4373 vestram:
1504 4313 1538 4375 si

255 4420 361 4480 modo
396 4440 502 4500 quum
531 4419 680 4501 primum
712 4421 777 4481 has
812 4419 953 4481 lieteras
985 4418 1112 4480 mentis
1144 4431 1287 4481 nostrae
1311 4418 1463 4497 indices,
1498 4434 1538 4483 et

254 4526 463 4589 universalis
488 4528 622 4590 decreti
647 4527 758 4589 nostri
782 4527 894 4589 instar
917 4526 1054 4588 futuras
1071 4526 1297 4607 acceperitis:
1325 4546 1385 4587 eas
1409 4524 1444 4587 in
1469 4546 1534 4607 pu-

252 4632 353 4696 blicis
383 4634 490 4697 totius
514 4634 755 4698 universitatis
779 4646 923 4697 nostrae
948 4632 1097 4695 comitiis
1121 4632 1203 4714 legi,
1233 4644 1268 4694 et
1291 4632 1437 4694 Lutheri
1472 4653 1534 4713 pe-

251 4741 412 4805 stilentes
443 4743 552 4805 libros
577 4764 699 4805 omnes
727 4744 796 4823 jam
828 4744 873 4803 ab
898 4740 1096 4822 apostolica
1120 4741 1205 4801 sede
1230 4740 1435 4819 damnatos,
1460 4760 1533 4803 om-

251 4848 380 4929 niaque
405 4850 609 4932 quorumvis
633 4857 668 4912 in
694 4848 875 4912 Summum
898 4846 1118 4929 pontificem,
1158 4858 1193 4909 et
1217 4849 1339 4909 sedem
1363 4847 1533 4927 apostoli-

251 4977 346 5039 cam,
371 4959 609 5039 honestasque
633 4977 806 5039 personas
829 4954 967 5017 famosa
994 4955 1127 5035 scripta
1151 4955 1321 5015 damnata
1351 4965 1387 5015 et
1410 4955 1533 5035 prohi-

1710 1438 1712 1579 l
