3425 5700
682 582 910 640 &hisp-³

155 737 202 797 da
233 735 332 796 detta
355 736 441 796 sede
466 744 501 795 et
526 733 559 794 lo
583 732 799 795 Elettorato:
834 741 871 795 et
894 734 951 795 del
978 729 1135 794 Concilio
1161 731 1205 793 de
1231 727 1438 792 Constantia

155 853 191 905 et
215 841 251 904 di
274 840 425 904 Bobemi
449 850 484 902 et
508 841 616 902 molte
642 842 732 903 altre
755 860 838 903 cose
865 841 930 902 che
956 838 1107 902 sarebbe
1132 837 1241 918 longo
1266 846 1300 898 et
1325 855 1437 917 pocco

155 947 358 1012 necessario
382 969 404 1008 a
429 956 605 1028 repetere.

244 1054 398 1118 Eranoci
433 1054 591 1136 presenti
626 1054 725 1115 molti
761 1052 915 1135 principi
951 1052 1078 1133 grandi
1115 1051 1307 1114 Lutherani
1345 1059 1379 1113 et
1415 1051 1437 1112 li

155 1161 345 1230 Secretarii
373 1162 431 1224 del
455 1162 557 1224 Duca
581 1160 742 1239 Saxone,
777 1161 834 1242 qui
862 1159 1092 1242 excipiebant
1118 1161 1242 1238 multe,
1278 1156 1438 1238 quamvis

155 1272 238 1334 dum
269 1269 377 1331 timeo
410 1289 456 1330 ne
486 1267 569 1330 mihi
602 1277 743 1348 tempus
775 1268 918 1331 deesset
951 1267 997 1329 ad
1022 1267 1164 1328 modum
1189 1265 1295 1328 celeri
1320 1274 1439 1326 uterer

155 1376 316 1439 oratione
341 1383 377 1438 et
401 1373 462 1456 gia
486 1374 633 1437 intendo
658 1375 723 1437 che
748 1376 824 1437 loro
849 1375 1000 1438 diceano
1018 1376 1083 1436 che
1100 1373 1134 1436 io
1152 1384 1302 1435 toccava
1317 1371 1340 1433 il
1362 1373 1438 1433 loro

155 1483 315 1565 principe
340 1481 600 1559 odiosamente,
634 1483 729 1562 quod
754 1481 881 1544 falsum
908 1491 979 1560 est,
1010 1485 1038 1544 sl
1064 1500 1164 1543 come
1188 1500 1321 1543 ancora
1345 1497 1437 1541 men·

155 1590 247 1653 tirno
271 1611 293 1652 a
308 1589 457 1652 Colonia
481 1590 622 1670 quando
649 1592 762 1670 parlai
785 1592 841 1652 nel
868 1598 1054 1671 presentat
1078 1589 1135 1650 del
1153 1587 1271 1650 Breve
1287 1589 1320 1649 al
1337 1587 1438 1648 Duce

94 1762 100 1770 ,
154 1699 320 1779 predetto
345 1695 571 1779 presentibus
586 1695 804 1776 Caracciolo,
825 1696 1039 1778 Tergestino
1065 1705 1100 1757 et
1115 1694 1324 1757 Tridentino
1349 1693 1437 1775 epis·

154 1804 256 1885 copis
278 1824 344 1885 per
368 1813 494 1885 questo
518 1803 684 1866 chiamati
709 1805 755 1866 da
779 1824 834 1866 me
850 1823 951 1866 come
969 1823 1034 1884 per
1048 1802 1250 1866 testimonio
1268 1801 1303 1863 di
1319 1802 1438 1881 quello

153 1912 189 1973 io
208 1931 268 1973 era
283 1931 349 1992 per
365 1910 458 1982 dire;
486 1910 529 1972 ne
553 1911 600 1972 mi
625 1913 724 1974 valse
749 1930 853 1973 usare
878 1911 992 1973 anche
1016 1912 1130 1972 allora
1154 1909 1239 1992 ogni
1263 1907 1440 1971 modestia

153 2021 222 2080 che
247 2017 370 2099 dopoi,
406 2016 640 2080 mandandoci
666 2020 699 2080 el
723 2019 825 2080 Duea
860 2019 894 2080 la
926 2017 1081 2098 risposta
1112 2016 1206 2078 disse
1236 2033 1302 2096 per
1331 2013 1436 2076 infor·

153 2124 310 2188 matione
335 2124 371 2186 di
396 2135 521 2204 questo
546 2124 740 2188 medesimo
763 2124 920 2204 ribaldo,
945 2123 1004 2206 qui
1028 2124 1104 2186 heri
1130 2123 1348 2204 excipiebat,
1373 2124 1439 2183 che

152 2232 216 2294 noi
244 2234 417 2294 haveamo
442 2233 541 2294 detto
565 2234 657 2294 male
682 2232 741 2295 del
765 2234 842 2294 loro
867 2231 1044 2313 Principe.
1092 2229 1153 2292 Ma
1176 2237 1300 2311 queste
1324 2228 1439 2292 bestie

152 2359 298 2420 semper
330 2336 404 2400 cosi
435 2337 661 2419 impudenter
689 2337 829 2420 fingunt
852 2358 918 2421 per
941 2341 1053 2402 hever
1076 2357 1185 2400 causa
1209 2336 1243 2399 di
1269 2338 1338 2398 mal
1363 2337 1438 2398 dire

153 2459 191 2508 et
226 2445 326 2507 iritar
358 2447 391 2507 el
425 2447 501 2507 loro
531 2445 708 2526 principe,
741 2466 842 2508 come
875 2465 1015 2528 sempre
1039 2445 1087 2508 fin
1112 2443 1170 2526 qui
1193 2445 1313 2507 hanno
1337 2443 1439 2522 fatte,

153 2553 309 2616 essendo
335 2553 358 2614 li
383 2552 461 2614 suoi
485 2552 565 2614 tutti
589 2551 874 2615 lutheranissimi.
922 2552 998 2616 Ben
1025 2552 1105 2615 dico
1130 2553 1196 2614 che
1220 2573 1258 2614 se
1288 2551 1313 2614 il
1338 2551 1440 2612 Duce

151 2660 251 2722 fosse
276 2668 369 2721 stato
393 2670 578 2739 presente,
611 2659 646 2722 io
680 2680 747 2722 con
779 2660 865 2742 ogni
889 2660 1079 2739 modestia,
1113 2660 1201 2742 pero
1226 2680 1296 2722 non
1321 2671 1438 2721 tamen

152 2767 248 2830 citra
270 2767 456 2844 decorum,
489 2763 510 2826 l’
527 2766 644 2829 harrei
669 2787 715 2829 un
739 2768 932 2848 pocchetto
956 2787 1090 2845 morsu,
1124 2765 1257 2849 perche
1282 2767 1438 2829 horamai

153 2895 228 2938 non
252 2876 281 2937 c'
304 2874 324 2937 e
347 2873 407 2957 pit
431 2894 605 2955 speranza
622 2874 657 2936 di
673 2877 823 2938 mutarlo
840 2895 906 2958 per
921 2878 1039 2937 buono
1059 2877 1183 2957 parole
1209 2885 1244 2937 et
1263 2885 1362 2937 tento
1379 2874 1439 2955 piu

152 2984 177 3045 l'
195 2982 313 3045 harrei
334 2981 426 3043 fatto
441 2980 573 3063 perche
590 2982 723 3045 Caesar
738 2993 773 3045 et
787 2982 958 3047 Chievres
973 2982 1109 3045 dissero
1125 2985 1159 3045 al
1175 2980 1214 3045 Sr
1232 2982 1439 3044 Carrazzolo

151 3090 271 3173 primo
295 3099 331 3151 et
354 3088 414 3170 poi
439 3102 460 3151 a
484 3109 549 3168 me,
575 3099 610 3151 et
634 3088 707 3152 cosi
732 3092 765 3153 el
789 3090 1014 3172 Moguntino,
1043 3092 1109 3152 che
1134 3089 1168 3151 io
1193 3108 1263 3151 non
1287 3097 1439 3150 temesse

152 3217 223 3280 per
255 3196 374 3258 niente
403 3195 460 3257 dir
483 3206 592 3275 tutto,
624 3198 690 3261 che
715 3198 762 3259 mi
785 3218 898 3279 parea
920 3197 974 3260 far
1000 3218 1022 3259 a
1044 3195 1246 3278 proposit0,
1278 3196 1372 3277 quod
1405 3208 1440 3257 et

151 3304 226 3367 feci
249 3324 314 3385 per
338 3304 453 3365 Deum
476 3302 750 3385 imperterritus,
780 3325 881 3367 come
905 3304 939 3367 io
964 3303 1060 3367 fusse
1085 3314 1178 3366 stato
1206 3325 1226 3365 a
1251 3303 1345 3365 lezer
1369 3323 1440 3366 una

152 3410 303 3474 lettione
328 3432 349 3473 a
373 3409 452 3471 XX
476 3409 644 3475 fanciulli.
669 3412 846 3475 ancorcbe
871 3412 905 3475 io
929 3413 1080 3473 vedesse
1104 3410 1137 3473 li
1162 3409 1260 3473 molti
1281 3409 1439 3490 Principi

154 3516 368 3596 Lutherani,
401 3515 426 3578 li
459 3517 555 3598 quali
586 3538 642 3580 me
671 3518 823 3581 faceano
855 3518 891 3580 di
922 3519 1034 3581 brutti
1064 3517 1130 3580 visi
1162 3529 1197 3579 et
1229 3536 1295 3598 per
1320 3517 1440 3579 avanti

152 3645 281 3707 spesso
315 3645 370 3686 me
403 3623 573 3686 habbiino
604 3623 694 3687 fatto
720 3625 928 3703 minacciar,
963 3646 1020 3687 ma
1049 3636 1145 3687 certo
1171 3644 1241 3686 non
1267 3622 1369 3685 stimo
1395 3642 1440 3684 un

153 3733 242 3813 pelo
264 3732 371 3795 morir
396 3752 460 3813 per
485 3733 518 3793 la
542 3730 625 3793 fede
650 3742 686 3795 et
709 3752 775 3813 per
799 3732 822 3793 li
847 3731 928 3795 miei
946 3731 1098 3813 patroni.
1134 3730 1355 3793 Wormatiae
1373 3740 1439 3793 etc.

692 3910 823 3922 mannam»
835 3913 850 3921 -ι
863 3912 898 3923 -ν,

774 4142 817 4206 23

554 4250 732 4329 nicander
759 4191 894 4331 Jotinni
920 4250 1038 4332 Eckio.

389 4376 442 4447 (Ex
459 4378 570 4436 minuit·
588 4377 686 4450 origin
704 4379 734 4437 iu
751 4378 809 4439 otti.
827 4379 900 4438 Bul.
919 4379 1009 4440 Vtile.
1030 4380 1096 4441 801³
1115 4380 1159 4441 101.
1178 4381 1214 4453 3.)

666 4480 721 4544 (16.
740 4482 819 4535 Febr.
842 4484 929 4547 1521.)

265 4587 483 4649 Reverende
508 4596 544 4649 et
567 4587 771 4652 doctissime
795 4590 850 4652 vir
875 4592 983 4655 salve.
1022 4590 1148 4672 Neque
1172 4591 1258 4654 istas
1281 4611 1370 4673 quas
1393 4594 1439 4656 ad

155 4714 216 4756 me
247 4692 349 4756 binas
380 4693 521 4756 dedisse
552 4694 678 4757 scribis
710 4695 847 4759 litteras
878 4696 1019 4779 accepi,
1051 4697 1228 4761 tabellarii
1260 4700 1312 4779 (ut
1340 4698 1439 4779 puto)

156 4801 278 4883 culpa:
303 4820 419 4882 neque
443 4800 596 4863 vicissim
621 4820 691 4883 ego
715 4804 762 4865 ed
785 4804 837 4866 Te
861 4806 951 4867 ullas
976 4804 1058 4868 dedi
1082 4805 1259 4869 tabellarii
1284 4801 1437 4869 defectu.

155 4906 310 4969 Potuisti
327 4919 444 4970 tamen
464 4907 598 4989 aliquid
623 4910 667 4972 de
693 4893 796 4973 nobis
816 4911 918 4993 scire,
934 4913 992 4975 vel
1011 4914 1158 4995 vulgata
1172 4912 1327 4976 incendii
1344 4912 1439 4979 ferna
