3425 5700
677 527 924 583 essunt&

166 669 377 736 sessionibus
401 683 620 753 consecrata,
647 697 715 756 qua
739 678 944 740 sacerdotes
961 675 1055 739 omni
1072 675 1243 740 immunes
1261 675 1306 739 ab
1331 697 1440 740 onere

165 781 372 860 fruerentur,
399 783 488 844 sicut
512 792 615 844 vetus
640 804 741 844 sacra
766 785 940 866 scriptura
970 787 1014 848 de
1044 785 1231 847 Pharaone
1256 785 1440 867 Aegypto-

165 909 227 968 que
252 890 428 962 declarat;
454 895 574 970 atque
587 890 635 951 illi
659 891 763 952 idolis
784 891 882 954 falsis
898 893 933 954 in
951 891 1023 953 suis
1041 891 1285 954 sacerdotibus
1306 905 1441 955 tantum

165 998 330 1058 honorem
358 999 560 1071 habebant,
586 997 716 1060 Christi
740 1017 826 1060 vero
851 1001 1007 1061 cultores
1031 997 1196 1059 coelestis
1220 997 1303 1060 fidei
1327 1019 1440 1061 sacra·

165 1104 285 1164 mentis
310 1103 445 1182 imbuti,
470 1113 508 1164 ut
532 1106 626 1166 hunc
651 1106 730 1166 Deo
755 1126 842 1167 vero
867 1105 1063 1186 eripuerint
1078 1107 1250 1168 honorem
1273 1107 1365 1168 hanc
1390 1107 1440 1168 illi

164 1211 448 1290 praerogativam
472 1209 626 1272 sedarint
659 1223 694 1273 et
718 1212 969 1292 proculcarint,
994 1232 1148 1292 quonam
1172 1214 1265 1274 malo
1289 1213 1441 1274 demone

167 1317 278 1378 miseri
304 1329 494 1397 potuerunt
523 1318 679 1379 adduci?
736 1319 808 1380 Sed
838 1320 1006 1381 mittimus
1038 1319 1107 1380 Dei
1138 1319 1317 1396 iniuriam,
1349 1340 1440 1400 quae

164 1444 360 1504 quanquam
384 1426 555 1488 malorum
588 1425 743 1486 omnium
775 1426 945 1504 maxima,
977 1434 1095 1488 tamen
1128 1426 1223 1506 apud
1254 1436 1441 1488 occecatos

164 1530 294 1592 animos
318 1532 433 1592 locum
466 1551 559 1592 nunc
592 1552 664 1592 non
696 1533 816 1593 habet.
874 1531 928 1594 De
959 1531 1178 1612 principibus
1209 1531 1295 1613 ipsis
1330 1543 1364 1594 et
1396 1534 1440 1594 de

164 1637 353 1698 Nobilitate
378 1635 607 1716 Germaniae,
640 1659 684 1699 ex
714 1638 768 1699 his
802 1639 1032 1700 ecclesiarum
1062 1639 1170 1700 ruinis
1195 1651 1362 1718 quantum
1388 1649 1442 1701 est

163 1746 376 1806 detractum!
434 1745 519 1806 Illos
557 1745 650 1806 enim
686 1748 874 1825 pascebat,
912 1745 994 1807 illos
1034 1746 1249 1808 honestabat
1279 1747 1441 1826 ecclesia,

163 1851 243 1912 illud
277 1865 354 1912 erat
384 1861 585 1932 promptum
619 1853 814 1913 domestica
845 1852 1054 1914 difficultate
1086 1852 1331 1914 laborantibus
1364 1872 1439 1932 per·

163 1958 310 2038 sugium,
336 1978 406 2038 quo
436 1959 577 2020 sublato
609 1969 715 2038 atque
745 1970 889 2039 erepto,
922 1959 1053 2020 frustra
1086 1960 1119 2020 in
1154 1959 1316 2020 omnibus
1349 1979 1440 2039 quae

164 2065 325 2126 evenient
360 2067 509 2144 posthac
535 2065 806 2148 tempestatibus
840 2075 981 2146 portum
1013 2085 1098 2127 suae
1130 2065 1257 2145 quietis
1290 2075 1325 2127 et
1349 2074 1438 2127 tran·

164 2171 341 2251 quillitatis
365 2183 446 2233 sunt
470 2172 722 2244 desideraturi;
761 2173 844 2252 quid
870 2175 963 2252 quod
989 2174 1128 2234 sublata
1153 2171 1362 2234 auctoritate
1387 2192 1439 2234 ec-

165 2279 265 2340 clesie
289 2281 422 2340 nullum
448 2290 501 2340 est
525 2279 617 2340 inter
642 2279 825 2360 Principes
849 2281 1073 2361 populosque
1107 2280 1205 2360 pacis
1237 2291 1271 2341 et
1297 2300 1438 2342 concor-

164 2386 239 2448 diae
260 2385 529 2464 firmamentum,
556 2408 634 2447 cum
657 2399 824 2466 tanquam
848 2388 1003 2449 anchora
1027 2387 1201 2448 tutissima
1218 2386 1441 2468 Principibus

164 2513 297 2574 semper
323 2491 428 2554 luerit
453 2493 609 2575 dignitas
634 2492 884 2574 ecclesiastica,
911 2513 1001 2572 quae
1018 2493 1245 2556 Dominatum
1265 2493 1441 2556 stabiliret

164 2598 306 2677 illorum,
333 2614 367 2660 et
392 2600 426 2660 in
451 2601 685 2681 popularibus
708 2599 872 2661 fluctibus
905 2620 984 2662 eum
1016 2601 1151 2662 salvum
1184 2599 1338 2680 sisteret,
1371 2621 1440 2681 quo

164 2719 375 2769 armamento
401 2707 560 2788 dirupto,
597 2707 664 2768 iam
690 2706 936 2788 experimento
961 2717 1110 2788 possunt
1138 2707 1293 2782 discere,
1326 2728 1363 2770 se
1395 2709 1440 2768 ad

165 2835 278 2876 omnes
302 2815 454 2895 impetus
477 2813 665 2877 furentium
683 2817 895 2897 populorum
913 2817 1007 2877 solos
1031 2812 1108 2875 fore
1134 2812 1325 2895 expositos.
1373 2812 1440 2894 Qui

165 2943 235 2983 cum
259 2942 280 2984 a
304 2921 408 2984 nobis
432 2931 531 2984 tanto
556 2931 638 2983 ante
662 2925 909 2999 monebantur,
937 2932 972 2981 ut
988 2923 1080 2982 hunc
1105 2929 1273 2982 caverent
1296 2920 1439 2999 exitum,

164 3050 247 3092 neve
271 3027 485 3091 lutheranis
509 3028 727 3091 novitatibus
761 3028 1053 3106 obsecundand0,
1083 3038 1216 3089 tantam
1246 3026 1440 3107 perniciem

165 3152 196 3195 et
219 3149 354 3216 pestem
379 3138 532 3214 alerent,
566 3156 671 3216 quam
695 3136 730 3197 in
755 3136 910 3216 ipsorum
937 3136 1049 3214 primo
1074 3146 1180 3215 caput
1205 3134 1439 3195 denunciaba-

165 3262 233 3302 mus
264 3257 488 3324 erupturam,
526 3242 654 3322 partim
689 3253 901 3323 spreverunt
934 3240 1101 3302 salutaria
1132 3240 1439 3319 consilianostra,

164 3349 283 3426 partim
309 3370 378 3410 non
405 3350 650 3426 crediderunt,
683 3348 844 3429 exceptis
876 3347 1123 3429 paucissimus,
1161 3347 1220 3427 qui
1253 3358 1287 3409 et
1310 3346 1439 3409 virtute

164 3466 196 3515 et
217 3456 405 3535 prudentia
429 3455 570 3535 prediti,
596 3456 770 3516 obsistere
795 3455 912 3516 conati
937 3466 1028 3533 sunt,
1056 3466 1115 3516 tua
1133 3454 1236 3515 Nob²⁰
1265 3454 1438 3535 inprimis

164 3575 299 3623 auctore
325 3572 361 3623 et
385 3562 501 3641 Duce,
527 3562 581 3624 cui
606 3583 671 3643 pro
696 3564 762 3623 hoc
787 3562 1049 3642 preclarissimo
1066 3562 1192 3638 anim0,
1218 3560 1334 3624 omnia
1359 3582 1437 3642 pro-

164 3666 251 3728 fecto
275 3670 408 3730 debere
435 3690 498 3730 nos
521 3668 738 3749 profitemur.
786 3668 866 3729 Tibi
890 3668 1009 3748 igitur,
1035 3669 1062 3729 T
1066 3668 1113 3729 ibi
1140 3678 1174 3730 et
1189 3669 1231 3730 iis
1247 3669 1305 3749 qui
1322 3680 1436 3731 tecum

165 3776 280 3837 eadem
305 3775 478 3857 religione
502 3796 544 3836 ac
568 3775 701 3856 pietate
725 3796 813 3856 erga
837 3795 1005 3837 summum
1029 3778 1141 3837 Deum
1167 3776 1212 3837 ad
1237 3796 1437 3838 succurren-

165 3882 239 3943 dum
262 3883 425 3964 pereunti
450 3883 588 3963 patriae
625 3902 709 3943 suae
745 3881 880 3943 incensi
916 3892 1012 3957 sunt,
1049 3904 1091 3944 ea
1126 3904 1216 3962 quae
1251 3904 1437 3964 possumus

165 3986 307 4049 libenter
325 3989 543 4069 impertimus
567 3989 712 4066 auxilia,
737 3989 886 4069 amplius
909 3988 1012 4050 etiam
1031 3988 1232 4069 cupientes;
1250 3990 1312 4049 sed
1328 3988 1435 4049 facul-

164 4104 247 4156 tates
270 4097 379 4157 amori
404 4117 509 4176 pares
534 4116 604 4157 non
629 4106 719 4157 sunt.
768 4096 841 4157 Nec
867 4096 1075 4157 desistemus
1100 4096 1188 4157 inire
1205 4095 1338 4176 aliquid
1354 4116 1434 4157 con·

164 4201 223 4263 silli
248 4224 331 4284 quo,
363 4204 392 4263 si
424 4212 463 4264 tu
488 4213 523 4264 et
546 4202 671 4282 reliqui
698 4203 883 4283 l’rincipes
908 4202 1120 4264 Germaniae
1145 4212 1298 4264 vestram
1323 4202 1433 4283 digni·

164 4318 263 4371 tatem
289 4322 324 4371 et
347 4310 383 4371 in
408 4309 567 4371 ecclesiis
599 4308 827 4371 restituendis
858 4308 968 4371 divini
999 4308 1149 4371 nominis
1182 4311 1352 4371 honorem
1388 4311 1434 4370 ab

165 4417 250 4477 omni
273 4420 354 4479 labe
379 4427 485 4497 atque
510 4416 637 4477 iniuria
661 4416 940 4496 vindicaveritis
965 4414 1165 4496 impiaeque
1190 4415 1374 4495 novitatis,
1399 4426 1435 4476 et

164 4517 302 4583 inauditi
335 4522 423 4584 alias
457 4524 602 4585 sceleris
633 4523 835 4584 incendium
867 4522 1118 4600 restinxeritiS,
1150 4522 1301 4602 gratiam
1332 4523 1433 4583 vobis

164 4626 306 4709 aliquam
332 4628 466 4691 referat
491 4629 665 4709 Ecclesia,
690 4649 907 4709 onerumque
931 4640 1130 4691 vestrorum
1163 4638 1198 4690 et
1222 4638 1432 4709 sumptuum,

163 4752 245 4812 quae
267 4746 461 4817 propterea
483 4736 670 4815 subieritis,
696 4747 834 4817 partem
857 4756 927 4797 non
950 4735 1164 4798 mediocrem
1189 4735 1349 4808 sufferat;
1366 4736 1432 4797 etsi

165 4846 197 4901 te
228 4856 424 4905 currentem
448 4857 576 4925 sponte
600 4854 662 4905 tua
697 4844 823 4905 scimus
857 4864 923 4905 nos
955 4842 1120 4915 incitare;
1146 4842 1231 4923 quid
1256 4844 1347 4905 enim
1372 4855 1432 4907 tua
