3425 5700
826 571 1073 627 (111112615-ο

308 716 532 797 praeclarum
555 715 694 779 facinus
716 726 873 781 vestrum
908 717 945 780 in
969 719 1070 781 coelo
1093 717 1209 800 ipsum
1232 717 1301 782 iarn
1326 718 1455 782 emicat
1484 729 1583 801 atque

311 842 332 884 a
356 822 435 887 Deo
460 832 496 885 et
519 823 671 906 Angelis
694 826 890 907 laudatum,
915 836 1033 889 tamen
1057 834 1181 889 nostra
1204 845 1345 909 quoque
1369 827 1580 889 commenda-

310 928 406 993 tione
429 929 583 994 libenter
606 932 854 1014 prosequimur
879 942 913 996 et
938 932 1084 1014 dignum
1108 932 1203 996 omni
1236 933 1342 996 laude
1372 952 1413 995 ac
1437 934 1582 996 benevo-

310 1037 419 1101 lentia
442 1037 565 1101 intima
588 1048 709 1121 nostra
722 1038 926 1120 iudicamus,
942 1041 1128 1103 hortantes
1140 1059 1207 1102 vos
1222 1058 1288 1121 per
1304 1040 1456 1103 eundem
1471 1040 1581 1119 Jesum

312 1144 371 1227 qui
396 1155 548 1209 mentem
572 1156 730 1209 sanctam
755 1146 858 1210 vobis
874 1146 991 1210 intulit
1006 1148 1052 1210 ad
1068 1147 1240 1228 reliquam
1256 1146 1406 1229 gloriam
1430 1150 1581 1210 salutem-

313 1272 380 1335 que
405 1254 691 1334 comparandam,
716 1262 754 1315 ut
766 1253 953 1335 Templum
976 1254 1046 1317 Dei
1069 1256 1165 1335 quod
1188 1253 1223 1316 in
1248 1254 1353 1317 vobis
1376 1262 1441 1337 est,
1464 1254 1500 1317 in
1522 1254 1581 1316 sin·

312 1359 459 1422 ceritate
500 1360 575 1422 eius
612 1359 696 1423 fidei
738 1380 843 1441 quam
878 1381 900 1423 a
934 1359 1097 1443 patribus
1133 1360 1338 1443 accepistis,
1374 1360 1582 1424 custodiatis.

311 1464 402 1528 Nam
426 1486 496 1530 non
521 1469 630 1549 longe
654 1466 810 1530 futurum
834 1466 1043 1531 confidimus
1066 1466 1135 1531 Dei
1165 1466 1408 1531 misericordia
1440 1466 1582 1529 interve-

312 1572 452 1653 niente,
476 1583 550 1638 tum
574 1583 696 1637 nostra
724 1594 865 1656 quoque
890 1584 927 1637 et
950 1574 1127 1638 Caesarae
1149 1573 1348 1637 Maiestatis
1372 1574 1585 1655 aliorumque

312 1680 591 1744 orthodoxorum
615 1680 815 1764 principum
839 1702 951 1764 opera
973 1681 1187 1763 accedente,
1210 1677 1295 1762 quin
1320 1682 1415 1745 laeta
1438 1680 1512 1743 istis
1541 1684 1585 1743 ab

312 1787 452 1851 haeresi
476 1785 642 1851 fluctibus
665 1788 882 1869 restituatur,
907 1808 1057 1870 eumque
1072 1787 1179 1851 finem
1191 1789 1316 1851 horum
1331 1790 1585 1851 haereticorum

312 1894 496 1958 videamus
521 1892 622 1977 quem
648 1896 799 1959 maiores
823 1895 935 1959 nostri
958 1895 1106 1959 aliorum
1130 1894 1307 1958 viderunt.
1355 1894 1395 1957 In
1428 1914 1497 1976 quo
1526 1915 1587 1957 nos

312 2022 389 2065 cum
419 2002 515 2064 omni
547 2023 632 2064 cura
667 2002 902 2066 incumbimus
933 2012 969 2066 et
1001 2002 1120 2066 divina
1154 2022 1223 2085 ope
1253 2001 1367 2064 iuvari
1397 2021 1586 2086 speramus.

313 2108 444 2171 Datum
468 2108 609 2173 Romae
633 2119 699 2173 etc.
725 2110 782 2172 die
807 2109 904 2173 VIII.
929 2108 1066 2191 Aprilis
1095 2130 1188 2189 1524.
1235 2110 1343 2173 Anno
1367 2108 1492 2192 primo,

851 2306 1058 2319 ‘mmm

921 2481 994 2549 148.

703 2588 863 2670 0111111111
888 2589 968 2670 VII.
996 2588 1195 2692 canpegio.

442 2716 535 2788 (01111.
554 2718 615 2777 Vn.
633 2717 736 2777 Brevia
754 2718 791 2777 11
809 2718 951 2792 trinepos
969 2718 1390 2794 111111111111111111111111
1409 2720 1461 2793 11.)

811 2828 867 2898 (14.
885 2830 989 2896 Aprilis
1010 2827 1098 2899 1524.)

404 2953 508 3035 Quod
524 2954 648 3017 scribit
663 2955 710 3017 ad
728 2975 793 3019 nos
809 2955 884 3019 cir¹⁰
910 2965 971 3018 tua
995 2975 1073 3019 esse
1097 2974 1143 3018 111
1167 2975 1313 3018 numero
1337 2953 1477 3017 illorum
1502 2955 1589 3037 prin-

315 3061 432 3143 cipum
456 3081 604 3143 quorum
620 3070 655 3124 et
670 3061 836 3126 nobilitas
861 3073 897 3126 11
920 3062 1032 3125 virtus
1047 3061 1167 3144 magni
1192 3082 1214 3124 a
1230 3061 1332 3124 nobis
1348 3061 1516 3124 facienda
1530 3071 1591 3141 est,

315 3168 375 3250 qui
392 3178 517 3250 optent
534 3168 619 3231 cleri
632 3167 846 3232 Germaniae
861 3169 1159 3251 reformationem,
1184 3169 1330 3231 multum
1346 3187 1412 3249 per
1427 3187 1506 3231 eam
1520 3189 1592 3231 rem

315 3275 361 3337 ad
382 3276 559 3338 tollendas
583 3274 777 3339 seditiones
799 3285 834 3339 11
858 3278 1027 3340 tumultus
1048 3274 1351 3338 schismaticorum
1371 3274 1591 3356 profuturam

317 3383 544 3461 arbitrentur,
568 3381 604 3444 id
621 3381 724 3446 nobis
740 3382 942 3465 intelligere
955 3383 1023 3446 fuit
1038 3381 1335 3445 iucundissimum.
1383 3381 1478 3463 Quid
1503 3381 1593 3445 enim

315 3489 412 3554 aliud
435 3510 511 3571 nos,
534 3499 768 3572 posteaquam
801 3490 847 3552 ad
878 3492 947 3553 hoc
971 3491 1151 3573 pastorale
1175 3488 1330 3552 officium
1354 3487 1477 3551 divina
1499 3486 1593 3552 boni·

315 3607 388 3661 tate
419 3597 537 3660 vocati
560 3596 703 3679 fuimuS,
737 3605 798 3660 aut
828 3597 1064 3680 cogitavimus
1095 3604 1157 3659 aut
1187 3596 1387 3678 optavimus
1423 3616 1528 3678 quam
1559 3594 1593 3657 in

314 3704 476 3767 Ecclesia
499 3704 568 3767 Dei
592 3703 773 3787 corrigere
797 3724 889 3785 quae
914 3705 1110 3786 depravata
1138 3712 1219 3766 sunt
1250 3712 1285 3765 et
1315 3703 1411 3765 illam
1443 3701 1481 3765 in
1510 3700 1595 3765 anti-

317 3831 422 3894 quum
454 3811 681 3894 splendorem
713 3831 825 3893 purae
858 3819 894 3874 et
926 3831 1034 3874 verae
1063 3809 1246 3892 religionis
1276 3829 1465 3890 revocare,
1498 3808 1595 3874 cuius

315 3918 428 3982 nostri
453 3918 621 3981 desiderii
644 3919 760 3981 Deum
784 3927 911 3981 testem
936 3920 1107 3981 habemus
1136 3926 1172 3981 et
1204 3916 1308 3980 cir²¹⁰¹¹¹
1338 3915 1444 3979 etiam
1478 3917 1596 3980 tuam?

316 4026 389 4090 Sed
414 4025 601 4108 quominus
625 4025 743 4088 statim
767 4028 813 4088 ab
836 4025 938 4088 initio
962 4026 998 4089 in
1022 4027 1113 4088 hanc
1137 4045 1212 4087 rem
1236 4032 1272 4087 et
1296 4043 1385 4106 opus
1415 4023 1595 4087 incumbe-

316 4154 434 4197 remus
470 4133 561 4196 aliae
597 4132 781 4214 graviores
814 4141 850 4195 et
879 4133 1107 4196 instantiores
1143 4151 1249 4195 curae
1276 4130 1421 4194 fuerunt
1451 4131 1596 4214 impedi-

315 4250 434 4305 mento
446 4289 455 4320 ,
487 4260 566 4304 cum
597 4239 690 4304 enim
721 4241 766 4302 ad
798 4241 958 4304 sedanda
982 4240 1211 4304 acerbissima
1234 4241 1330 4302 bella
1353 4237 1486 4319 quibus
1509 4237 1596 4302 chri·

315 4348 450 4412 stianus
475 4347 572 4410 orbis
594 4345 724 4428 flagrat
747 4347 942 4428 universus,
966 4368 1045 4411 cum
1069 4349 1116 4410 ad
1139 4345 1351 4410 imminentis
1374 4355 1411 4407 et
1434 4344 1599 4428 urgentis

315 4455 523 4519 ferocissimi
537 4454 674 4517 Turcae
690 4453 842 4536 impetus
858 4452 1056 4537 evitandos,
1073 4475 1151 4517 cum
1166 4455 1212 4516 ad
1227 4472 1316 4533 earn,
1332 4471 1423 4534 quae
1439 4452 1548 4516 nobis
1563 4459 1598 4514 et

316 4563 350 4625 in
368 4583 488 4625 amore
507 4570 544 4624 et
559 4561 594 4624 in
612 4560 779 4642 opinione
794 4560 935 4624 virtutis
950 4560 1144 4643 potissima,
1167 4559 1203 4623 in
1216 4557 1443 4623 Germaniam
1460 4560 1597 4623 domes·

315 4669 394 4732 ticis
432 4667 532 4732 malis
563 4667 784 4731 liberandam
816 4668 935 4732 omnia
968 4667 1085 4731 studia
1121 4675 1157 4730 et
1192 4666 1340 4730 consilia
1377 4675 1505 4729 nostra
1537 4665 1597 4728 vix

316 4775 507 4840 suffectura
531 4795 772 4854 cerneremuS,
806 4794 878 4838 non
903 4773 1067 4837 duximus
1090 4775 1136 4836 ad
1160 4783 1338 4836 tantarum
1361 4791 1482 4836 rerum
1507 4793 1598 4837 onus

314 4886 405 4947 hunc
430 4883 535 4948 etiarn
559 4884 717 4947 laborem
741 4880 1002 4945 reformationis
1026 4881 1142 4945 subito
1159 4879 1362 4943 addendum
1376 4898 1469 4961 esse,
1494 4901 1595 4964 prae·
1673 4904 1674 4915 ¹
