3425 5700
834 526 1081 588 *deutha

317 676 400 741 fiate
437 689 611 742 monstrar
645 681 711 742 che
746 680 795 744 lui
830 680 990 756 horamai
1021 700 1091 742 non
1121 677 1152 741 ci
1176 677 1273 742 fusse
1296 678 1406 740 molto
1430 675 1589 759 propitio,

318 788 384 848 che
416 797 583 868 questoro
617 788 760 850 tandem
784 789 932 850 venerdl
958 795 1102 869 passato
1127 804 1284 848 venneto
1307 785 1343 848 in
1367 794 1495 866 questa
1518 803 1589 845 con·
1683 800 1684 803 ’

317 892 453 956 clusion
478 893 633 957 unanimi
658 896 812 958 omnium
837 915 1013 959 consensu
1037 893 1142 957 cheli
1158 891 1312 976 principi
1335 891 1396 973 poi
1420 893 1487 954 che
1509 891 1588 953 frus·

317 1010 372 1063 tra
395 1003 557 1066 haveano
582 1012 719 1066 tentato
744 1005 809 1067 che
832 1002 964 1066 Caesar
987 1022 1151 1066 cercasse
1174 999 1311 1064 trattati
1334 1002 1381 1064 de
1404 1018 1589 1062 conservat

316 1110 351 1171 la
374 1129 463 1190 pace
489 1131 566 1173 curn
591 1112 624 1174 el
648 1131 687 1174 re
712 1110 1010 1175 Christianissirno
1040 1110 1099 1192 (do
1129 1109 1190 1191 poi
1221 1110 1255 1172 le
1278 1109 1405 1171 lettere
1430 1106 1551 1169 scritte
1571 1126 1588 1167 a

316 1217 350 1280 lo
376 1215 539 1303 imperio)
563 1218 651 1280 detti
681 1218 834 1300 principi
864 1221 910 1281 da
933 1239 972 1282 se
996 1216 1100 1281 stessi
1123 1218 1242 1279 hanno
1267 1215 1357 1278 fatto
1382 1213 1434 1277 sui
1458 1214 1588 1276 ambas-

317 1324 439 1387 ciatori
471 1325 491 1388 l'
507 1324 637 1389 official
662 1327 706 1389 de
731 1326 880 1390 Treveri
904 1335 941 1388 et
964 1324 1150 1389 darannoli
1174 1323 1233 1387 doi
1258 1322 1362 1386 Conti
1395 1322 1431 1384 in
1455 1339 1588 1402 compa·

316 1432 417 1514 gnia‚
456 1454 532 1496 curn
558 1435 684 1498 lettere
709 1435 743 1497 al
766 1453 804 1497 re
830 1432 1147 1514 Christianissirn0‚
1186 1429 1396 1495 suadendoli
1420 1448 1486 1510 per
1509 1425 1589 1509 ogni

315 1542 410 1603 bona
441 1541 498 1602 via
528 1561 549 1603 a
579 1561 648 1604 non
679 1542 779 1604 voler
812 1561 935 1604 cercar
966 1560 1097 1622 guerra
1124 1548 1160 1602 et
1193 1557 1304 1602 ancor
1336 1538 1402 1599 che
1435 1534 1472 1598 in
1497 1535 1588 1596 dette

316 1647 442 1711 lettere
467 1667 536 1710 non
560 1647 713 1712 scrivino
740 1649 842 1728 altro,
865 1649 1058 1711 tuttavolta
1081 1650 1201 1710 hanno
1224 1644 1394 1707 concluso
1417 1643 1478 1724 qui
1502 1641 1590 1704 intra

315 1755 391 1817 loro
416 1756 557 1818 omnino
582 1757 683 1818 voler
705 1758 907 1819 accelerare
931 1757 964 1818 el
989 1754 1147 1818 subsidio
1176 1753 1261 1816 delli
1285 1751 1366 1814 XX
1394 1749 1478 1813 mila
1504 1746 1589 1810 fanti

315 1871 351 1925 et
367 1862 418 1924 IV
434 1862 518 1924 mila
540 1864 669 1926 cavalli
692 1883 758 1946 per
781 1862 887 1946 piliar
910 1865 945 1926 la
959 1883 1092 1926 corona
1116 1862 1217 1924 dario
1233 1860 1268 1922 al
1284 1859 1385 1921 voler
1400 1858 1446 1919 de
1462 1856 1590 1920 Caesar

314 1978 439 2032 contra
462 1969 486 2032 li
504 1970 673 2034 Francesi
696 1978 732 2032 et
756 1970 841 2054 ogni
866 1972 957 2033 altro
981 1971 1061 2033 chel
1084 1970 1266 2032 volessero
1283 1963 1492 2048 oltraggiar,
1517 1983 1589 2046 spe-

314 2075 488 2139 cificando
522 2078 627 2140 etiam
662 2088 787 2142 contra
811 2076 997 2141 Svitenses
1027 2077 1125 2159 ipsos
1157 2085 1193 2139 et
1223 2076 1320 2138 nullo
1352 2083 1459 2155 pacto
1494 2072 1590 2135 voler

314 2185 523 2248 abandonar
548 2187 579 2248 el
605 2207 668 2248 suo
692 2185 918 2268 imperatore.
965 2185 1101 2265 Questa
1131 2181 1335 2246 conclusion
1360 2200 1481 2264 presa,
1507 2179 1590 2243 Cae·

313 2310 371 2352 sar
395 2291 591 2355 vedendosi
613 2293 689 2355 voti
713 2301 915 2375 compotem
938 2292 1017 2355 fece
1040 2293 1077 2354 la
1099 2300 1222 2355 nostra
1238 2286 1468 2370 expeditione
1491 2295 1591 2349 tanto

313 2399 559 2461 dextramente
588 2409 720 2482 quanto
745 2399 952 2480 volentieri‚
986 2408 1171 2481 utrumque
1205 2415 1292 2459 vero
1323 2414 1388 2478 per
1416 2402 1509 2456 tutta
1533 2413 1591 2454 ex-

313 2505 477 2568 cellentia
502 2515 538 2569 et
562 2515 652 2568 tutto
677 2506 713 2569 fe
736 2507 783 2568 da
806 2527 845 2569 se
869 2508 945 2569 solo
970 2507 1037 2569 che
1061 2505 1080 2568 ἐ
1105 2525 1189 2568 cosa
1213 2503 1250 2565 di
1274 2500 1494 2584 maraviglia.
1537 2500 1592 2562 De

312 2615 345 2676 le
370 2633 503 2676 summe
527 2612 618 2675 virtu
643 2614 689 2676 de
713 2621 838 2694 questo
868 2617 940 2676 cosi
971 2611 1130 2694 glorioso
1160 2611 1315 2693 giovene
1345 2607 1528 2690 principe,
1560 2606 1594 2668 el

312 2723 475 2801 qualine
499 2740 565 2802 par
588 2721 654 2784 che
678 2721 747 2783 mai
771 2721 874 2800 falla,
903 2741 943 2783 se
967 2740 1037 2783 non
1063 2719 1205 2801 quando
1230 2738 1268 2780 se
1291 2719 1387 2780 lassa
1410 2717 1594 2796 gubernat

311 2830 357 2891 ad
382 2828 473 2907 altri,
498 2847 518 2890 o
544 2829 609 2892 che
633 2829 667 2891 lo
688 2827 785 2891 habii
801 2848 867 2910 per
882 2825 1093 2910 inspiration
1109 2825 1231 2889 divina
1247 2845 1268 2888 o
1284 2844 1355 2887 non
1370 2822 1444 2887 scio
1461 2822 1594 2885 donde.

312 2935 418 2999 Certo
446 2936 481 2998 in
516 2946 641 3018 questa
670 2957 754 3000 cosa
777 2938 964 3000 lutherana
987 2954 1097 2997 ancor
1120 2935 1187 2997 che
1211 2932 1242 2995 si
1264 2930 1362 2995 habii
1386 2932 1522 2993 havuto
1546 2927 1594 2990 in-

311 3043 400 3107 finiti
425 3042 559 3107 fastidii
584 3053 619 3107 et
643 3043 702 3125 qui
727 3054 762 3107 et
786 3047 895 3123 costi,
920 3053 1012 3105 tutta
1035 3043 1134 3104 volta
1157 3042 1190 3103 el
1208 3040 1313 3102 modo
1328 3040 1394 3102 che
1411 3037 1433 3100 l'
1446 3039 1494 3099 ha
1512 3056 1596 3099 con·

311 3153 412 3213 dotta
427 3150 538 3213 Cesar
555 3150 574 3212 ὲ
590 3152 703 3213 sciuta
720 3152 829 3213 molto
847 3152 957 3213 molto
974 3148 1079 3213 melio
1095 3168 1161 3231 per
1174 3146 1234 3211 voi
1249 3167 1288 3210 se
1296 3144 1415 3209 statim
1422 3142 1597 3227 alprinci-

312 3257 371 3339 pio
405 3259 450 3320 de
482 3260 517 3321 la
549 3256 645 3320 dieta
675 3258 862 3321 l'havesse
886 3256 1058 3339 expedito
1083 3255 1108 3318 li
1131 3252 1299 3317 mandati.
1347 3254 1403 3316 De
1427 3250 1598 3314 omnibus

313 3365 475 3428 laudetur
499 3366 597 3427 Deus
621 3374 657 3427 et
680 3365 889 3447 mantenghi
913 3372 1039 3446 questo
1064 3366 1159 3425 bono
1183 3361 1301 3424 animo
1324 3362 1370 3423 de
1387 3359 1497 3423 Cesar
1522 3359 1598 3422 alla

310 3472 532 3554 protectione
557 3473 601 3534 de
626 3470 761 3535 Sancta
785 3471 924 3536 Chiesa.

400 3616 482 3679 Una
513 3634 597 3677 cosa
627 3617 704 3677 sola
732 3634 788 3676 me
812 3614 891 3676 dice
923 3616 956 3675 el
980 3612 1174 3675 Confessor
1196 3620 1340 3673 trovare
1364 3629 1434 3671 non
1458 3618 1600 3690 troppo

310 3725 404 3785 bona
428 3723 463 3785 in
487 3721 545 3802 lui,
571 3723 637 3784 che
661 3722 683 3783 'l
707 3730 800 3783 teme
816 3722 882 3783 che
899 3740 969 3783 non
991 3720 1096 3783 facile
1122 3717 1353 3782 obliviscatur
1373 3714 1600 3796 iniuriarum,

310 3838 436 3909 questo
466 3828 515 3891 lui
548 3830 594 3891 ha
624 3848 689 3910 per
719 3828 779 3909 piu
812 3826 1004 3890 intrinseca
1027 3825 1180 3909 prattica
1204 3823 1241 3887 di
1264 3845 1329 3888 sua
1352 3822 1600 3893 conscientia:

310 3935 394 3999 mihi
418 3956 504 3997 vero
528 3935 634 3999 facile
657 3933 698 3997 fit
721 3934 910 3997 verisimile
943 3952 1009 4017 per
1033 3954 1132 3997 esser
1154 3935 1259 3996 homo
1283 3934 1392 3996 molto
1416 3950 1538 4014 grave
1564 3940 1603 3994 et

309 4041 400 4123 fixo,
436 4042 549 4125 perhd
580 4042 803 4106 considerino
829 4044 899 4105 ben
924 4042 1040 4123 questi
1062 4040 1216 4123 principi
1241 4043 1308 4103 che
1332 4040 1354 4101 'l
1377 4041 1601 4102 molestano.

400 4184 558 4248 Chevres
590 4184 650 4267 gia
682 4184 733 4249 sei
765 4206 786 4249 o
821 4194 912 4248 sette
936 4182 972 4247 dl
996 4184 1017 4248 e
1040 4194 1133 4248 stato
1158 4185 1411 4248 abbandonato
1436 4182 1500 4245 dai
1528 4204 1604 4247 me·

264 4318 268 4329 ·
309 4289 378 4354 dici
403 4301 439 4354 et
462 4312 528 4373 par
552 4293 617 4354 che
641 4290 676 4353 in
702 4299 827 4373 questa
852 4300 950 4355 corte
974 4311 1046 4354 non
1075 4290 1105 4354 si
1129 4290 1220 4373 parli
1244 4290 1304 4373 piri
1328 4291 1363 4353 al
1387 4290 1527 4354 mondo
1555 4292 1605 4354 de

309 4398 368 4481 lui,
393 4400 459 4461 che
483 4398 512 4461 si
537 4396 605 4460 mai
630 4417 699 4460 non
724 4396 819 4461 fusse
848 4408 959 4473 stato;
991 4398 1036 4461 ne
1064 4397 1095 4461 si
1124 4419 1237 4481 pensa
1260 4400 1387 4461 alcuno
1411 4396 1447 4459 di
1472 4396 1529 4460 lui
1558 4400 1605 4461 nd

309 4506 449 4589 parenti
483 4505 525 4568 nd
551 4506 780 4569 benvolienti.
829 4506 860 4571 O
886 4506 955 4570 Dio
979 4509 1046 4570 che
1070 4506 1279 4579 mutatione;
1312 4526 1333 4568 o
1365 4504 1422 4568 chi
1454 4502 1487 4566 si
1525 4505 1607 4570 fida

309 4612 368 4695 pil
393 4612 429 4675 in
454 4622 580 4694 questo
604 4615 760 4676 mondo?
806 4612 852 4677 Et
876 4635 944 4697 pur
968 4635 1076 4679 ancor
1090 4614 1203 4696 hoggi
1218 4613 1248 4678 si
1262 4613 1342 4677 dice
1358 4615 1424 4675 che
1448 4614 1501 4675 ha
1527 4616 1607 4677 ben

310 4721 461 4783 dormito
488 4729 523 4783 et
547 4721 673 4783 sudato
699 4720 809 4804 assai,
843 4721 868 4784 il
897 4722 963 4785 che
987 4721 1116 4785 dicono
1140 4722 1205 4784 dar
1228 4724 1348 4784 buona
1371 4740 1562 4802 speranza
1587 4744 1609 4787 e

310 4830 344 4891 el
367 4847 431 4891 suo
457 4826 554 4897 XXI
578 4826 722 4919 giorum
747 4848 819 4891 non
843 4828 917 4894 scio
942 4829 1061 4916 quello
1085 4827 1164 4897 sara
1189 4848 1210 4895 o
1234 4826 1276 4892 sii
1300 4830 1334 4891 al
1357 4837 1552 4915 presente.
