3425 5700
785 561 1092 689 ,fflfflffl

328 713 431 775 simul
456 735 497 775 ac
522 712 627 775 divae
645 712 837 775 memoriae
852 709 1120 794 precessoribus
1136 707 1207 772 suis
1232 715 1447 788 conquestus
1470 705 1546 784 sim,
1571 713 1609 765 ut

329 821 503 883 tediosum
523 828 644 902 putem
661 820 803 882 easdem
820 819 984 898 querelas
1000 817 1140 896 iterare,
1158 815 1256 898 cogit
1271 823 1388 878 tamen
1404 834 1460 878 me
1475 833 1609 876 summa

330 926 535 1007 necessitas,
565 926 662 1008 cogit
686 936 721 987 et
745 925 859 987 iustae
884 924 1110 987 obedientiae
1135 923 1303 1002 debitum,
1328 940 1398 1002 quo
1423 919 1611 984 Sanctitati

330 1034 481 1097 Vestrae
505 1037 632 1096 lubens
657 1034 853 1113 volensque
878 1032 1041 1094 addictus
1065 1051 1159 1110 sum,
1182 1029 1309 1093 iterum
1335 1028 1449 1092 eidem
1474 1025 1608 1090 Sancti·

329 1142 394 1203 tati
418 1141 571 1202 Vestrae
596 1140 772 1221 quomodo
802 1159 858 1200 res
891 1137 973 1199 fidei
1010 1147 1045 1200 et
1077 1136 1273 1220 relligionis
1303 1157 1348 1198 ex
1372 1134 1609 1218 perditissimo

331 1247 602 1310 Lutheranismo
633 1247 669 1307 in
701 1245 835 1308 diocesi
857 1265 936 1307 mea
964 1246 1111 1324 habeat,
1135 1244 1305 1306 brevibus
1330 1262 1506 1306 enarrare.
1543 1240 1608 1302 Ne-

331 1355 440 1417 fanda
464 1354 573 1435 igitur
596 1354 658 1415 illa
681 1363 780 1415 secta
803 1352 1086 1413 Lutheranorum
1120 1371 1165 1413 ex
1196 1351 1326 1413 vicinio
1359 1349 1516 1429 Misnae,
1550 1347 1609 1410 ubi

331 1463 398 1524 hoc
434 1471 628 1523 monstrum
665 1458 941 1539 Wittenbergae
976 1457 1127 1539 primum
1160 1457 1334 1538 originem
1371 1455 1483 1537 cepit,
1518 1457 1608 1516 hanc
1705 1495 1706 1500 κ

331 1567 499 1630 diocesim
531 1587 645 1629 meam
677 1565 727 1628 ita
757 1563 904 1641 invasit,
941 1574 980 1626 ut
1013 1566 1108 1645 quod
1139 1565 1242 1627 isthic
1274 1562 1400 1626 litteris
1433 1561 1610 1644 proditum

334 1685 397 1753 est,
421 1675 478 1736 hic
502 1673 660 1736 moribus
684 1671 828 1752 vitaque
852 1671 1039 1734 referatur.
1085 1670 1176 1732 Nam
1200 1671 1431 1733 instituuntur
1455 1681 1491 1731 et
1506 1667 1608 1730 desti·

331 1790 476 1844 tuuntur
499 1780 632 1862 passim
654 1799 721 1861 pro
745 1779 915 1860 cuiusque
940 1777 1040 1841 libito
1066 1777 1297 1858 ceremoniae,
1322 1777 1429 1855 ritus,
1463 1785 1499 1836 et
1522 1773 1609 1836 ordi·
1705 1775 1706 1838 ]

331 1889 492 1952 nationes
507 1887 698 1966 Ecclesiae,
724 1886 844 1948 divina
861 1887 988 1950 missae
1012 1884 1132 1947 officia
1155 1885 1224 1948 alio
1249 1893 1356 1965 atque
1381 1883 1450 1946 alio
1476 1901 1611 1944 canone

333 2017 425 2059 nunc
456 2005 639 2074 tenentur,
678 2014 771 2056 nunc
802 2001 926 2056 contra
956 1991 1098 2055 omnino
1123 1994 1359 2072 abrogentur:
1393 1997 1614 2052 sacramenta

332 2102 485 2184 denique
508 2101 587 2183 ipsa
612 2121 725 2181 eaque
749 2100 867 2162 omnia
890 2100 925 2161 in
951 2109 1167 2162 exstremum
1197 2099 1330 2159 abeunt
1360 2103 1607 2176 contemptum,

328 2210 423 2290 Quot
458 2212 593 2291 capita,
623 2217 677 2270 tot
709 2207 799 2270 fides
835 2215 871 2269 et
895 2204 1118 2286 relligiones,
1153 2204 1207 2266 cui
1241 2203 1440 2286 proximum
1472 2211 1543 2280 est,
1576 2213 1613 2261 ut

331 2315 416 2379 mihi
440 2318 608 2397 cleroque
642 2335 732 2394 meo,
764 2312 931 2395 quicquid
964 2322 1072 2375 antea
1103 2311 1333 2390 decimarum,
1362 2328 1545 2385 censuum,
1579 2318 1614 2368 et

330 2422 456 2485 iurium
490 2421 810 2484 ecclesiasticorum
846 2441 892 2482 ex
932 2420 992 2502 pia
1026 2418 1242 2481 fundacione
1278 2417 1458 2478 annuatim
1497 2413 1614 2492 cessit,

330 2549 423 2595 nunc
466 2531 619 2612 superbe
655 2537 691 2591 et
726 2527 902 2589 violenter
940 2526 1158 2607 denegetur,
1192 2526 1372 2605 planeque
1415 2521 1615 2604 pendeatur

331 2636 428 2699 nihil.
476 2634 521 2698 Et
543 2635 685 2698 tametsi
709 2655 778 2716 ego
802 2636 848 2696 ab
872 2632 973 2696 initio
999 2633 1116 2694 statim
1141 2652 1212 2694 non
1237 2628 1394 2710 cessavi,
1427 2627 1525 2691 hisce
1563 2647 1614 2689 er-

333 2744 483 2822 roribus,
508 2744 603 2824 apud
622 2741 847 2804 Maiestatem
867 2739 1025 2822 Regiam
1049 2749 1084 2801 et
1107 2736 1265 2802 remedia
1287 2755 1454 2817 querere3
1479 2742 1618 2796 tantum

333 2860 451 2914 tamen
478 2848 572 2912 Suae
596 2848 794 2912 Maiestatis
819 2845 1109 2911 christianissima
1133 2845 1301 2908 mandata
1329 2843 1496 2907 momenti
1531 2863 1616 2925 pen-

336 2958 435 3040 sique
473 2959 692 3037 habuerunt,
724 2964 764 3018 ut
793 2956 900 3037 plane
936 2952 1136 3036 profuerint
1160 2951 1263 3023 nihil;
1289 2951 1380 3014 adeo
1412 2950 1620 3013 obedientia

338 3074 373 3127 et
407 3064 483 3126 veri
512 3063 672 3145 rectique
706 3062 803 3124 racio
838 3062 946 3124 nulla.
1005 3058 1191 3141 Quumque
1227 3079 1298 3121 non
1334 3058 1500 3121 desistam
1538 3058 1617 3119 dies

337 3181 531 3251 noctesque
573 3189 638 3252 pro
686 3189 765 3231 mea
812 3168 848 3230 in
892 3164 1125 3229 Sanctitatem
1164 3166 1346 3244 Vestram,
1394 3174 1429 3228 et
1470 3162 1619 3227 Sacram
1705 3182 1706 3187 ¹

338 3278 539 3339 Romanam
561 3274 758 3339 Ecclesiam
782 3274 853 3338 fide
878 3284 914 3336 et
935 3273 1178 3352 observancia,
1197 3272 1346 3355 perfidie
1361 3270 1498 3334 illorum
1525 3292 1620 3334 nunc

340 3383 602 3465 legacionibus,
638 3402 731 3445 nunc
764 3379 1065 3464 profectionibus,
1089 3380 1238 3461 aliisque
1270 3378 1306 3441 id
1339 3396 1452 3459 genus
1477 3378 1619 3460 quibus·

340 3510 489 3571 cumque
513 3509 657 3572 possum
680 3488 794 3551 modis
818 3486 985 3550 reluctari
1009 3506 1124 3567 neque
1149 3485 1300 3567 corpori,
1326 3505 1441 3567 neque
1458 3483 1620 3547 facultati

340 3618 441 3659 meae
465 3596 785 3679 quantulecumque
819 3614 987 3678 parcere;
1021 3594 1105 3655 licet
1141 3594 1313 3655 hactenus
1347 3592 1479 3671 minus,
1513 3612 1621 3672 quam

341 3703 531 3784 voluerim,
565 3703 735 3783 consequi
771 3700 963 3784 potuerim;
996 3711 1035 3763 ut
1066 3710 1185 3763 tamen
1217 3698 1286 3780 illi,
1319 3700 1414 3781 quod
1445 3700 1621 3779 reliquum

343 3819 419 3873 erat
443 3810 569 3872 virium
591 3808 829 3891 infringerent
863 3806 1127 3890 conspiratione
1157 3826 1270 3888 nuper
1303 3807 1501 3868 clanculum
1533 3805 1623 3867 inita

343 3916 438 3979 sedis
461 3937 561 3979 meae
584 3916 809 3998 Episcopalis
833 3935 952 3978 aream
977 3923 1012 3976 et
1033 3915 1218 3995 plusquam
1236 3912 1416 3975 dimidium
1432 3910 1625 3995 primariae

344 4022 498 4086 civitatis
524 4022 690 4086 incendio
725 4021 846 4085 furtim
880 4031 1051 4102 suggesto
1083 4019 1239 4083 funditus
1275 4019 1525 4101 perdiderunt;
1568 4040 1622 4081 co·

344 4139 471 4193 nantes
486 4130 541 4193 his
557 4130 707 4211 aliisque
721 4130 858 4193 artibus
882 4128 1026 4191 tandem
1050 4137 1178 4206 castra,
1203 4124 1346 4208 oppida,
1372 4136 1407 4188 et
1430 4134 1545 4188 terras
1571 4146 1625 4189 ec·

345 4236 474 4299 clesiae
499 4234 804 4299 Wratislaviensis
827 4235 863 4297 in
889 4234 1059 4297 ditionem
1083 4253 1181 4295 suam
1205 4233 1391 4312 redigere,
1416 4252 1475 4313 ac,
1500 4242 1539 4294 ut
1564 4254 1625 4295 nu-

344 4364 410 4425 per
444 4342 480 4404 in
516 4342 660 4405 Prussia
700 4340 850 4423 contigit
884 4341 1112 4422 prophanare
1154 4340 1352 4401 hereditate
1395 4338 1627 4422 possidenda.

346 4450 534 4513 Coeterum
559 4469 664 4530 quum
688 4451 861 4511 hactenus
885 4466 1104 4529 quecumque
1129 4450 1225 4508 bona
1254 4446 1398 4509 minoris
1428 4447 1629 4529 habuerim,

347 4577 451 4638 quam
477 4558 595 4618 datam
618 4555 735 4638 fidem,
760 4562 952 4635 sancteque
975 4552 1108 4615 factum
1131 4550 1364 4617 iuramentum
1387 4573 1520 4632 meum,
1546 4575 1628 4635 pro-

346 4684 414 4744 que
439 4663 561 4725 debita
584 4661 795 4725 obediencia
820 4659 1054 4723 adversitates
1078 4678 1201 4721 omnes
1231 4668 1268 4722 et
1300 4679 1540 4741 quascumque
1574 4682 1629 4723 ca-

346 4770 521 4832 lamitates
551 4770 678 4832 lubens
709 4771 904 4849 volensque
934 4765 1084 4846 tulerim,
1108 4763 1218 4828 vitam
1249 4765 1356 4829 etiarn
1386 4766 1518 4849 ipsam,
1558 4788 1630 4849 que

346 4877 405 4939 vel
429 4876 505 4939 sola
528 4876 666 4957 reliqua
682 4884 746 4959 est,
771 4896 837 4958 pro
858 4872 991 4938 Sancta
1014 4872 1182 4936 Romana
1207 4871 1301 4935 Sede
1326 4872 1509 4937 effundere
1523 4894 1631 4956 para-
