3425 5700
787 521 846 577 0-{3
885 520 1035 579 attus

272 648 409 732 cionem
433 668 521 731 fumi
545 667 675 731 referri
699 667 897 749 videantur,
922 687 1014 731 neve
1030 669 1230 747 mercedem
1245 668 1446 751 imperfecti
1470 690 1553 752 ope-

271 776 320 839 ris
348 784 589 855 antevertam,
628 775 689 837 illa
720 774 860 838 silentio
890 775 1131 855 pretereunda
1166 796 1245 839 esse
1276 777 1410 857 putavi.
1465 777 1554 840 Tam

272 883 450 967 profunda
475 892 528 945 est
552 884 668 945 adhuc
694 902 815 945 eorum
839 881 993 946 caecitas
1018 882 1146 964 quibus
1178 883 1374 946 Autoribus
1406 883 1554 947 odiosis·

273 991 360 1054 sime
384 988 595 1071 impetimur,
621 998 658 1051 ut
682 998 861 1070 nequeant
893 1008 1055 1069 eernere,
1086 1009 1191 1071 quam
1218 992 1359 1053 mallem
1393 1002 1555 1054 errantes

273 1097 541 1161 mansuetudine
567 1094 881 1178 placabilitateque
913 1096 960 1157 ad
992 1105 1126 1158 rectam
1155 1096 1278 1159 reduci
1310 1107 1346 1160 et
1380 1097 1555 1180 pudefieri

273 1226 377 1288 quam
403 1204 504 1267 exuri
529 1202 721 1284 ultimoque
745 1200 841 1265 affici
865 1200 1052 1283 supplicio,
1103 1202 1238 1267 Verum
1271 1214 1432 1286 tempora
1464 1207 1555 1269 haec

274 1315 364 1377 adeo
400 1319 481 1374 sunt
517 1310 657 1390 viciata,
693 1312 784 1372 adeo
822 1308 954 1392 perditi
988 1310 1187 1373 mortalium
1222 1332 1355 1392 mores,
1391 1322 1426 1374 et
1461 1314 1555 1376 adeo

271 1426 505 1501 praepostera
535 1415 684 1492 iudicia,
708 1426 747 1479 ut
776 1416 835 1478 ubi
860 1436 965 1498 quem
988 1415 1134 1497 impium
1158 1437 1275 1481 noxae
1300 1418 1458 1497 dederis,
1482 1438 1552 1500 pro

273 1528 364 1590 iusto
388 1524 504 1587 iudice
528 1523 652 1586 sitiens
675 1522 818 1586 humani
842 1522 978 1586 cruoris
1008 1523 1175 1586 habearis
1209 1524 1408 1606 Tyrannus,
1455 1526 1556 1606 Quos

274 1642 391 1697 autem
415 1631 584 1694 tumultus
610 1629 782 1711 pervicax
806 1630 868 1693 illa
892 1639 992 1693 secta
1006 1630 1181 1711 genuerit,
1204 1651 1270 1713 pro
1287 1631 1415 1713 quibus
1430 1633 1555 1696 sedan-

275 1742 328 1804 dis
353 1738 436 1803 mihi
460 1737 580 1819 magni
605 1747 764 1818 sumptus
787 1735 874 1797 facti
898 1745 989 1817 sunt,
1014 1757 1059 1799 ne
1082 1736 1227 1800 fastidio
1252 1738 1318 1801 sim
1334 1738 1555 1802 Beatitudini

275 1848 444 1925 Vestrae,
479 1864 545 1908 ceu
573 1844 715 1925 privata
738 1864 817 1907 mea
849 1842 995 1924 negotia
1029 1844 1244 1926 ingerendo,
1277 1865 1556 1911 commemorare

275 1952 469 2036 supersedi.
521 1951 635 2032 Quam
668 1970 754 2012 vero
787 1950 1024 2021 conveniebat
1057 1952 1229 2016 eiusmodi
1259 1966 1418 2037 sumptus
1450 1955 1555 2036 verti,

274 2082 339 2143 pro
364 2058 604 2124 sustentandis
628 2057 750 2140 copiis,
775 2078 864 2139 quas
887 2057 957 2120 iam
974 2079 1074 2140 paro,
1098 2069 1136 2121 ut
1160 2060 1323 2141 proximo
1348 2082 1433 2126 vere
1456 2060 1556 2126 Chri·

275 2167 379 2233 stiani
403 2166 555 2230 nominis
583 2166 722 2227 hostem
746 2164 897 2227 Turcam
928 2184 1069 2228 arceam
1100 2187 1122 2229 a
1152 2166 1281 2254 linibus
1309 2168 1415 2250 meis,
1448 2168 1556 2232 immo

274 2276 385 2360 ipsius
413 2270 627 2338 Germaniae
659 2270 792 2351 medi0,
825 2292 903 2333 cum
934 2272 1124 2353 superatis,
1155 2274 1249 2355 quod
1279 2275 1376 2338 Deus
1404 2285 1556 2357 avertat,

275 2383 404 2447 finibus
428 2380 534 2459 meis,
558 2400 629 2442 non
655 2378 703 2440 ita
726 2379 872 2441 multum
896 2378 1350 2461 impedimentiexpectet,
1379 2381 1464 2463 quiri
1497 2404 1557 2445 ex·

275 2498 395 2554 currat
417 2488 453 2550 in
471 2486 695 2549 Vindelicum
711 2485 851 2567 Agrum
869 2496 905 2547 et
923 2485 1028 2547 latius
1045 2486 1151 2548 etiam
1174 2506 1241 2568 pro
1265 2486 1422 2552 libidine.
1471 2489 1556 2553 Pro-

275 2598 359 2660 inde
383 2615 462 2658 cum
485 2592 550 2674 illi,
582 2611 730 2673 quorum
755 2592 911 2655 nondum
935 2592 1037 2655 ardet
1059 2591 1193 2674 paries,
1228 2613 1354 2674 parum
1378 2594 1495 2675 cordi,
1520 2605 1560 2661 ut

276 2703 371 2786 quod
395 2722 453 2764 res
477 2709 531 2762 est
546 2698 670 2776 dicam,
687 2697 865 2779 accipiant
885 2701 988 2776 mala,
1014 2718 1105 2780 quae
1121 2698 1206 2762 mihi
1223 2700 1446 2783 subditisque
1468 2702 1559 2767 meis

276 2834 297 2875 a
314 2808 531 2874 ferocissima
546 2806 604 2868 illa
623 2813 743 2889 gente,
769 2805 958 2888 dequibus
980 2826 1095 2888 nuper
1110 2806 1372 2871 Beatitudinem
1389 2807 1558 2874 Vestram

275 2915 461 2994 admonui,
483 2903 531 2977 'et
559 2913 628 2974 iam
654 2913 771 2975 denuo
796 2933 875 2975 cum
900 2913 1216 2977 Reverendissimo
1240 2915 1393 2979 Domino
1417 2917 1559 2999 Legato

276 3025 387 3087 verba
426 3020 515 3101 ieci,
562 3029 734 3102 percepta
774 3021 936 3083 luctuosa
979 3019 1188 3084 Calamitate
1230 3023 1386 3085 universi
1426 3023 1559 3106 Populi

276 3128 448 3210 Croatici,
479 3128 558 3209 Ego
590 3147 676 3203 vero
708 3127 777 3189 iam
808 3137 914 3189 antea
949 3127 1035 3189 satis
1067 3137 1238 3209 expertus
1268 3127 1352 3210 sim,
1387 3128 1560 3212 hisceque

277 3237 388 3301 oculis
418 3234 568 3298 viderim
599 3253 704 3315 quam
736 3233 867 3316 frigide
894 3233 1077 3314 expeditio
1108 3233 1170 3296 illa
1192 3234 1344 3299 Turcica
1378 3238 1561 3318 generalis

276 3344 463 3427 procedat,
495 3343 591 3424 quod
615 3342 877 3405 transscribunt
898 3341 1104 3404 Monarchis
1129 3339 1319 3405 Christiani
1344 3345 1441 3408 orbis
1465 3345 1561 3408 iuter

276 3473 315 3515 se
339 3449 472 3514 insanis
496 3449 599 3530 odiis,
623 3459 659 3512 et
681 3447 785 3512 bellis
809 3447 1121 3529 tumultuantibus,
1145 3458 1326 3512 extremus
1348 3451 1451 3514 labor
1473 3451 1561 3514 mihi

276 3559 468 3623 tentandus
492 3565 547 3618 est
579 3555 625 3618 ad
654 3554 854 3637 proximum
885 3575 964 3635 ver,
999 3563 1037 3617 et
1067 3575 1151 3618 non·
1166 3557 1279 3620 solum
1311 3557 1440 3638 opibus
1470 3559 1562 3622 meis

276 3685 368 3748 quae
383 3664 534 3728 ferenda
550 3671 649 3724 tanta
665 3661 748 3724 moli
764 3661 918 3743 impares
935 3662 1045 3724 multo
1069 3659 1223 3724 maxime
1247 3673 1339 3742 sunt,
1363 3663 1427 3726 sed
1451 3663 1563 3728 etiam

276 3771 458 3855 quibusvis
488 3769 566 3832 aliis
601 3767 822 3831 subsidiariis
857 3767 1010 3850 viribus,
1046 3787 1134 3849 quas
1171 3779 1350 3851 utcunque
1385 3773 1562 3835 contraho

275 3888 377 3942 tanta
399 3877 484 3942 belli
508 3876 717 3958 peragenda
741 3883 794 3938 est
818 3875 970 3940 fortuna.
1019 3875 1123 3956 Quod
1140 3883 1258 3938 autem
1275 3875 1454 3940 Sanctitas
1471 3878 1561 3942 Ves-

275 3999 331 4052 tra
353 4007 420 4069 pro
444 4004 508 4048 suo
524 3992 676 4066 paterno
693 4002 813 4045 amore
830 3983 915 4045 mihi
932 3992 1110 4064 tamquam
1133 3981 1208 4046 filio
1231 3983 1561 4049 incommoditatem

275 4091 508 4158 Pontificatus
531 4090 601 4171 sui,
626 4110 752 4170 meque
778 4090 874 4152 dicta
897 4111 960 4152 suo
983 4089 1019 4151 in
1043 4092 1134 4152 hanc
1158 4100 1296 4172 partem
1322 4092 1418 4153 velut
1451 4111 1473 4152 a
1495 4111 1561 4172 pa-

276 4209 376 4264 rente
401 4197 566 4278 accipere
592 4195 764 4275 confidat,
794 4217 866 4259 non
896 4216 973 4259 eam
997 4195 1098 4260 fallet
1120 4195 1210 4260 haec
1238 4197 1359 4278 opinio
1390 4216 1560 4278 unquam.

276 4307 414 4389 Elugeo
449 4303 608 4387 graviter
641 4313 714 4365 tam
748 4302 972 4366 incommoda
1003 4303 1196 4385 vectigalia
1228 4324 1307 4368 esse
1338 4303 1562 4368 Beatitudini

276 4413 437 4494 Vestrae,
469 4410 568 4473 cuius
605 4409 737 4490 alioqui
771 4409 1020 4473 Pontificatum
1056 4409 1174 4472 multis
1207 4412 1361 4474 evehere
1392 4411 1562 4476 laudibus

275 4540 415 4604 possem
440 4537 545 4600 quem
567 4527 606 4578 ut
633 4515 774 4599 parcius
808 4517 923 4580 dicam
960 4515 1161 4581 Christiano
1192 4516 1270 4580 orbi
1300 4516 1455 4580 faustum
1477 4517 1562 4582 fore

275 4628 398 4708 video,
434 4625 578 4688 meliore
615 4623 819 4688 accessione
850 4624 886 4687 in
918 4624 994 4687 dies
1029 4625 1143 4707 magis
1178 4632 1296 4687 tantas
1327 4621 1563 4690 difficultates

276 4755 357 4799 suas
381 4741 602 4814 superatura.
649 4732 704 4794 De
733 4731 884 4794 fortunis
914 4730 1001 4794 meis
1032 4729 1155 4793 recisis
1186 4751 1258 4794 non
1289 4740 1344 4793 est
1373 4729 1458 4812 quid
1485 4751 1561 4795 am·

275 4840 368 4924 plius
391 4839 530 4920 addam,
557 4858 643 4921 quas
660 4859 729 4900 non
748 4839 863 4901 solum
887 4857 953 4919 par
977 4836 1172 4900 necessitas
1187 4835 1383 4921 quotidiani
1396 4847 1563 4920 sumptus
