3425 5700
639 592 886 657 043133ὦῆ

152 744 199 827 cipi
219 757 390 828 ceperunt
413 746 591 809 hominem
616 747 849 827 abhominari,
875 755 911 809 et
927 766 965 809 se
988 766 1058 808 non
1082 746 1179 809 fusse
1202 744 1222 809 l'
1240 745 1322 807 odio
1339 743 1405 807 che

152 855 241 915 hanno
266 865 392 916 contra
406 855 536 932 Roma,
561 854 620 936 gia
646 854 806 917 crederei
830 856 865 915 la
890 874 974 916 cosa
997 853 1124 934 sopita.
1160 852 1201 916 In
1225 856 1273 917 tal
1300 854 1405 914 modo

151 959 245 1040 giiX
279 960 396 1041 giorni
429 980 524 1042 vego
556 982 628 1023 non
661 960 691 1023 si
724 960 902 1043 discoprir
932 960 990 1041 pici
1022 970 1122 1024 tanto
1147 962 1264 1042 quelle
1288 958 1405 1033 rabie;

150 1067 198 1129 Dio
225 1068 311 1130 volii
344 1070 411 1131 che
435 1068 520 1150 ogni
545 1066 580 1130 di
604 1068 729 1131 melior
753 1087 918 1131 successo
943 1087 989 1131 ne
1012 1067 1194 1141 vediamo;
1228 1066 1264 1129 id
1289 1075 1406 1127 autem

151 1194 229 1255 spero
254 1175 332 1237 fore
356 1177 461 1237 modo
486 1195 530 1238 ne
554 1175 613 1237 isti
636 1177 683 1237 ob
707 1174 844 1256 aliquas
869 1177 1021 1238 latentes
1037 1194 1162 1237 causas
1182 1192 1253 1238 non
1269 1174 1406 1251 fallant,

149 1280 166 1341 il
183 1285 237 1344 che
262 1282 540 1345 animosamente
565 1303 603 1345 se
627 1280 804 1345 inducano
829 1304 850 1344 a
874 1282 951 1345 fare
975 1303 1020 1345 ex
1045 1302 1115 1364 quo
1131 1291 1213 1344 sunt
1236 1279 1406 1362 persuasi,

151 1388 230 1451 ctiam
255 1388 499 1453 dissentiendo
522 1409 544 1451 a
566 1389 751 1468 Pontifice‚
776 1388 911 1470 potersi
936 1410 1033 1453 esser
1056 1388 1141 1452 boni
1165 1386 1348 1451 christiani
1373 1394 1408 1448 et

149 1497 173 1555 la
191 1495 266 1559 fede
290 1496 468 1559 catholica
492 1496 699 1574 consistere,
725 1496 819 1578 quod
844 1498 988 1559 tandem
1011 1496 1236 1559 falsissimum
1262 1505 1325 1558 est.

214 1603 267 1665 La
290 1606 418 1665 lettera
442 1604 500 1666 del
524 1605 797 1666 salvocondutto
815 1602 851 1665 di
868 1602 1023 1666 Martino
1037 1604 1119 1665 hola
1135 1605 1267 1665 veduta
1284 1610 1409 1683 questa

150 1729 227 1773 mane
259 1720 410 1792 segnata
434 1711 528 1773 della
558 1730 664 1773 mano
688 1710 723 1772 di
748 1709 875 1783 Cesar;
908 1730 978 1773 non
1003 1709 1032 1772 si
1057 1710 1194 1773 solicita
1218 1730 1255 1771 se
1281 1728 1350 1771 non
1375 1708 1410 1769 la

150 1816 243 1879 littera
273 1819 331 1879 del
355 1819 459 1880 Duca
482 1815 638 1881 Saxone.
686 1818 803 1880 Credo
828 1820 894 1880 che
920 1818 1069 1881 demane
1094 1838 1115 1880 0
1140 1815 1316 1879 dominica
1339 1816 1410 1877 alla

149 1924 193 2003 pil
213 1926 318 2006 longa
343 1925 375 1987 el
400 1924 535 1987 corrier
558 1946 596 1987 se
621 1924 756 2007 partiri
780 1939 816 1987 et
839 1923 921 1987 sara
945 1925 1037 1987 dove
1054 1924 1208 1987 Martino
1233 1922 1268 1986 in
1292 1920 1409 2004 giorni

149 2041 287 2109 quadro:
320 2031 383 2114 poi
405 2030 561 2094 Martino
593 2033 639 2093 ha
668 2030 821 2094 termino
845 2031 939 2093 XVI
969 2031 1085 2112 giorni
1109 2032 1143 2094 di
1170 2051 1268 2093 esser
1291 2028 1351 2111 qui
1375 2029 1410 2090 in

150 2136 310 2217 Wormes,
336 2140 403 2201 che
427 2138 507 2201 sara
531 2140 566 2200 la
590 2140 747 2201 secunda
770 2138 863 2201 festa
888 2137 924 2200 di
947 2138 1097 2202 Pascha.
1140 2138 1211 2200 Dio
1234 2135 1320 2200 volii
1344 2136 1410 2199 che

148 2244 174 2305 la
192 2266 246 2308 sua
268 2255 400 2308 venuta
424 2246 466 2307 sii
491 2249 536 2307 ad
553 2266 679 2327 pacem
704 2260 739 2308 et
754 2244 1048 2326 tranquillitatem
1062 2245 1255 2309 Ecclesiae.
1292 2244 1409 2323 Certe,

149 2351 176 2412 lo
195 2354 252 2416 che
269 2354 286 2415 ὲ
310 2353 403 2415 fatto
424 2352 545 2415 invitis
563 2353 665 2415 nobis
690 2353 707 2415 ὲ
724 2352 826 2433 fatto,
851 2362 888 2415 et
903 2342 1027 2415 contra
1043 2354 1076 2415 le
1093 2372 1274 2434 promesse
1287 2351 1410 2415 fatteci

148 2458 195 2536 pii
215 2462 308 2522 volte
332 2462 379 2521 da
403 2468 582 2540 questoro,
607 2480 664 2522 ma
691 2459 880 2541 patientia;
907 2460 950 2522 V.
968 2456 1003 2524 S.
1020 2460 1097 2533 Ru?
1112 2458 1203 2523 faeci
1219 2460 1297 2522 fare
1312 2458 1410 2521 costi

149 2566 278 2644 qualche
309 2570 427 2629 buone
459 2566 610 2629 orationi
641 2569 685 2628 ad
720 2567 775 2629 cio
800 2569 866 2629 che
891 2568 960 2629 Dio
984 2565 1121 2648 ponghi
1145 2567 1180 2628 la
1204 2586 1308 2629 mano
1333 2585 1410 2647 per-

150 2672 200 2733 che
225 2680 278 2755 qui
314 2694 385 2736 non
416 2675 545 2736 valeno
576 2673 718 2755 dispute
743 2681 867 2735 contro
903 2672 959 2735 chi
983 2692 1077 2754 nega
1100 2673 1125 2735 li
1148 2674 1277 2736 auttori
1303 2672 1410 2745 sacri;

150 2781 182 2839 ne
211 2802 330 2843 manco
362 2783 380 2843 ὸ
413 2790 505 2843 stato
530 2781 694 2844 ordinato
719 2802 740 2844 0
765 2784 918 2844 sarebbe
943 2780 1166 2843 conducibile
1191 2781 1257 2843 che
1282 2801 1320 2843 se
1345 2779 1411 2841 dis-

150 2899 273 2964 putasse
303 2891 336 2952 le
369 2909 452 2952 cose
478 2891 572 2953 della
595 2889 698 2966 fede,
730 2889 918 2971 presertim
942 2909 1061 2952 coram
1086 2887 1261 2950 iudicibus
1284 2885 1412 2968 iniquis

148 3003 176 3054 et
205 2995 540 3080 incompetentibuS,
580 3018 651 3060 non
687 3006 859 3079 preeunte
895 2997 1107 3059 auctoritate
1142 2993 1339 3077 pontificis;
1377 2993 1411 3054 io

149 3105 319 3166 tuttavolta
347 3125 419 3166 non
451 3107 616 3167 obstante
649 3115 775 3187 questo
805 3125 894 3167 sono
926 3103 961 3166 in
994 3103 1118 3166 ordine
1152 3107 1179 3164 sl
1214 3121 1278 3182 per
1301 3102 1412 3163 hever

147 3207 319 3274 benissimo
351 3213 420 3273 alle
452 3211 546 3274 mani
575 3211 657 3273 tutti
687 3213 698 3273 i
730 3211 842 3273 scritti
867 3210 902 3273 di
927 3211 1061 3273 Luther
1093 3220 1128 3271 et
1152 3209 1198 3272 de
1222 3208 1297 3271 suoi
1322 3228 1412 3271 com-

146 3313 233 3395 plici,
263 3337 362 3380 come
392 3338 460 3400 per
492 3319 603 3381 haver
636 3319 930 3399 diligentemente
955 3319 1041 3380 letto
1067 3315 1224 3396 concilii,
1259 3315 1413 3378 scrittori

145 3421 266 3503 antiqui
289 3435 323 3486 et
347 3425 507 3487 moderni
533 3427 599 3488 che
624 3425 743 3488 facino
768 3428 802 3487 al
826 3425 1011 3507 proposito
1038 3423 1072 3486 di
1097 3432 1222 3506 questa
1246 3444 1330 3486 cosa
1349 3443 1414 3504 per

145 3530 307 3594 renderne
328 3534 402 3594 bon
426 3541 533 3594 conto
542 3582 551 3614 ,
585 3542 621 3594 et
644 3533 841 3614 persuader
865 3553 886 3594 a
911 3531 1025 3613 questi
1051 3531 1227 3612 Principi,
1258 3551 1328 3593 non
1353 3529 1413 3612 gia

146 3653 202 3711 per
231 3657 401 3718 speranza
425 3639 454 3701 si
477 3639 575 3701 habii
600 3660 621 3702 a
645 3640 824 3702 convertit
848 3659 919 3703 uno
944 3637 1123 3701 obstinato
1148 3637 1324 3717 heretico,
1358 3659 1413 3699 ma

143 3759 200 3818 per
223 3746 443 3808 demonstrat
460 3747 747 3808 evidentemente
763 3748 797 3808 le
815 3745 1058 3808 enormissime
1076 3754 1111 3806 et
1127 3744 1335 3826 paccissime
1354 3745 1411 3806 he·

144 3848 225 3912 resie
257 3861 292 3912 et
319 3852 585 3916 contradictorii
610 3855 677 3916 che
702 3854 817 3916 scrive
842 3863 967 3936 questo
992 3853 1130 3914 ribaldo
1156 3863 1192 3914 et
1215 3871 1280 3934 per
1303 3851 1414 3913 veder

142 3955 172 4015 di
200 3978 347 4022 revocat
380 3982 402 4022 a
431 3964 587 4041 reprobo
619 3982 727 4024 sensu
759 3961 874 4042 questi
904 3958 1044 4042 populi,
1076 3960 1100 4022 li
1125 3959 1219 4042 quali
1243 3979 1308 4040 per
1331 3958 1413 4020 odio

142 4062 201 4124 che
231 4066 350 4129 hanno
382 4078 508 4129 contro
532 4068 650 4130 Roma
681 4089 752 4130 non
783 4077 933 4149 possunt
964 4087 1110 4130 cernere
1133 4086 1274 4146 verum,
1307 4073 1344 4128 ut
1368 4067 1413 4127 de

139 4166 201 4230 illis
232 4174 358 4237 merito
389 4174 520 4238 dixerit
543 4177 739 4258 propheta:
773 4177 895 4238 oculos
919 4176 1053 4238 liabent
1077 4183 1112 4237 et
1136 4195 1205 4236 non
1231 4173 1413 4237 videbunt.

138 4272 162 4335 ll
190 4281 359 4343 mandato
393 4282 590 4344 alemanico
622 4282 657 4344 di
689 4282 820 4363 pigliar
850 4281 874 4344 li
906 4281 986 4343 libri
1018 4291 1053 4344 et
1083 4281 1264 4344 arrestarli
1295 4281 1342 4343 ad
1365 4279 1413 4342 in-

137 4385 298 4447 stantiam
322 4388 485 4451 Caesaris
509 4389 644 4451 Lunedl
674 4389 847 4471 prossirno
879 4389 958 4452 sari
982 4388 1113 4451 fornito
1145 4389 1189 4450 de
1213 4387 1414 4469 imprimere

134 4499 167 4549 et
188 4491 217 4552 si
241 4495 416 4557 mandaria
430 4515 496 4575 per
518 4495 543 4558 li
564 4496 710 4558 corrieri
726 4496 761 4558 di
780 4495 852 4558 Sua
868 4496 1005 4558 Maesti
1021 4517 1086 4577 per
1101 4505 1192 4558 tutta
1207 4494 1414 4566 Germania;

134 4597 212 4657 delli
235 4602 395 4665 successi
419 4603 507 4664 daro
531 4603 666 4665 adviso.
717 4604 760 4666 V.
783 4601 819 4666 S.
848 4604 944 4665 Rma
968 4601 1010 4665 sii
1034 4603 1230 4666 certissima
1252 4604 1318 4665 che
1346 4601 1415 4664 mai

130 4701 156 4762 si
186 4707 235 4767 ha
268 4720 435 4772 mancato
466 4709 510 4772 ne
544 4709 711 4773 mancare
741 4710 796 4772 far
820 4731 885 4791 per
909 4710 965 4772 noi
992 4710 1013 4772 l’
1033 4711 1152 4772 ultimo
1178 4709 1213 4772 di
1237 4709 1415 4791 potentia;

131 4817 165 4868 et
187 4815 315 4892 quello
338 4818 356 4878 ὲ
379 4816 470 4879 fatto
495 4837 628 4880 senon
654 4818 672 4880 ὲ
697 4817 755 4878 (161
780 4825 871 4878 tutto
896 4838 917 4879 a
941 4824 1062 4879 nostro
1089 4818 1203 4896 mod0,
1229 4837 1298 4878 non
1323 4815 1351 4878 si
1368 4817 1415 4877 ha

127 4929 277 4994 possuto
304 4919 361 4984 far
383 4926 475 4986 altro
498 4945 645 5006 prorsus
669 4925 811 5007 penitus
835 4933 870 4986 et
895 4923 1054 4998 omnino;
1085 4924 1127 4986 nl·
1152 4924 1270 4988 hanno
1295 4926 1414 4986 valuto
