<?xml version="1.0" encoding="UTF-8"?>
<!DOCTYPE html PUBLIC "-//W3C//DTD XHTML 1.0 Transitional//EN"
    "http://www.w3.org/TR/xhtml1/DTD/xhtml1-transitional.dtd">
<html xmlns="http://www.w3.org/1999/xhtml" xml:lang="en" lang="en">
 <head>
  <title>
</title>
<meta http-equiv="Content-Type" content="text/html;charset=utf-8" />
  <meta name='ocr-system' content='tesseract 3.04.00' />
  <meta name='ocr-capabilities' content='ocr_page ocr_carea ocr_par ocr_line ocrx_word'/>
</head>
<body>
  <div class='ocr_page' id='page_1' title='image "./monumentareform00unkngoog/monumentareform00unkngoog_0080.png"; bbox 0 0 3425 5700; ppageno 0'>
   <div class='ocr_carea' id='block_1_1' title="bbox 814 540 1044 596">
    <p class='ocr_par' dir='ltr' id='par_1_1' title="bbox 814 540 1044 596">
     <span class='ocr_line' id='line_1_1' title="bbox 814 540 1044 596; baseline -0.013 -1"><span class='ocrx_word' id='word_1_1' title='bbox 814 540 1044 596; x_wconf 46' lang='lat'>4352&amp;</span> 
     </span>
    </p>
   </div>
   <div class='ocr_carea' id='block_1_2' title="bbox 225 686 1597 4948">
    <p class='ocr_par' dir='ltr' id='par_1_2' title="bbox 287 686 1569 1197">
     <span class='ocr_line' id='line_1_2' title="bbox 287 686 1569 767; baseline -0.002 -15"><span class='ocrx_word' id='word_1_2' title='bbox 287 693 394 752; x_wconf 89' lang='lat' dir='ltr'>homo</span> <span class='ocrx_word' id='word_1_3' title='bbox 418 689 476 751; x_wconf 87' lang='lat' dir='ltr'>del</span> <span class='ocrx_word' id='word_1_4' title='bbox 500 689 684 750; x_wconf 84' lang='lat' dir='ltr'>marchese</span> <span class='ocrx_word' id='word_1_5' title='bbox 709 689 754 748; x_wconf 90' lang='lat' dir='ltr'>de</span> <span class='ocrx_word' id='word_1_6' title='bbox 779 686 926 749; x_wconf 79' lang='lat' dir='ltr'>Mantua</span> <span class='ocrx_word' id='word_1_7' title='bbox 950 687 1050 749; x_wconf 82' lang='lat' dir='ltr'>arivd</span> <span class='ocrx_word' id='word_1_8' title='bbox 1075 707 1161 767; x_wconf 84' lang='lat' dir='ltr'>qua;</span> <span class='ocrx_word' id='word_1_9' title='bbox 1186 706 1321 749; x_wconf 85' lang='lat' dir='ltr'>meson</span> <span class='ocrx_word' id='word_1_10' title='bbox 1339 686 1508 750; x_wconf 87' lang='lat' dir='ltr'>sforciato</span> <span class='ocrx_word' id='word_1_11' title='bbox 1524 689 1569 750; x_wconf 88' lang='lat' dir='ltr'>de</span> 
     </span>
     <span class='ocr_line' id='line_1_3' title="bbox 288 793 1568 876; baseline -0.002 -16"><span class='ocrx_word' id='word_1_12' title='bbox 288 798 473 860; x_wconf 85' lang='lat' dir='ltr'>intendere</span> <span class='ocrx_word' id='word_1_13' title='bbox 506 797 625 876; x_wconf 91' lang='lat' dir='ltr'>quello</span> <span class='ocrx_word' id='word_1_14' title='bbox 658 793 707 856; x_wconf 93' lang='lat' dir='ltr'>lui</span> <span class='ocrx_word' id='word_1_15' title='bbox 740 815 787 856; x_wconf 80' lang='lat' dir='ltr'>va</span> <span class='ocrx_word' id='word_1_16' title='bbox 819 795 972 857; x_wconf 88' lang='lat' dir='ltr'>facendo</span> <span class='ocrx_word' id='word_1_17' title='bbox 1004 803 1040 855; x_wconf 90' lang='lat' dir='ltr'>et</span> <span class='ocrx_word' id='word_1_18' title='bbox 1071 795 1123 856; x_wconf 88' lang='lat' dir='ltr'>sel</span> <span class='ocrx_word' id='word_1_19' title='bbox 1155 805 1211 856; x_wconf 87' lang='lat' dir='ltr'>sta</span> <span class='ocrx_word' id='word_1_20' title='bbox 1242 814 1314 875; x_wconf 91' lang='lat' dir='ltr'>qua</span> <span class='ocrx_word' id='word_1_21' title='bbox 1336 815 1360 856; x_wconf 89' lang='lat' dir='ltr'>a</span> <span class='ocrx_word' id='word_1_22' title='bbox 1383 815 1487 858; x_wconf 90' lang='lat' dir='ltr'>nome</span> <span class='ocrx_word' id='word_1_23' title='bbox 1511 798 1568 858; x_wconf 93' lang='lat' dir='ltr'>del</span> 
     </span>
     <span class='ocr_line' id='line_1_4' title="bbox 288 900 1569 981; baseline -0.002 -15"><span class='ocrx_word' id='word_1_24' title='bbox 288 904 485 980; x_wconf 81' lang='lat' dir='ltr'>Marchese,</span> <span class='ocrx_word' id='word_1_25' title='bbox 518 912 553 963; x_wconf 90' lang='lat' dir='ltr'>et</span> <span class='ocrx_word' id='word_1_26' title='bbox 577 902 735 964; x_wconf 85' lang='lat' dir='ltr'>anchora</span> <span class='ocrx_word' id='word_1_27' title='bbox 759 920 829 962; x_wconf 93' lang='lat' dir='ltr'>non</span> <span class='ocrx_word' id='word_1_28' title='bbox 862 903 909 962; x_wconf 93' lang='lat' dir='ltr'>ho</span> <span class='ocrx_word' id='word_1_29' title='bbox 934 911 1083 981; x_wconf 90' lang='lat' dir='ltr'>possuto</span> <span class='ocrx_word' id='word_1_30' title='bbox 1108 900 1295 963; x_wconf 81' lang='lat' dir='ltr'>intendere</span> <span class='ocrx_word' id='word_1_31' title='bbox 1318 903 1409 963; x_wconf 83' lang='lat' dir='ltr'>altro</span> <span class='ocrx_word' id='word_1_32' title='bbox 1433 922 1473 964; x_wconf 91' lang='lat' dir='ltr'>se</span> <span class='ocrx_word' id='word_1_33' title='bbox 1498 922 1569 964; x_wconf 91' lang='lat' dir='ltr'>non</span> 
     </span>
     <span class='ocr_line' id='line_1_5' title="bbox 287 1007 1569 1090; baseline -0.002 -18"><span class='ocrx_word' id='word_1_34' title='bbox 287 1015 353 1074; x_wconf 88' lang='lat' dir='ltr'>che</span> <span class='ocrx_word' id='word_1_35' title='bbox 389 1012 409 1073; x_wconf 91' lang='lat' dir='ltr'>l’</span> <span class='ocrx_word' id='word_1_36' title='bbox 430 1013 489 1072; x_wconf 87' lang='lat' dir='ltr'>ha&#39;</span> <span class='ocrx_word' id='word_1_37' title='bbox 513 1021 655 1071; x_wconf 79' lang='lat' dir='ltr'>menato</span> <span class='ocrx_word' id='word_1_38' title='bbox 688 1029 709 1070; x_wconf 81' lang='lat' dir='ltr'>a</span> <span class='ocrx_word' id='word_1_39' title='bbox 743 1018 953 1090; x_wconf 82' lang='lat' dir='ltr'>presentare</span> <span class='ocrx_word' id='word_1_40' title='bbox 988 1007 1077 1070; x_wconf 90' lang='lat' dir='ltr'>certi</span> <span class='ocrx_word' id='word_1_41' title='bbox 1111 1008 1240 1070; x_wconf 85' lang='lat' dir='ltr'>cavalli</span> <span class='ocrx_word' id='word_1_42' title='bbox 1271 1030 1293 1069; x_wconf 91' lang='lat' dir='ltr'>a</span> <span class='ocrx_word' id='word_1_43' title='bbox 1318 1009 1475 1070; x_wconf 83' lang='lat' dir='ltr'>Bavaria</span> <span class='ocrx_word' id='word_1_44' title='bbox 1509 1010 1569 1071; x_wconf 81' lang='lat' dir='ltr'>ani</span> 
     </span>
     <span class='ocr_line' id='line_1_6' title="bbox 288 1115 1568 1197; baseline -0.005 -16"><span class='ocrx_word' id='word_1_45' title='bbox 288 1119 425 1181; x_wconf 92' lang='lat' dir='ltr'>Ducchi</span> <span class='ocrx_word' id='word_1_46' title='bbox 450 1118 484 1180; x_wconf 92' lang='lat' dir='ltr'>in</span> <span class='ocrx_word' id='word_1_47' title='bbox 509 1137 613 1180; x_wconf 89' lang='lat' dir='ltr'>nome</span> <span class='ocrx_word' id='word_1_48' title='bbox 633 1118 692 1178; x_wconf 92' lang='lat' dir='ltr'>del</span> <span class='ocrx_word' id='word_1_49' title='bbox 709 1117 805 1178; x_wconf 89' lang='lat' dir='ltr'>dicto</span> <span class='ocrx_word' id='word_1_50' title='bbox 821 1115 1018 1193; x_wconf 86' lang='lat' dir='ltr'>Marchese,</span> <span class='ocrx_word' id='word_1_51' title='bbox 1043 1125 1079 1177; x_wconf 90' lang='lat' dir='ltr'>et</span> <span class='ocrx_word' id='word_1_52' title='bbox 1095 1115 1194 1196; x_wconf 89' lang='lat' dir='ltr'>dipoi</span> <span class='ocrx_word' id='word_1_53' title='bbox 1209 1115 1228 1177; x_wconf 81' lang='grc' dir='ltr'>ὲ</span> <span class='ocrx_word' id='word_1_54' title='bbox 1245 1115 1403 1178; x_wconf 85' lang='lat' dir='ltr'>arrivato</span> <span class='ocrx_word' id='word_1_55' title='bbox 1418 1117 1471 1177; x_wconf 92' lang='lat' dir='ltr'>sin</span> <span class='ocrx_word' id='word_1_56' title='bbox 1488 1136 1568 1197; x_wconf 87' lang='lat' dir='ltr'>qua.</span> 
     </span>
    </p>

    <p class='ocr_par' dir='ltr' id='par_1_3' title="bbox 286 1221 1572 2056">
     <span class='ocr_line' id='line_1_7' title="bbox 395 1221 1570 1306; baseline -0.002 -19"><span class='ocrx_word' id='word_1_57' title='bbox 395 1227 429 1287; x_wconf 86' lang='grc' dir='ltr'><strong>Α</strong></span> <span class='ocrx_word' id='word_1_58' title='bbox 453 1223 568 1306; x_wconf 88' lang='lat' dir='ltr'>questi</span> <span class='ocrx_word' id='word_1_59' title='bbox 593 1223 710 1305; x_wconf 81' lang='lat' dir='ltr'>giorni</span> <span class='ocrx_word' id='word_1_60' title='bbox 734 1224 769 1284; x_wconf 84' lang='lat' dir='ltr'>la</span> <span class='ocrx_word' id='word_1_61' title='bbox 792 1232 902 1304; x_wconf 83' lang='lat' dir='ltr'>gente</span> <span class='ocrx_word' id='word_1_62' title='bbox 926 1223 971 1284; x_wconf 90' lang='lat' dir='ltr'>de</span> <span class='ocrx_word' id='word_1_63' title='bbox 986 1221 1102 1284; x_wconf 73' lang='lat' dir='ltr'>Mons,</span> <span class='ocrx_word' id='word_1_64' title='bbox 1126 1223 1160 1284; x_wconf 88' lang='lat' dir='ltr'>d&#39;</span> <span class='ocrx_word' id='word_1_65' title='bbox 1178 1223 1356 1285; x_wconf 83' lang='lat' dir='ltr'>Anchona</span> <span class='ocrx_word' id='word_1_66' title='bbox 1371 1243 1437 1304; x_wconf 91' lang='lat' dir='ltr'>per</span> <span class='ocrx_word' id='word_1_67' title='bbox 1453 1244 1570 1285; x_wconf 89' lang='lat' dir='ltr'>mezzo</span> 
     </span>
     <span class='ocr_line' id='line_1_8' title="bbox 288 1329 1570 1412; baseline -0.003 -17"><span class='ocrx_word' id='word_1_68' title='bbox 288 1335 334 1395; x_wconf 93' lang='lat' dir='ltr'>de</span> <span class='ocrx_word' id='word_1_69' title='bbox 358 1331 567 1395; x_wconf 84' lang='lat' dir='ltr'>Sedunense</span> <span class='ocrx_word' id='word_1_70' title='bbox 590 1341 626 1392; x_wconf 92' lang='lat' dir='ltr'>et</span> <span class='ocrx_word' id='word_1_71' title='bbox 649 1329 685 1391; x_wconf 90' lang='lat' dir='ltr'>di</span> <span class='ocrx_word' id='word_1_72' title='bbox 709 1330 834 1412; x_wconf 85' lang='lat' dir='ltr'>Legge</span> <span class='ocrx_word' id='word_1_73' title='bbox 860 1332 1001 1392; x_wconf 83' lang='lat' dir='ltr'>haveva</span> <span class='ocrx_word' id='word_1_74' title='bbox 1022 1330 1156 1390; x_wconf 77' lang='lat' dir='ltr'>haruto</span> <span class='ocrx_word' id='word_1_75' title='bbox 1182 1331 1216 1390; x_wconf 90' lang='lat' dir='ltr'>la</span> <span class='ocrx_word' id='word_1_76' title='bbox 1237 1329 1476 1411; x_wconf 89' lang='lat' dir='ltr'>promissione</span> <span class='ocrx_word' id='word_1_77' title='bbox 1503 1332 1570 1392; x_wconf 90' lang='lat' dir='ltr'>che</span> 
     </span>
     <span class='ocr_line' id='line_1_9' title="bbox 289 1436 1571 1521; baseline -0.005 -18"><span class='ocrx_word' id='word_1_78' title='bbox 289 1443 310 1503; x_wconf 88' lang='grc' dir='ltr'>Ἰ</span> <span class='ocrx_word' id='word_1_79' title='bbox 335 1441 393 1502; x_wconf 77' lang='lat' dir='ltr'>Re</span> <span class='ocrx_word' id='word_1_80' title='bbox 417 1439 467 1521; x_wconf 79' lang='lat' dir='ltr'>gli</span> <span class='ocrx_word' id='word_1_81' title='bbox 493 1439 596 1500; x_wconf 65' lang='lat' dir='ltr'>darre</span> <span class='ocrx_word' id='word_1_82' title='bbox 623 1439 654 1500; x_wconf 92' lang='lat' dir='ltr'>el</span> <span class='ocrx_word' id='word_1_83' title='bbox 678 1439 799 1520; x_wconf 86' lang='lat' dir='ltr'>placet</span> <span class='ocrx_word' id='word_1_84' title='bbox 823 1438 868 1498; x_wconf 89' lang='lat' dir='ltr'>de</span> <span class='ocrx_word' id='word_1_85' title='bbox 892 1436 1006 1517; x_wconf 79' lang='lat' dir='ltr'>Calix,</span> <span class='ocrx_word' id='word_1_86' title='bbox 1038 1437 1117 1498; x_wconf 82' lang='lat' dir='ltr'>acio</span> <span class='ocrx_word' id='word_1_87' title='bbox 1141 1438 1176 1498; x_wconf 90' lang='lat' dir='ltr'>lo</span> <span class='ocrx_word' id='word_1_88' title='bbox 1205 1445 1352 1517; x_wconf 90' lang='lat' dir='ltr'>potesse</span> <span class='ocrx_word' id='word_1_89' title='bbox 1381 1437 1571 1499; x_wconf 79' lang='lat' dir='ltr'>renunciat</span> 
     </span>
     <span class='ocr_line' id='line_1_10' title="bbox 287 1543 1567 1627; baseline -0.004 -18"><span class='ocrx_word' id='word_1_90' title='bbox 287 1569 308 1610; x_wconf 91' lang='lat' dir='ltr'>a</span> <span class='ocrx_word' id='word_1_91' title='bbox 336 1567 400 1608; x_wconf 93' lang='lat' dir='ltr'>suo</span> <span class='ocrx_word' id='word_1_92' title='bbox 432 1557 579 1627; x_wconf 87' lang='lat' dir='ltr'>nepote,</span> <span class='ocrx_word' id='word_1_93' title='bbox 612 1557 647 1607; x_wconf 87' lang='lat' dir='ltr'>et</span> <span class='ocrx_word' id='word_1_94' title='bbox 678 1545 821 1625; x_wconf 88' lang='lat' dir='ltr'>quando</span> <span class='ocrx_word' id='word_1_95' title='bbox 852 1544 913 1605; x_wconf 74' lang='lat' dir='ltr'>l&#39;e</span> <span class='ocrx_word' id='word_1_96' title='bbox 942 1554 1036 1607; x_wconf 90' lang='lat' dir='ltr'>stato</span> <span class='ocrx_word' id='word_1_97' title='bbox 1067 1563 1133 1625; x_wconf 90' lang='lat' dir='ltr'>per</span> <span class='ocrx_word' id='word_1_98' title='bbox 1162 1544 1286 1605; x_wconf 81' lang='lat' dir='ltr'>volere</span> <span class='ocrx_word' id='word_1_99' title='bbox 1318 1543 1510 1606; x_wconf 84' lang='lat' dir='ltr'>sollicitare</span> <span class='ocrx_word' id='word_1_100' title='bbox 1537 1544 1567 1604; x_wconf 84' lang='lat' dir='ltr'>la</span> 
     </span>
     <span class='ocr_line' id='line_1_11' title="bbox 288 1650 1572 1735; baseline -0.003 -21"><span class='ocrx_word' id='word_1_101' title='bbox 288 1653 535 1735; x_wconf 82' lang='lat' dir='ltr'>expeditione,</span> <span class='ocrx_word' id='word_1_102' title='bbox 569 1651 593 1712; x_wconf 92' lang='lat' dir='ltr'>il</span> <span class='ocrx_word' id='word_1_103' title='bbox 624 1671 713 1733; x_wconf 85' lang='lat' dir='ltr'>gran</span> <span class='ocrx_word' id='word_1_104' title='bbox 737 1652 874 1713; x_wconf 86' lang='lat' dir='ltr'>Mastro</span> <span class='ocrx_word' id='word_1_105' title='bbox 903 1671 982 1714; x_wconf 83' lang='lat' dir='ltr'>curn</span> <span class='ocrx_word' id='word_1_106' title='bbox 1006 1650 1178 1714; x_wconf 84' lang='lat' dir='ltr'>Chievres</span> <span class='ocrx_word' id='word_1_107' title='bbox 1204 1650 1226 1712; x_wconf 81' lang='lat'>1²</span> <span class='ocrx_word' id='word_1_108' title='bbox 1242 1652 1363 1711; x_wconf 89' lang='lat' dir='ltr'>hanno</span> <span class='ocrx_word' id='word_1_109' title='bbox 1386 1650 1572 1732; x_wconf 84' lang='lat' dir='ltr'>impedita,</span> 
     </span>
     <span class='ocr_line' id='line_1_12' title="bbox 289 1757 1572 1840; baseline -0.003 -18"><span class='ocrx_word' id='word_1_110' title='bbox 289 1761 442 1822; x_wconf 84' lang='lat' dir='ltr'>volendo</span> <span class='ocrx_word' id='word_1_111' title='bbox 476 1761 590 1840; x_wconf 87' lang='lat' dir='ltr'>prima</span> <span class='ocrx_word' id='word_1_112' title='bbox 621 1761 686 1820; x_wconf 89' lang='lat' dir='ltr'>che</span> <span class='ocrx_word' id='word_1_113' title='bbox 712 1759 734 1820; x_wconf 89' lang='lat' dir='ltr'>’l</span> <span class='ocrx_word' id='word_1_114' title='bbox 758 1757 949 1821; x_wconf 83' lang='lat' dir='ltr'>Cardinaie</span> <span class='ocrx_word' id='word_1_115' title='bbox 973 1769 1151 1840; x_wconf 87' lang='lat' dir='ltr'>prometta</span> <span class='ocrx_word' id='word_1_116' title='bbox 1174 1759 1220 1818; x_wconf 89' lang='lat' dir='ltr'>de</span> <span class='ocrx_word' id='word_1_117' title='bbox 1243 1757 1429 1838; x_wconf 83' lang='lat' dir='ltr'>resignare</span> <span class='ocrx_word' id='word_1_118' title='bbox 1453 1759 1486 1818; x_wconf 88' lang='lat' dir='ltr'>el</span> <span class='ocrx_word' id='word_1_119' title='bbox 1511 1778 1572 1818; x_wconf 77' lang='lat' dir='ltr'>re·</span> 
     </span>
     <span class='ocr_line' id='line_1_13' title="bbox 287 1865 1572 1947; baseline -0.002 -18"><span class='ocrx_word' id='word_1_120' title='bbox 287 1879 434 1930; x_wconf 86' lang='lat' dir='ltr'>scovato</span> <span class='ocrx_word' id='word_1_121' title='bbox 459 1867 573 1928; x_wconf 84' lang='lat' dir='ltr'>Daras</span> <span class='ocrx_word' id='word_1_122' title='bbox 606 1865 641 1928; x_wconf 92' lang='lat' dir='ltr'>in</span> <span class='ocrx_word' id='word_1_123' title='bbox 673 1867 807 1947; x_wconf 87' lang='lat' dir='ltr'>Artoys</span> <span class='ocrx_word' id='word_1_124' title='bbox 840 1869 874 1928; x_wconf 90' lang='lat' dir='ltr'>al</span> <span class='ocrx_word' id='word_1_125' title='bbox 905 1865 1004 1946; x_wconf 92' lang='lat' dir='ltr'>figlio</span> <span class='ocrx_word' id='word_1_126' title='bbox 1035 1867 1094 1929; x_wconf 85' lang='lat' dir='ltr'>del</span> <span class='ocrx_word' id='word_1_127' title='bbox 1124 1885 1214 1947; x_wconf 83' lang='lat' dir='ltr'>gran</span> <span class='ocrx_word' id='word_1_128' title='bbox 1245 1865 1382 1927; x_wconf 85' lang='lat' dir='ltr'>Mastro</span> <span class='ocrx_word' id='word_1_129' title='bbox 1415 1865 1572 1928; x_wconf 89' lang='lat' dir='ltr'>dicendo</span> 
     </span>
     <span class='ocr_line' id='line_1_14' title="bbox 286 1973 1222 2056; baseline -0.002 -20"><span class='ocrx_word' id='word_1_130' title='bbox 286 1975 348 2056; x_wconf 92' lang='lat' dir='ltr'>poi</span> <span class='ocrx_word' id='word_1_131' title='bbox 372 1974 479 2055; x_wconf 81' lang='lat' dir='ltr'>fargli</span> <span class='ocrx_word' id='word_1_132' title='bbox 504 1973 590 2035; x_wconf 84' lang='lat' dir='ltr'>dare</span> <span class='ocrx_word' id='word_1_133' title='bbox 615 1992 685 2034; x_wconf 85' lang='lat' dir='ltr'>una</span> <span class='ocrx_word' id='word_1_134' title='bbox 708 1992 943 2054; x_wconf 87' lang='lat' dir='ltr'>recompensa</span> <span class='ocrx_word' id='word_1_135' title='bbox 967 1975 1025 2034; x_wconf 86' lang='lat' dir='ltr'>dal</span> <span class='ocrx_word' id='word_1_136' title='bbox 1050 1993 1089 2035; x_wconf 89' lang='lat' dir='ltr'>re</span> <span class='ocrx_word' id='word_1_137' title='bbox 1114 2021 1122 2034; x_wconf 91' lang='lat'>.</span> <span class='ocrx_word' id='word_1_138' title='bbox 1148 2022 1155 2036; x_wconf 94' lang='lat'><strong>.</strong></span> <span class='ocrx_word' id='word_1_139' title='bbox 1180 2021 1188 2034; x_wconf 92' lang='lat'><strong>.</strong></span> <span class='ocrx_word' id='word_1_140' title='bbox 1214 2020 1222 2035; x_wconf 94' lang='lat'><strong>.</strong></span> 
     </span>
    </p>

    <p class='ocr_par' dir='ltr' id='par_1_4' title="bbox 285 2078 1581 3018">
     <span class='ocr_line' id='line_1_15' title="bbox 394 2078 1560 2161; baseline 0 -19"><span class='ocrx_word' id='word_1_141' title='bbox 394 2081 435 2142; x_wconf 89' lang='lat' dir='ltr'>El</span> <span class='ocrx_word' id='word_1_142' title='bbox 459 2080 519 2143; x_wconf 89' lang='lat' dir='ltr'>Re</span> <span class='ocrx_word' id='word_1_143' title='bbox 551 2081 596 2140; x_wconf 89' lang='lat' dir='ltr'>de</span> <span class='ocrx_word' id='word_1_144' title='bbox 621 2078 726 2141; x_wconf 83' lang='lat' dir='ltr'>Datia</span> <span class='ocrx_word' id='word_1_145' title='bbox 750 2080 768 2141; x_wconf 76' lang='grc' dir='ltr'>ὲ</span> <span class='ocrx_word' id='word_1_146' title='bbox 793 2081 924 2142; x_wconf 87' lang='lat' dir='ltr'>andato</span> <span class='ocrx_word' id='word_1_147' title='bbox 951 2081 986 2141; x_wconf 92' lang='lat' dir='ltr'>in</span> <span class='ocrx_word' id='word_1_148' title='bbox 1022 2082 1056 2141; x_wconf 88' lang='lat' dir='ltr'>la</span> <span class='ocrx_word' id='word_1_149' title='bbox 1088 2079 1273 2161; x_wconf 78' lang='lat' dir='ltr'>provincia</span> <span class='ocrx_word' id='word_1_150' title='bbox 1305 2081 1351 2141; x_wconf 92' lang='lat' dir='ltr'>de</span> <span class='ocrx_word' id='word_1_151' title='bbox 1375 2080 1410 2141; x_wconf 89' lang='lat' dir='ltr'>la</span> <span class='ocrx_word' id='word_1_152' title='bbox 1434 2079 1560 2142; x_wconf 81' lang='lat' dir='ltr'>Svetia</span> 
     </span>
     <span class='ocr_line' id='line_1_16' title="bbox 286 2184 1575 2270; baseline 0 -20"><span class='ocrx_word' id='word_1_153' title='bbox 286 2191 368 2270; x_wconf 88' lang='lat' dir='ltr'>qual</span> <span class='ocrx_word' id='word_1_154' title='bbox 392 2207 497 2269; x_wconf 89' lang='lat' dir='ltr'>prese</span> <span class='ocrx_word' id='word_1_155' title='bbox 521 2207 567 2248; x_wconf 92' lang='lat' dir='ltr'>un</span> <span class='ocrx_word' id='word_1_156' title='bbox 591 2206 685 2248; x_wconf 88' lang='lat' dir='ltr'>anno</span> <span class='ocrx_word' id='word_1_157' title='bbox 709 2186 746 2248; x_wconf 86' lang='lat' dir='ltr'>fa</span> <span class='ocrx_word' id='word_1_158' title='bbox 770 2197 806 2248; x_wconf 92' lang='lat' dir='ltr'>et</span> <span class='ocrx_word' id='word_1_159' title='bbox 829 2187 865 2250; x_wconf 92' lang='lat' dir='ltr'>in</span> <span class='ocrx_word' id='word_1_160' title='bbox 889 2189 924 2249; x_wconf 87' lang='lat' dir='ltr'>la</span> <span class='ocrx_word' id='word_1_161' title='bbox 948 2187 1018 2248; x_wconf 72' lang='lat' dir='ltr'>cita</span> <span class='ocrx_word' id='word_1_162' title='bbox 1042 2188 1088 2248; x_wconf 87' lang='lat' dir='ltr'>de</span> <span class='ocrx_word' id='word_1_163' title='bbox 1103 2184 1309 2250; x_wconf 88' lang='lat' dir='ltr'>Stocholme</span> <span class='ocrx_word' id='word_1_164' title='bbox 1324 2190 1372 2250; x_wconf 89' lang='lat' dir='ltr'>ha</span> <span class='ocrx_word' id='word_1_165' title='bbox 1386 2188 1575 2250; x_wconf 78' lang='lat' dir='ltr'>convitato</span> 
     </span>
     <span class='ocr_line' id='line_1_17' title="bbox 286 2293 1575 2375; baseline -0.001 -18"><span class='ocrx_word' id='word_1_166' title='bbox 286 2304 479 2358; x_wconf 83' lang='lat' dir='ltr'>ottantatre</span> <span class='ocrx_word' id='word_1_167' title='bbox 503 2313 672 2375; x_wconf 80' lang='lat' dir='ltr'>persone,</span> <span class='ocrx_word' id='word_1_168' title='bbox 703 2293 759 2354; x_wconf 89' lang='lat' dir='ltr'>fra</span> <span class='ocrx_word' id='word_1_169' title='bbox 783 2296 815 2355; x_wconf 89' lang='lat' dir='ltr'>le</span> <span class='ocrx_word' id='word_1_170' title='bbox 840 2296 946 2375; x_wconf 87' lang='lat' dir='ltr'>quale</span> <span class='ocrx_word' id='word_1_171' title='bbox 978 2314 1088 2356; x_wconf 87' lang='lat' dir='ltr'>erano</span> <span class='ocrx_word' id='word_1_172' title='bbox 1112 2294 1173 2356; x_wconf 92' lang='lat' dir='ltr'>dui</span> <span class='ocrx_word' id='word_1_173' title='bbox 1197 2295 1344 2357; x_wconf 81' lang='lat' dir='ltr'>vescovi</span> <span class='ocrx_word' id='word_1_174' title='bbox 1368 2317 1389 2357; x_wconf 85' lang='lat' dir='ltr'>a</span> <span class='ocrx_word' id='word_1_175' title='bbox 1413 2315 1460 2357; x_wconf 91' lang='lat' dir='ltr'>un</span> <span class='ocrx_word' id='word_1_176' title='bbox 1484 2297 1575 2357; x_wconf 87' lang='lat' dir='ltr'>ban-</span> 
     </span>
     <span class='ocr_line' id='line_1_18' title="bbox 286 2401 1577 2481; baseline -0.002 -17"><span class='ocrx_word' id='word_1_177' title='bbox 286 2405 424 2481; x_wconf 87' lang='lat' dir='ltr'>chett0,</span> <span class='ocrx_word' id='word_1_178' title='bbox 458 2411 493 2464; x_wconf 90' lang='lat' dir='ltr'>et</span> <span class='ocrx_word' id='word_1_179' title='bbox 526 2403 666 2464; x_wconf 83' lang='lat' dir='ltr'>haveva</span> <span class='ocrx_word' id='word_1_180' title='bbox 700 2401 770 2462; x_wconf 83' lang='lat' dir='ltr'>dua</span> <span class='ocrx_word' id='word_1_181' title='bbox 801 2402 897 2462; x_wconf 86' lang='lat' dir='ltr'>milia</span> <span class='ocrx_word' id='word_1_182' title='bbox 920 2401 1050 2462; x_wconf 89' lang='lat' dir='ltr'>soldati</span> <span class='ocrx_word' id='word_1_183' title='bbox 1074 2403 1312 2464; x_wconf 80' lang='lat' dir='ltr'>lancechenec</span> <span class='ocrx_word' id='word_1_184' title='bbox 1336 2404 1407 2463; x_wconf 87' lang='lat' dir='ltr'>ben</span> <span class='ocrx_word' id='word_1_185' title='bbox 1431 2403 1577 2479; x_wconf 83' lang='lat' dir='ltr'>armati,</span> 
     </span>
     <span class='ocr_line' id='line_1_19' title="bbox 286 2504 1577 2590; baseline -0.001 -19"><span class='ocrx_word' id='word_1_186' title='bbox 286 2521 322 2572; x_wconf 90' lang='lat' dir='ltr'>et</span> <span class='ocrx_word' id='word_1_187' title='bbox 346 2508 527 2590; x_wconf 83' lang='lat' dir='ltr'>magniato</span> <span class='ocrx_word' id='word_1_188' title='bbox 553 2509 619 2570; x_wconf 88' lang='lat' dir='ltr'>che</span> <span class='ocrx_word' id='word_1_189' title='bbox 642 2509 761 2569; x_wconf 90' lang='lat' dir='ltr'>hebbe</span> <span class='ocrx_word' id='word_1_190' title='bbox 786 2504 822 2572; x_wconf 87' lang='lat' dir='ltr'>S.</span> <span class='ocrx_word' id='word_1_191' title='bbox 847 2507 896 2568; x_wconf 90' lang='lat' dir='ltr'>M.</span> <span class='ocrx_word' id='word_1_192' title='bbox 921 2509 955 2569; x_wconf 93' lang='lat' dir='ltr'>le</span> <span class='ocrx_word' id='word_1_193' title='bbox 977 2507 1058 2570; x_wconf 86' lang='lat' dir='ltr'>fece</span> <span class='ocrx_word' id='word_1_194' title='bbox 1081 2507 1159 2571; x_wconf 88' lang='lat' dir='ltr'>fare</span> <span class='ocrx_word' id='word_1_195' title='bbox 1181 2508 1346 2590; x_wconf 83' lang='lat' dir='ltr'>pregioni</span> <span class='ocrx_word' id='word_1_196' title='bbox 1371 2509 1452 2570; x_wconf 92' lang='lat' dir='ltr'>tutti</span> <span class='ocrx_word' id='word_1_197' title='bbox 1478 2519 1517 2570; x_wconf 89' lang='lat' dir='ltr'>et</span> <span class='ocrx_word' id='word_1_198' title='bbox 1541 2511 1577 2570; x_wconf 88' lang='lat' dir='ltr'>la</span> 
     </span>
     <span class='ocr_line' id='line_1_20' title="bbox 287 2613 1577 2696; baseline -0.004 -16"><span class='ocrx_word' id='word_1_199' title='bbox 287 2628 384 2680; x_wconf 89' lang='lat' dir='ltr'>notte</span> <span class='ocrx_word' id='word_1_200' title='bbox 409 2616 433 2678; x_wconf 94' lang='lat' dir='ltr'>li</span> <span class='ocrx_word' id='word_1_201' title='bbox 457 2616 535 2679; x_wconf 86' lang='lat' dir='ltr'>fece</span> <span class='ocrx_word' id='word_1_202' title='bbox 560 2615 753 2696; x_wconf 83' lang='lat' dir='ltr'>decapitar,</span> <span class='ocrx_word' id='word_1_203' title='bbox 779 2625 814 2676; x_wconf 88' lang='lat' dir='ltr'>et</span> <span class='ocrx_word' id='word_1_204' title='bbox 838 2614 937 2695; x_wconf 89' lang='lat' dir='ltr'>dipoi</span> <span class='ocrx_word' id='word_1_205' title='bbox 960 2617 1087 2676; x_wconf 85' lang='lat' dir='ltr'>butare</span> <span class='ocrx_word' id='word_1_206' title='bbox 1111 2635 1219 2696; x_wconf 85' lang='lat' dir='ltr'>sopra</span> <span class='ocrx_word' id='word_1_207' title='bbox 1242 2636 1288 2677; x_wconf 90' lang='lat' dir='ltr'>un</span> <span class='ocrx_word' id='word_1_208' title='bbox 1313 2613 1432 2695; x_wconf 90' lang='lat' dir='ltr'>foch0,</span> <span class='ocrx_word' id='word_1_209' title='bbox 1456 2623 1493 2675; x_wconf 89' lang='lat' dir='ltr'>et</span> <span class='ocrx_word' id='word_1_210' title='bbox 1510 2616 1577 2696; x_wconf 70' lang='lat' dir='ltr'>pin</span> 
     </span>
     <span class='ocr_line' id='line_1_21' title="bbox 285 2722 1578 2805; baseline -0.001 -19"><span class='ocrx_word' id='word_1_211' title='bbox 285 2746 332 2786; x_wconf 92' lang='lat' dir='ltr'>un</span> <span class='ocrx_word' id='word_1_212' title='bbox 357 2723 536 2805; x_wconf 89' lang='lat' dir='ltr'>capitanio</span> <span class='ocrx_word' id='word_1_213' title='bbox 561 2723 643 2805; x_wconf 86' lang='lat' dir='ltr'>qual</span> <span class='ocrx_word' id='word_1_214' title='bbox 669 2742 730 2784; x_wconf 90' lang='lat' dir='ltr'>era</span> <span class='ocrx_word' id='word_1_215' title='bbox 754 2731 869 2783; x_wconf 91' lang='lat' dir='ltr'>morto</span> <span class='ocrx_word' id='word_1_216' title='bbox 894 2722 940 2782; x_wconf 88' lang='lat' dir='ltr'>de</span> <span class='ocrx_word' id='word_1_217' title='bbox 964 2722 1014 2783; x_wconf 87' lang='lat' dir='ltr'>sei</span> <span class='ocrx_word' id='word_1_218' title='bbox 1038 2723 1124 2783; x_wconf 87' lang='lat' dir='ltr'>mesi</span> <span class='ocrx_word' id='word_1_219' title='bbox 1149 2722 1271 2784; x_wconf 84' lang='lat' dir='ltr'>avanti</span> <span class='ocrx_word' id='word_1_220' title='bbox 1295 2725 1362 2784; x_wconf 89' lang='lat' dir='ltr'>che</span> <span class='ocrx_word' id='word_1_221' title='bbox 1386 2723 1415 2783; x_wconf 89' lang='lat' dir='ltr'>si</span> <span class='ocrx_word' id='word_1_222' title='bbox 1440 2744 1503 2784; x_wconf 85' lang='lat' dir='ltr'>era</span> <span class='ocrx_word' id='word_1_223' title='bbox 1520 2745 1578 2785; x_wconf 90' lang='lat' dir='ltr'>re·</span> 
     </span>
     <span class='ocr_line' id='line_1_22' title="bbox 286 2828 1581 2912; baseline -0.001 -18"><span class='ocrx_word' id='word_1_224' title='bbox 286 2842 427 2895; x_wconf 87' lang='lat' dir='ltr'>trovato</span> <span class='ocrx_word' id='word_1_225' title='bbox 451 2841 575 2893; x_wconf 91' lang='lat' dir='ltr'>contra</span> <span class='ocrx_word' id='word_1_226' title='bbox 600 2831 634 2892; x_wconf 90' lang='lat' dir='ltr'>el</span> <span class='ocrx_word' id='word_1_227' title='bbox 656 2828 798 2910; x_wconf 86' lang='lat' dir='ltr'>prefato</span> <span class='ocrx_word' id='word_1_228' title='bbox 823 2849 862 2891; x_wconf 89' lang='lat' dir='ltr'>re</span> <span class='ocrx_word' id='word_1_229' title='bbox 886 2828 1029 2909; x_wconf 86' lang='lat' dir='ltr'>quando</span> <span class='ocrx_word' id='word_1_230' title='bbox 1053 2849 1159 2911; x_wconf 88' lang='lat' dir='ltr'>prese</span> <span class='ocrx_word' id='word_1_231' title='bbox 1183 2830 1279 2892; x_wconf 85' lang='lat' dir='ltr'>dicta</span> <span class='ocrx_word' id='word_1_232' title='bbox 1302 2830 1504 2912; x_wconf 85' lang='lat' dir='ltr'>provincia,</span> <span class='ocrx_word' id='word_1_233' title='bbox 1541 2833 1581 2893; x_wconf 90' lang='lat' dir='ltr'>lo</span> 
     </span>
     <span class='ocr_line' id='line_1_23' title="bbox 285 2935 1543 3018; baseline -0.001 -16"><span class='ocrx_word' id='word_1_234' title='bbox 285 2940 365 3002; x_wconf 85' lang='lat' dir='ltr'>fece</span> <span class='ocrx_word' id='word_1_235' title='bbox 389 2959 520 3001; x_wconf 89' lang='lat' dir='ltr'>cavare</span> <span class='ocrx_word' id='word_1_236' title='bbox 544 2939 589 3001; x_wconf 89' lang='lat' dir='ltr'>de</span> <span class='ocrx_word' id='word_1_237' title='bbox 614 2939 648 2998; x_wconf 88' lang='lat' dir='ltr'>la</span> <span class='ocrx_word' id='word_1_238' title='bbox 673 2939 856 3018; x_wconf 87' lang='lat' dir='ltr'>sepoltura</span> <span class='ocrx_word' id='word_1_239' title='bbox 881 2949 917 2998; x_wconf 90' lang='lat' dir='ltr'>et</span> <span class='ocrx_word' id='word_1_240' title='bbox 939 2935 1055 3017; x_wconf 83' lang='lat' dir='ltr'>gitare</span> <span class='ocrx_word' id='word_1_241' title='bbox 1080 2939 1137 2998; x_wconf 89' lang='lat' dir='ltr'>nel</span> <span class='ocrx_word' id='word_1_242' title='bbox 1160 2936 1268 2999; x_wconf 87' lang='lat' dir='ltr'>focho</span> <span class='ocrx_word' id='word_1_243' title='bbox 1293 2958 1371 2999; x_wconf 91' lang='lat' dir='ltr'>cum</span> <span class='ocrx_word' id='word_1_244' title='bbox 1396 2937 1419 2999; x_wconf 83' lang='lat' dir='ltr'>ii</span> <span class='ocrx_word' id='word_1_245' title='bbox 1443 2939 1543 3001; x_wconf 80' lang='lat' dir='ltr'>altri.</span> 
     </span>
    </p>

    <p class='ocr_par' dir='ltr' id='par_1_5' title="bbox 225 3040 1585 3769">
     <span class='ocr_line' id='line_1_24' title="bbox 396 3040 1582 3128; baseline 0 -21"><span class='ocrx_word' id='word_1_246' title='bbox 396 3048 428 3107; x_wconf 83' lang='lat' dir='ltr'><strong>A</strong></span> <span class='ocrx_word' id='word_1_247' title='bbox 462 3046 577 3128; x_wconf 90' lang='lat' dir='ltr'>questi</span> <span class='ocrx_word' id='word_1_248' title='bbox 609 3043 726 3127; x_wconf 87' lang='lat' dir='ltr'>giorni</span> <span class='ocrx_word' id='word_1_249' title='bbox 755 3044 789 3105; x_wconf 91' lang='lat' dir='ltr'>in</span> <span class='ocrx_word' id='word_1_250' title='bbox 817 3040 976 3105; x_wconf 81' lang='lat' dir='ltr'>Saxonia</span> <span class='ocrx_word' id='word_1_251' title='bbox 999 3064 1045 3105; x_wconf 93' lang='lat' dir='ltr'>un</span> <span class='ocrx_word' id='word_1_252' title='bbox 1071 3055 1170 3106; x_wconf 90' lang='lat' dir='ltr'>certo</span> <span class='ocrx_word' id='word_1_253' title='bbox 1193 3056 1297 3124; x_wconf 89' lang='lat' dir='ltr'>prete</span> <span class='ocrx_word' id='word_1_254' title='bbox 1321 3044 1475 3105; x_wconf 88' lang='lat' dir='ltr'>dicendo</span> <span class='ocrx_word' id='word_1_255' title='bbox 1503 3049 1582 3107; x_wconf 88' lang='lat' dir='ltr'>mal</span> 
     </span>
     <span class='ocr_line' id='line_1_25' title="bbox 286 3150 1583 3233; baseline -0.002 -18"><span class='ocrx_word' id='word_1_256' title='bbox 286 3156 344 3215; x_wconf 90' lang='lat' dir='ltr'>del</span> <span class='ocrx_word' id='word_1_257' title='bbox 368 3153 519 3233; x_wconf 90' lang='lat' dir='ltr'>Luther,</span> <span class='ocrx_word' id='word_1_258' title='bbox 553 3152 576 3214; x_wconf 91' lang='lat' dir='ltr'>li</span> <span class='ocrx_word' id='word_1_259' title='bbox 607 3150 793 3212; x_wconf 88' lang='lat' dir='ltr'>adherenti</span> <span class='ocrx_word' id='word_1_260' title='bbox 827 3152 880 3213; x_wconf 92' lang='lat' dir='ltr'>soi</span> <span class='ocrx_word' id='word_1_261' title='bbox 913 3152 947 3213; x_wconf 95' lang='lat' dir='ltr'>lo</span> <span class='ocrx_word' id='word_1_262' title='bbox 981 3151 1141 3213; x_wconf 90' lang='lat' dir='ltr'>andorno</span> <span class='ocrx_word' id='word_1_263' title='bbox 1164 3173 1186 3213; x_wconf 88' lang='lat' dir='ltr'>a</span> <span class='ocrx_word' id='word_1_264' title='bbox 1210 3152 1371 3233; x_wconf 85' lang='lat' dir='ltr'>lapidare</span> <span class='ocrx_word' id='word_1_265' title='bbox 1402 3172 1507 3213; x_wconf 89' lang='lat' dir='ltr'>come</span> <span class='ocrx_word' id='word_1_266' title='bbox 1539 3175 1583 3215; x_wconf 84' lang='lat' dir='ltr'>se</span> 
     </span>
     <span class='ocr_line' id='line_1_26' title="bbox 286 3256 1584 3339; baseline 0 -17"><span class='ocrx_word' id='word_1_267' title='bbox 286 3261 365 3323; x_wconf 84' lang='lat' dir='ltr'>fece</span> <span class='ocrx_word' id='word_1_268' title='bbox 390 3258 524 3322; x_wconf 85' lang='lat' dir='ltr'>Sancto</span> <span class='ocrx_word' id='word_1_269' title='bbox 549 3256 734 3339; x_wconf 89' lang='lat' dir='ltr'>Stephano</span> <span class='ocrx_word' id='word_1_270' title='bbox 766 3277 845 3319; x_wconf 87' lang='lat' dir='ltr'>curn</span> <span class='ocrx_word' id='word_1_271' title='bbox 877 3257 900 3319; x_wconf 91' lang='lat' dir='ltr'>li</span> <span class='ocrx_word' id='word_1_272' title='bbox 925 3258 1021 3337; x_wconf 84' lang='lat' dir='ltr'>saxi,</span> <span class='ocrx_word' id='word_1_273' title='bbox 1053 3267 1087 3320; x_wconf 90' lang='lat' dir='ltr'>et</span> <span class='ocrx_word' id='word_1_274' title='bbox 1112 3258 1170 3339; x_wconf 84' lang='lat' dir='ltr'>pid</span> <span class='ocrx_word' id='word_1_275' title='bbox 1196 3260 1358 3321; x_wconf 89' lang='lat' dir='ltr'>andorno</span> <span class='ocrx_word' id='word_1_276' title='bbox 1382 3280 1403 3320; x_wconf 80' lang='lat' dir='ltr'>a</span> <span class='ocrx_word' id='word_1_277' title='bbox 1427 3260 1461 3320; x_wconf 85' lang='lat' dir='ltr'>la</span> <span class='ocrx_word' id='word_1_278' title='bbox 1488 3281 1584 3322; x_wconf 81' lang='lat' dir='ltr'>casa</span> 
     </span>
     <span class='ocr_line' id='line_1_27' title="bbox 225 3356 1585 3446; baseline 0 -17"><span class='ocrx_word' id='word_1_279' title='bbox 225 3356 233 3363; x_wconf 53' lang='lat'>⁵</span> <span class='ocrx_word' id='word_1_280' title='bbox 286 3369 332 3431; x_wconf 88' lang='lat' dir='ltr'>de</span> <span class='ocrx_word' id='word_1_281' title='bbox 356 3367 410 3445; x_wconf 90' lang='lat' dir='ltr'>Jo.</span> <span class='ocrx_word' id='word_1_282' title='bbox 436 3365 558 3443; x_wconf 85' lang='lat' dir='ltr'>Echio,</span> <span class='ocrx_word' id='word_1_283' title='bbox 586 3386 643 3427; x_wconf 91' lang='lat' dir='ltr'>ma</span> <span class='ocrx_word' id='word_1_284' title='bbox 667 3365 715 3425; x_wconf 93' lang='lat' dir='ltr'>lui</span> <span class='ocrx_word' id='word_1_285' title='bbox 740 3363 855 3446; x_wconf 83' lang='lat' dir='ltr'>fugite</span> <span class='ocrx_word' id='word_1_286' title='bbox 880 3375 916 3425; x_wconf 85' lang='lat' dir='ltr'>et</span> <span class='ocrx_word' id='word_1_287' title='bbox 939 3365 1048 3446; x_wconf 86' lang='lat' dir='ltr'>quelli</span> <span class='ocrx_word' id='word_1_288' title='bbox 1072 3364 1236 3427; x_wconf 86' lang='lat' dir='ltr'>servitori</span> <span class='ocrx_word' id='word_1_289' title='bbox 1260 3385 1281 3426; x_wconf 93' lang='grc' dir='ltr'><strong>ο</strong></span> <span class='ocrx_word' id='word_1_290' title='bbox 1306 3366 1387 3428; x_wconf 84' lang='lat' dir='ltr'>altri</span> <span class='ocrx_word' id='word_1_291' title='bbox 1411 3368 1480 3428; x_wconf 89' lang='lat' dir='ltr'>che</span> <span class='ocrx_word' id='word_1_292' title='bbox 1506 3378 1585 3430; x_wconf 90' lang='lat' dir='ltr'>tro-</span> 
     </span>
     <span class='ocr_line' id='line_1_28' title="bbox 287 3471 1582 3555; baseline 0.002 -20"><span class='ocrx_word' id='word_1_293' title='bbox 287 3494 399 3536; x_wconf 85' lang='lat' dir='ltr'>vorno</span> <span class='ocrx_word' id='word_1_294' title='bbox 423 3473 458 3535; x_wconf 90' lang='lat' dir='ltr'>in</span> <span class='ocrx_word' id='word_1_295' title='bbox 484 3492 568 3534; x_wconf 86' lang='lat' dir='ltr'>casa</span> <span class='ocrx_word' id='word_1_296' title='bbox 591 3472 717 3535; x_wconf 88' lang='lat' dir='ltr'>fureno</span> <span class='ocrx_word' id='word_1_297' title='bbox 742 3471 846 3553; x_wconf 86' lang='lat' dir='ltr'>gitati</span> <span class='ocrx_word' id='word_1_298' title='bbox 863 3472 943 3555; x_wconf 87' lang='lat' dir='ltr'>fora</span> <span class='ocrx_word' id='word_1_299' title='bbox 959 3473 1004 3533; x_wconf 89' lang='lat' dir='ltr'>de</span> <span class='ocrx_word' id='word_1_300' title='bbox 1019 3473 1053 3533; x_wconf 83' lang='lat' dir='ltr'>ie</span> <span class='ocrx_word' id='word_1_301' title='bbox 1067 3471 1222 3534; x_wconf 83' lang='lat' dir='ltr'>fenestre</span> <span class='ocrx_word' id='word_1_302' title='bbox 1240 3483 1277 3534; x_wconf 90' lang='lat' dir='ltr'>et</span> <span class='ocrx_word' id='word_1_303' title='bbox 1293 3493 1363 3535; x_wconf 92' lang='lat' dir='ltr'>uno</span> <span class='ocrx_word' id='word_1_304' title='bbox 1379 3494 1424 3536; x_wconf 89' lang='lat' dir='ltr'>ne</span> <span class='ocrx_word' id='word_1_305' title='bbox 1438 3495 1582 3538; x_wconf 89' lang='lat' dir='ltr'>morse.</span> 
     </span>
     <span class='ocr_line' id='line_1_29' title="bbox 287 3578 1585 3662; baseline 0.004 -19"><span class='ocrx_word' id='word_1_306' title='bbox 287 3582 338 3643; x_wconf 86' lang='lat' dir='ltr'>La</span> <span class='ocrx_word' id='word_1_307' title='bbox 368 3580 520 3662; x_wconf 87' lang='lat' dir='ltr'>epistola</span> <span class='ocrx_word' id='word_1_308' title='bbox 552 3578 688 3641; x_wconf 84' lang='lat' dir='ltr'>inclusa</span> <span class='ocrx_word' id='word_1_309' title='bbox 718 3579 739 3640; x_wconf 91' lang='lat' dir='ltr'>l&#39;</span> <span class='ocrx_word' id='word_1_310' title='bbox 757 3580 849 3640; x_wconf 87' lang='lat' dir='ltr'>altra</span> <span class='ocrx_word' id='word_1_311' title='bbox 880 3579 1013 3641; x_wconf 83' lang='lat' dir='ltr'>matina</span> <span class='ocrx_word' id='word_1_312' title='bbox 1036 3579 1073 3641; x_wconf 92' lang='lat' dir='ltr'>fu</span> <span class='ocrx_word' id='word_1_313' title='bbox 1098 3590 1306 3660; x_wconf 86' lang='lat' dir='ltr'>presentata</span> <span class='ocrx_word' id='word_1_314' title='bbox 1329 3582 1364 3641; x_wconf 90' lang='lat' dir='ltr'>al</span> <span class='ocrx_word' id='word_1_315' title='bbox 1386 3579 1446 3643; x_wconf 88' lang='lat' dir='ltr'>Re</span> <span class='ocrx_word' id='word_1_316' title='bbox 1472 3592 1512 3643; x_wconf 89' lang='lat' dir='ltr'>et</span> <span class='ocrx_word' id='word_1_317' title='bbox 1542 3582 1585 3649; x_wconf 84' lang='lat' dir='ltr'>S.</span> 
     </span>
     <span class='ocr_line' id='line_1_30' title="bbox 287 3686 1585 3769; baseline 0.004 -19"><span class='ocrx_word' id='word_1_318' title='bbox 287 3686 424 3751; x_wconf 71' lang='lat' dir='ltr'>Maesta</span> <span class='ocrx_word' id='word_1_319' title='bbox 448 3686 584 3765; x_wconf 89' lang='lat' dir='ltr'>subito,</span> <span class='ocrx_word' id='word_1_320' title='bbox 608 3705 713 3748; x_wconf 87' lang='lat' dir='ltr'>senza</span> <span class='ocrx_word' id='word_1_321' title='bbox 738 3686 896 3747; x_wconf 89' lang='lat' dir='ltr'>vederne</span> <span class='ocrx_word' id='word_1_322' title='bbox 918 3687 1063 3767; x_wconf 79' lang='lat' dir='ltr'>parola,</span> <span class='ocrx_word' id='word_1_323' title='bbox 1095 3688 1131 3749; x_wconf 85' lang='lat' dir='ltr'>la</span> <span class='ocrx_word' id='word_1_324' title='bbox 1154 3690 1270 3749; x_wconf 83' lang='lat' dir='ltr'>strazd</span> <span class='ocrx_word' id='word_1_325' title='bbox 1294 3687 1585 3769; x_wconf 86' lang='lat' dir='ltr'>publicamente.</span> 
     </span>
    </p>

    <p class='ocr_par' dir='ltr' id='par_1_6' title="bbox 285 3792 1597 4948">
     <span class='ocr_line' id='line_1_31' title="bbox 395 3792 1587 3875; baseline 0.005 -19"><span class='ocrx_word' id='word_1_326' title='bbox 395 3794 516 3856; x_wconf 85' lang='lat' dir='ltr'>Sonno</span> <span class='ocrx_word' id='word_1_327' title='bbox 550 3794 594 3855; x_wconf 92' lang='lat' dir='ltr'>tri</span> <span class='ocrx_word' id='word_1_328' title='bbox 625 3793 741 3875; x_wconf 86' lang='lat' dir='ltr'>giorni</span> <span class='ocrx_word' id='word_1_329' title='bbox 775 3795 841 3854; x_wconf 88' lang='lat' dir='ltr'>che</span> <span class='ocrx_word' id='word_1_330' title='bbox 874 3794 1048 3873; x_wconf 83' lang='lat' dir='ltr'>parlando</span> <span class='ocrx_word' id='word_1_331' title='bbox 1078 3793 1194 3857; x_wconf 90' lang='lat' dir='ltr'>Mons.</span> <span class='ocrx_word' id='word_1_332' title='bbox 1225 3795 1332 3858; x_wconf 91' lang='lat' dir='ltr'>Rmo.</span> <span class='ocrx_word' id='word_1_333' title='bbox 1358 3792 1587 3861; x_wconf 85' lang='lat' dir='ltr'>Sedunense</span> 
     </span>
     <span class='ocr_line' id='line_1_32' title="bbox 286 3899 1588 3982; baseline -0.001 -17"><span class='ocrx_word' id='word_1_334' title='bbox 286 3923 363 3965; x_wconf 89' lang='lat' dir='ltr'>cum</span> <span class='ocrx_word' id='word_1_335' title='bbox 390 3902 478 3963; x_wconf 88' lang='lat' dir='ltr'>certi</span> <span class='ocrx_word' id='word_1_336' title='bbox 502 3902 582 3963; x_wconf 89' lang='lat' dir='ltr'>altri</span> <span class='ocrx_word' id='word_1_337' title='bbox 606 3899 854 3982; x_wconf 86' lang='lat' dir='ltr'>gentilhomini</span> <span class='ocrx_word' id='word_1_338' title='bbox 880 3900 925 3961; x_wconf 86' lang='lat' dir='ltr'>de</span> <span class='ocrx_word' id='word_1_339' title='bbox 949 3910 1076 3980; x_wconf 85' lang='lat' dir='ltr'>questa</span> <span class='ocrx_word' id='word_1_340' title='bbox 1100 3902 1248 3963; x_wconf 89' lang='lat' dir='ltr'>materia</span> <span class='ocrx_word' id='word_1_341' title='bbox 1271 3902 1330 3963; x_wconf 93' lang='lat' dir='ltr'>del</span> <span class='ocrx_word' id='word_1_342' title='bbox 1354 3901 1509 3976; x_wconf 88' lang='lat' dir='ltr'>Luther‚</span> <span class='ocrx_word' id='word_1_343' title='bbox 1544 3904 1588 3970; x_wconf 74' lang='lat' dir='ltr'>S.</span> 
     </span>
     <span class='ocr_line' id='line_1_33' title="bbox 287 4006 1589 4090; baseline 0.004 -19"><span class='ocrx_word' id='word_1_344' title='bbox 287 4009 455 4090; x_wconf 70' lang='lat' dir='ltr'>bignoria</span> <span class='ocrx_word' id='word_1_345' title='bbox 480 4008 584 4071; x_wconf 86' lang='lat' dir='ltr'>Rma.</span> <span class='ocrx_word' id='word_1_346' title='bbox 610 4008 704 4069; x_wconf 91' lang='lat' dir='ltr'>disse</span> <span class='ocrx_word' id='word_1_347' title='bbox 731 4006 895 4067; x_wconf 87' lang='lat' dir='ltr'>dubitare</span> <span class='ocrx_word' id='word_1_348' title='bbox 929 4008 1186 4085; x_wconf 87' lang='lat' dir='ltr'>grandemente</span> <span class='ocrx_word' id='word_1_349' title='bbox 1219 4009 1303 4087; x_wconf 89' lang='lat' dir='ltr'>che,</span> <span class='ocrx_word' id='word_1_350' title='bbox 1337 4007 1470 4089; x_wconf 90' lang='lat' dir='ltr'>partito</span> <span class='ocrx_word' id='word_1_351' title='bbox 1508 4015 1589 4076; x_wconf 83' lang='lat' dir='ltr'>che</span> 
     </span>
     <span class='ocr_line' id='line_1_34' title="bbox 286 4113 1591 4195; baseline 0.005 -18"><span class='ocrx_word' id='word_1_352' title='bbox 286 4115 383 4177; x_wconf 89' lang='lat' dir='ltr'>fusse</span> <span class='ocrx_word' id='word_1_353' title='bbox 416 4116 451 4177; x_wconf 93' lang='lat' dir='ltr'>lo</span> <span class='ocrx_word' id='word_1_354' title='bbox 483 4114 720 4195; x_wconf 88' lang='lat' dir='ltr'>Imperatore,</span> <span class='ocrx_word' id='word_1_355' title='bbox 754 4124 879 4194; x_wconf 88' lang='lat' dir='ltr'>queste</span> <span class='ocrx_word' id='word_1_356' title='bbox 910 4113 1024 4175; x_wconf 88' lang='lat' dir='ltr'>bestie</span> <span class='ocrx_word' id='word_1_357' title='bbox 1055 4134 1126 4176; x_wconf 91' lang='lat' dir='ltr'>non</span> <span class='ocrx_word' id='word_1_358' title='bbox 1159 4134 1199 4176; x_wconf 90' lang='lat' dir='ltr'>se</span> <span class='ocrx_word' id='word_1_359' title='bbox 1222 4115 1439 4178; x_wconf 87' lang='lat' dir='ltr'>alienassero</span> <span class='ocrx_word' id='word_1_360' title='bbox 1466 4118 1519 4179; x_wconf 85' lang='lat' dir='ltr'>da</span> <span class='ocrx_word' id='word_1_361' title='bbox 1548 4123 1591 4184; x_wconf 81' lang='lat' dir='ltr'>la</span> 
     </span>
     <span class='ocr_line' id='line_1_35' title="bbox 287 4219 1591 4301; baseline 0.005 -18"><span class='ocrx_word' id='word_1_362' title='bbox 287 4221 454 4285; x_wconf 91' lang='lat' dir='ltr'>devotion</span> <span class='ocrx_word' id='word_1_363' title='bbox 473 4222 640 4284; x_wconf 81' lang='lat' dir='ltr'>Romana</span> <span class='ocrx_word' id='word_1_364' title='bbox 663 4233 699 4283; x_wconf 93' lang='lat' dir='ltr'>et</span> <span class='ocrx_word' id='word_1_365' title='bbox 722 4222 788 4282; x_wconf 87' lang='lat' dir='ltr'>che</span> <span class='ocrx_word' id='word_1_366' title='bbox 813 4220 836 4281; x_wconf 95' lang='lat' dir='ltr'>li</span> <span class='ocrx_word' id='word_1_367' title='bbox 853 4219 947 4300; x_wconf 87' lang='lat' dir='ltr'>preti</span> <span class='ocrx_word' id='word_1_368' title='bbox 964 4240 1034 4282; x_wconf 90' lang='lat' dir='ltr'>non</span> <span class='ocrx_word' id='word_1_369' title='bbox 1048 4234 1241 4301; x_wconf 85' lang='lat' dir='ltr'>patesseno</span> <span class='ocrx_word' id='word_1_370' title='bbox 1258 4232 1295 4285; x_wconf 89' lang='lat' dir='ltr'>et</span> <span class='ocrx_word' id='word_1_371' title='bbox 1309 4224 1376 4285; x_wconf 89' lang='lat' dir='ltr'>che</span> <span class='ocrx_word' id='word_1_372' title='bbox 1392 4224 1413 4284; x_wconf 89' lang='lat' dir='ltr'>l&#39;</span> <span class='ocrx_word' id='word_1_373' title='bbox 1429 4223 1591 4290; x_wconf 85' lang='lat' dir='ltr'>haveva</span> 
     </span>
     <span class='ocr_line' id='line_1_36' title="bbox 285 4327 1594 4411; baseline 0.006 -20"><span class='ocrx_word' id='word_1_374' title='bbox 285 4331 425 4411; x_wconf 79' lang='lat' dir='ltr'>perlato</span> <span class='ocrx_word' id='word_1_375' title='bbox 457 4349 536 4391; x_wconf 87' lang='lat' dir='ltr'>curn</span> <span class='ocrx_word' id='word_1_376' title='bbox 568 4328 666 4390; x_wconf 88' lang='lat' dir='ltr'>molti</span> <span class='ocrx_word' id='word_1_377' title='bbox 691 4328 737 4389; x_wconf 95' lang='lat' dir='ltr'>de</span> <span class='ocrx_word' id='word_1_378' title='bbox 762 4327 877 4409; x_wconf 86' lang='lat' dir='ltr'>questi</span> <span class='ocrx_word' id='word_1_379' title='bbox 902 4327 1048 4407; x_wconf 85' lang='lat' dir='ltr'>grandi,</span> <span class='ocrx_word' id='word_1_380' title='bbox 1083 4338 1119 4391; x_wconf 85' lang='lat' dir='ltr'>et</span> <span class='ocrx_word' id='word_1_381' title='bbox 1141 4330 1243 4410; x_wconf 85' lang='lat' dir='ltr'>quasi</span> <span class='ocrx_word' id='word_1_382' title='bbox 1267 4330 1348 4391; x_wconf 87' lang='lat' dir='ltr'>tutti</span> <span class='ocrx_word' id='word_1_383' title='bbox 1371 4330 1397 4391; x_wconf 85' lang='lat' dir='ltr'>li</span> <span class='ocrx_word' id='word_1_384' title='bbox 1418 4339 1594 4399; x_wconf 81' lang='lat' dir='ltr'>trovava</span> 
     </span>
     <span class='ocr_line' id='line_1_37' title="bbox 286 4434 1591 4517; baseline 0.006 -20"><span class='ocrx_word' id='word_1_385' title='bbox 286 4435 468 4499; x_wconf 86' lang='lat' dir='ltr'>inanimati</span> <span class='ocrx_word' id='word_1_386' title='bbox 502 4445 627 4498; x_wconf 89' lang='lat' dir='ltr'>contra</span> <span class='ocrx_word' id='word_1_387' title='bbox 659 4438 693 4496; x_wconf 88' lang='lat' dir='ltr'>la</span> <span class='ocrx_word' id='word_1_388' title='bbox 724 4445 823 4495; x_wconf 89' lang='lat' dir='ltr'>corte</span> <span class='ocrx_word' id='word_1_389' title='bbox 854 4434 890 4495; x_wconf 92' lang='lat' dir='ltr'>di</span> <span class='ocrx_word' id='word_1_390' title='bbox 914 4434 1035 4497; x_wconf 87' lang='lat' dir='ltr'>Roma</span> <span class='ocrx_word' id='word_1_391' title='bbox 1066 4436 1178 4498; x_wconf 89' lang='lat' dir='ltr'>solum</span> <span class='ocrx_word' id='word_1_392' title='bbox 1202 4456 1267 4517; x_wconf 90' lang='lat' dir='ltr'>per</span> <span class='ocrx_word' id='word_1_393' title='bbox 1291 4437 1324 4498; x_wconf 88' lang='lat' dir='ltr'>le</span> <span class='ocrx_word' id='word_1_394' title='bbox 1348 4456 1431 4498; x_wconf 88' lang='lat' dir='ltr'>cose</span> <span class='ocrx_word' id='word_1_395' title='bbox 1464 4440 1591 4505; x_wconf 87' lang='lat' dir='ltr'>have·</span> 
     </span>
     <span class='ocr_line' id='line_1_38' title="bbox 287 4540 1592 4624; baseline 0.003 -19"><span class='ocrx_word' id='word_1_396' title='bbox 287 4563 380 4605; x_wconf 88' lang='lat' dir='ltr'>vano</span> <span class='ocrx_word' id='word_1_397' title='bbox 413 4553 540 4624; x_wconf 84' lang='lat' dir='ltr'>saputo</span> <span class='ocrx_word' id='word_1_398' title='bbox 571 4552 607 4604; x_wconf 91' lang='lat' dir='ltr'>et</span> <span class='ocrx_word' id='word_1_399' title='bbox 637 4543 787 4620; x_wconf 87' lang='lat' dir='ltr'>vedut0,</span> <span class='ocrx_word' id='word_1_400' title='bbox 821 4540 1008 4621; x_wconf 88' lang='lat' dir='ltr'>presertim</span> <span class='ocrx_word' id='word_1_401' title='bbox 1034 4542 1078 4603; x_wconf 90' lang='lat' dir='ltr'>de</span> <span class='ocrx_word' id='word_1_402' title='bbox 1102 4542 1137 4603; x_wconf 82' lang='lat' dir='ltr'>io</span> <span class='ocrx_word' id='word_1_403' title='bbox 1162 4542 1396 4605; x_wconf 89' lang='lat' dir='ltr'>Arcimboldo</span> <span class='ocrx_word' id='word_1_404' title='bbox 1419 4546 1488 4607; x_wconf 89' lang='lat' dir='ltr'>che</span> <span class='ocrx_word' id='word_1_405' title='bbox 1519 4550 1592 4613; x_wconf 85' lang='lat' dir='ltr'>ha-</span> 
     </span>
     <span class='ocr_line' id='line_1_39' title="bbox 286 4646 1594 4729; baseline 0.002 -18"><span class='ocrx_word' id='word_1_406' title='bbox 286 4670 379 4711; x_wconf 90' lang='lat' dir='ltr'>veva</span> <span class='ocrx_word' id='word_1_407' title='bbox 402 4648 498 4711; x_wconf 89' lang='lat' dir='ltr'>facto</span> <span class='ocrx_word' id='word_1_408' title='bbox 522 4648 618 4710; x_wconf 86' lang='lat' dir='ltr'>mille</span> <span class='ocrx_word' id='word_1_409' title='bbox 643 4646 861 4729; x_wconf 88' lang='lat' dir='ltr'>poltronerie</span> <span class='ocrx_word' id='word_1_410' title='bbox 886 4657 1025 4709; x_wconf 87' lang='lat' dir='ltr'>etcum</span> <span class='ocrx_word' id='word_1_411' title='bbox 1049 4648 1072 4710; x_wconf 94' lang='lat' dir='ltr'>li</span> <span class='ocrx_word' id='word_1_412' title='bbox 1097 4647 1180 4710; x_wconf 87' lang='lat' dir='ltr'>frati</span> <span class='ocrx_word' id='word_1_413' title='bbox 1204 4650 1249 4710; x_wconf 90' lang='lat' dir='ltr'>de</span> <span class='ocrx_word' id='word_1_414' title='bbox 1283 4650 1307 4711; x_wconf 93' lang='lat' dir='ltr'>li</span> <span class='ocrx_word' id='word_1_415' title='bbox 1339 4650 1495 4713; x_wconf 88' lang='lat' dir='ltr'>ciocholi</span> <span class='ocrx_word' id='word_1_416' title='bbox 1526 4677 1594 4721; x_wconf 80' lang='lat' dir='ltr'>ca-</span> 
     </span>
     <span class='ocr_line' id='line_1_40' title="bbox 287 4754 1596 4837; baseline 0.003 -20"><span class='ocrx_word' id='word_1_417' title='bbox 287 4769 369 4817; x_wconf 85' lang='lat' dir='ltr'>vato</span> <span class='ocrx_word' id='word_1_418' title='bbox 395 4755 516 4837; x_wconf 84' lang='lat' dir='ltr'>quanti</span> <span class='ocrx_word' id='word_1_419' title='bbox 541 4755 656 4817; x_wconf 89' lang='lat' dir='ltr'>dinari</span> <span class='ocrx_word' id='word_1_420' title='bbox 681 4774 790 4817; x_wconf 89' lang='lat' dir='ltr'>erano</span> <span class='ocrx_word' id='word_1_421' title='bbox 815 4760 873 4835; x_wconf 77' lang='lat' dir='ltr'>qui</span> <span class='ocrx_word' id='word_1_422' title='bbox 899 4763 934 4815; x_wconf 89' lang='lat' dir='ltr'>et</span> <span class='ocrx_word' id='word_1_423' title='bbox 958 4756 1038 4816; x_wconf 88' lang='lat' dir='ltr'>dele</span> <span class='ocrx_word' id='word_1_424' title='bbox 1058 4754 1242 4836; x_wconf 84' lang='lat' dir='ltr'>signature</span> <span class='ocrx_word' id='word_1_425' title='bbox 1259 4757 1325 4819; x_wconf 91' lang='lat' dir='ltr'>che</span> <span class='ocrx_word' id='word_1_426' title='bbox 1340 4778 1380 4819; x_wconf 92' lang='lat' dir='ltr'>se</span> <span class='ocrx_word' id='word_1_427' title='bbox 1394 4756 1596 4828; x_wconf 82' lang='lat' dir='ltr'>facevano</span> 
     </span>
     <span class='ocr_line' id='line_1_41' title="bbox 287 4860 1597 4948; baseline 0.002 -25"><span class='ocrx_word' id='word_1_428' title='bbox 287 4862 321 4923; x_wconf 93' lang='lat' dir='ltr'>in</span> <span class='ocrx_word' id='word_1_429' title='bbox 347 4875 445 4924; x_wconf 89' lang='lat' dir='ltr'>corte</span> <span class='ocrx_word' id='word_1_430' title='bbox 471 4862 506 4922; x_wconf 94' lang='lat' dir='ltr'>di</span> <span class='ocrx_word' id='word_1_431' title='bbox 532 4862 650 4924; x_wconf 87' lang='lat' dir='ltr'>Roma</span> <span class='ocrx_word' id='word_1_432' title='bbox 674 4860 708 4923; x_wconf 90' lang='lat' dir='ltr'>in</span> <span class='ocrx_word' id='word_1_433' title='bbox 733 4862 911 4941; x_wconf 86' lang='lat' dir='ltr'>derogare</span> <span class='ocrx_word' id='word_1_434' title='bbox 935 4882 957 4922; x_wconf 89' lang='lat' dir='ltr'>a</span> <span class='ocrx_word' id='word_1_435' title='bbox 979 4861 1107 4924; x_wconf 89' lang='lat' dir='ltr'>indulti</span> <span class='ocrx_word' id='word_1_436' title='bbox 1130 4883 1151 4923; x_wconf 92' lang='lat' dir='ltr'>e</span> <span class='ocrx_word' id='word_1_437' title='bbox 1175 4864 1283 4924; x_wconf 87' lang='lat' dir='ltr'>molte</span> <span class='ocrx_word' id='word_1_438' title='bbox 1308 4866 1398 4925; x_wconf 88' lang='lat' dir='ltr'>altre</span> <span class='ocrx_word' id='word_1_439' title='bbox 1415 4884 1521 4948; x_wconf 80' lang='lat' dir='ltr'>epse,</span> <span class='ocrx_word' id='word_1_440' title='bbox 1553 4889 1597 4935; x_wconf 72' lang='lat' dir='ltr'>et</span> 
     </span>
    </p>
   </div>
   <div class='ocr_carea' id='block_1_3' title="bbox 0 0 1720 5700">
    <p class='ocr_par' dir='ltr' id='par_1_7' title="bbox 0 0 1720 5700">
     <span class='ocr_line' id='line_1_42' title="bbox 0 0 1720 5700; baseline 0 0"><span class='ocrx_word' id='word_1_441' title='bbox 0 0 1720 5700; x_wconf 95' lang='lat' dir='ltr'> </span> 
     </span>
    </p>
   </div>
  </div>
 </body>
</html>
