3425 5700
804 572 1033 627 ῡ-Μὸἶῗνΰ

277 721 311 780 (11
342 719 406 780 Dio
438 717 592 781 sodisfar
623 720 682 781 0111
714 717 882 780 desiderii
908 729 942 780 et
974 720 1257 782 comandamenti
1287 718 1323 780 di
1355 721 1491 801 quella,
1524 722 1561 782 la

277 827 358 909 qual
383 847 421 888 se
446 825 555 906 degni
580 827 635 888 far
657 827 734 888 fare
758 826 860 888 costa
884 828 1033 908 qualche
1058 830 1176 890 buone
1201 827 1353 890 orationi
1377 837 1413 890 et
1436 850 1457 888 a
1480 848 1561 889 essa

276 953 341 1013 per
365 931 459 995 mille
483 935 579 995 volte
603 935 691 995 baso
716 935 749 995 le
774 932 883 1009 mani,
907 933 1120 1015 pregandoli
1144 938 1240 998 bona
1264 937 1372 1016 longa
1395 946 1430 996 et
1455 933 1559 996 felice

276 1039 349 1101 vita
373 1038 519 1102 insieme
543 1060 610 1102 con
635 1042 668 1101 el
692 1037 935 1102 sanctissimo.
972 1039 1195 1104 Wormatiae
1220 1062 1264 1104 ex
1289 1044 1371 1104 aula
1395 1041 1560 1104 Caesaris

278 1147 351 1209 XII
375 1145 561 1210 Februarii
584 1146 768 1210 MDXXI.

810 1324 907 1337 ΜΝΨΝ
910 1325 935 1336 »Α-
938 1323 1015 1336 (Μνυυ

891 1557 944 1622 22.

613 1666 823 1746 1100111101
850 1665 1224 1746 110000000110110.

755 1793 853 1862 munt
873 1794 961 1853 dem.
980 1793 1011 1852 11.
1029 1793 1096 1860 131.)

641 1899 692 1962 (Ex
710 1899 861 1947 Wormatia
879 1898 922 1946 die
945 1909 984 1960 14.
1005 1897 1083 1945 Febr.
1107 1894 1194 1964 1521.)

366 2009 542 2071 Havendo
567 2008 653 2089 oggi
676 2007 791 2069 inteso
824 2006 905 2067 chel
936 2003 1070 2066 corrier
1101 2006 1134 2066 el
1158 2007 1240 2085 qual
1266 2025 1328 2067 era
1351 2023 1416 2086 per
1447 2006 1559 2086 partir

277 2116 337 2197 gia
360 2126 414 2178 tre
439 2114 571 2197 giomi,
602 2135 673 2176 non
706 2133 766 2176 era
789 2132 900 2175 ancor
923 2110 1070 2192 partite,
1099 2111 1146 2174 mi
1171 2112 1217 2173 ho
1242 2111 1332 2174 fatto
1357 2111 1511 2174 restituir
1535 2113 1557 2174 il

276 2225 466 2304 pacchetto
484 2223 528 2284 de
543 2221 612 2284 mie
636 2223 763 2284 lettere
787 2228 823 2282 et
846 2216 1047 2301 aggiuntoli
1071 2217 1197 2299 questa
1221 2238 1287 2299 per
1302 2221 1337 2281 la
1354 2221 1435 2300 qual
1453 2219 1559 2300 signi-

276 2329 344 2392 fico
379 2351 401 2392 a
432 2329 476 2391 V.
509 2328 545 2392 S.
580 2329 655 2391 R¹¹¹²
693 2346 793 2390 come
828 2325 894 2388 ieri
932 2326 1046 2407 primo
1078 2323 1112 2387 di
1151 2325 1187 2387 di
1210 2325 1419 2405 Quaresima
1450 2326 1556 2406 dopoi

276 2457 407 2518 pranso
424 2437 460 2499 in
478 2444 655 2498 conventu
670 2432 959 2515 frequentissimo
971 2431 1133 2495 Caesaris
1150 2431 1349 2514 principum
1365 2435 1557 2496 electorum

277 2544 442 2624 omnium,
466 2553 620 2624 excepto
645 2539 791 2605 Saxone
815 2539 875 2621 qui
908 2539 1086 2602 simulavit
1117 2539 1293 2601 sinistram
1318 2540 1556 2602 valetudinem

278 2661 313 2714 et
344 2629 473 2713 mandd
507 2669 571 2713 suo
596 2651 823 2712 locotenente
848 2667 916 2709 con
941 2647 1059 2708 alcuni
1083 2646 1315 2728 eonseglieri,
1351 2656 1386 2710 et
1410 2648 1557 2711 aliorum

278 2757 482 2838 Principum
518 2765 590 2819 tam
622 2753 953 2817 Ecclesiasticorum
989 2773 1095 2834 quam
1133 2753 1301 2816 laicorum
1337 2765 1373 2816 et
1404 2756 1556 2818 omnium

278 2876 430 2928 statuum
461 2874 497 2927 et
527 2863 689 2926 ordinum
714 2861 857 2944 Imperii
891 2882 933 2925 ac
965 2862 1119 2923 omnium
1145 2861 1372 2925 consiliorum
1397 2862 1558 2927 Caesaris

277 2972 386 3035 habui
409 2972 631 3034 horationem
655 2991 721 3052 per
744 2968 831 3031 forsi
852 2978 906 3031 tre
921 2970 1009 3031 hore
1025 2979 1060 3030 et
1075 2968 1146 3049 piu,
1171 2970 1267 3031 nella
1283 2971 1366 3050 qual
1383 2973 1557 3033 ancorche

277 3081 311 3143 io
335 3082 485 3142 havesse
509 3080 642 3140 havuto
673 3096 787 3158 pocco
820 3076 936 3156 spatio
968 3074 1557 3158 000110οῐ01,00100010100010·

278 3184 407 3271 seram)
438 3186 514 3247 solo
547 3187 581 3248 el
614 3182 649 3246 di
681 3184 802 3246 avanti
826 3182 959 3245 Caesar
989 3182 1035 3245 mi
1066 3184 1182 3245 havea
1213 3186 1557 3248 0010100000011010

279 3313 516 3376 proponesse;
540 3293 742 3372 tuttavolta,
763 3311 829 3372 per
844 3291 956 3352 1101101ρ
970 3290 1030 3372 gia
1046 3300 1144 3352 tante
1159 3292 1255 3353 volte
1271 3300 1417 3355 trattato
1435 3302 1559 3373 questa

278 3401 470 3464 maledetta
493 3399 642 3461 materia
665 3406 701 3461 et
725 3407 796 3460 tam
816 3397 983 3478 privatim
999 3416 1104 3478 quam
1122 3398 1263 3478 publice
1280 3399 1479 3480 parlatone,
1504 3418 1558 3461 me

279 3507 393 3570 trovai
418 3527 484 3569 con
509 3507 544 3568 la
567 3504 685 3587 gratia
709 3506 755 3567 de
774 3503 844 3566 Dio
869 3502 899 3567 01
922 3504 957 3566 in
983 3504 1106 3566 ordine
1131 3506 1197 3566 che
1220 3505 1398 3567 ancorche
1422 3506 1559 3569 dicesse

279 3614 371 3677 assai
395 3614 430 3675 in
455 3623 509 3675 tre
532 3614 621 3675 hore
637 3612 755 3674 harrei
772 3620 871 3673 certo
887 3619 1033 3692 possuto
1052 3611 1153 3673 dirne
1170 3630 1281 3673 ancor
1296 3620 1434 3692 quatro,
1460 3632 1559 3675 corne

279 3723 325 3784 da
341 3721 403 3802 piu
418 3730 522 3801 parte
538 3740 576 3783 se
592 3719 748 3798 intende,
775 3728 859 3798 apte
876 3729 910 3780 et
927 3716 1091 3799 apposite
1107 3719 1154 3780 ad
1171 3737 1314 3780 causam
1334 3728 1369 3781 et
1392 3717 1556 3797 feliciter,

279 3840 317 3891 ut
341 3848 427 3890 vero
452 3848 522 3909 ego
545 3826 622 3908 ipse
647 3826 762 3888 sentio
787 3825 861 3907 (qui
876 3824 961 3887 mihi
976 3825 1011 3886 in
1026 3825 1225 3906 hujusmodi
1240 3824 1365 3887 studiis
1381 3844 1560 3907 nunquam

279 3934 473 4014 satisfacio)
498 3933 724 3996 mediocriter
748 3941 783 3994 et
807 3951 878 3993 non
904 3931 1046 3994 omnino
1070 3931 1278 4004 infeliciter;
1303 3932 1404 3995 11010
1420 3933 1559 3995 ascrivo

279 4053 404 4123 questo
429 4042 464 4103 al
488 4041 557 4103 mio
580 4040 739 4122 ingegno
756 4043 778 4100 o
793 4037 962 4101 facundia
979 4040 1086 4121 (quod
1101 4050 1287 4120 utrumque
1302 4039 1337 4101 in
1354 4060 1410 4101 me
1426 4040 1560 4103 nullum

279 4152 336 4212 vel
361 4148 540 4211 minimum
565 4150 629 4228 est)
654 4167 710 4209 ma
734 4147 805 4208 alla
829 4144 946 4226 gratia
970 4147 1015 4208 de
1032 4146 1112 4226 Die,
1137 4146 1197 4208 alli
1213 4146 1328 4209 meriti
1343 4148 1439 4209 della
1454 4167 1561 4210 causa

276 4254 468 4338 justissima
492 4263 527 4317 et
550 4256 620 4317 alle
646 4253 780 4316 crudeli
801 4252 1023 4315 enormitade
1046 4252 1083 4314 di
1096 4254 1229 4315 Luther
1252 4253 1285 4316 le
1309 4254 1405 4335 quali
1420 4273 1561 4335 semper

281 4362 415 4426 adduxi
440 4361 525 4425 dalli
550 4360 630 4424 libri
655 4381 718 4423 000
742 4360 901 4441 presenti
926 4369 962 4423 et
977 4370 1103 4441 postea
1120 4360 1338 4441 refellebam,
1364 4370 1400 4423 et
1416 4361 1476 4443 poi
1491 4360 1560 4424 feci

280 4472 314 4533 10
345 4467 638 4531 demonstrationi
670 4467 753 4529 delli
784 4466 1024 4530 incovenienti
1056 4470 1121 4530 che
1146 4477 1302 4548 poteano
1326 4469 1501 4531 accadere
1526 4477 1561 4531 et

280 4579 315 4638 la
350 4575 543 4659 ignominia
567 4587 603 4639 et
626 4574 771 4637 infamia
795 4575 839 4636 de
864 4583 990 4655 questa
1013 4573 1157 4637 natione
1181 4575 1286 4637 etiam
1311 4576 1561 4638 recordandoli

281 4686 347 4746 che
379 4683 568 4765 Imperium
600 4682 655 4744 his
688 4680 825 4744 artibus
855 4691 1087 4744 conservatur
1117 4681 1246 4762 quibus
1269 4691 1411 4762 partum
1436 4690 1499 4763 est,
1525 4694 1561 4745 et

280 4791 346 4853 che
370 4792 446 4853 loro
474 4808 686 4871 pensassero
711 4790 777 4851 che
801 4786 906 4850 Carlo
921 4788 1056 4870 Magno
1081 4797 1116 4851 et
1140 4789 1164 4851 li
1181 4788 1314 4853 Othoni
1339 4809 1405 4870 per
1427 4788 1563 4852 favorir

281 4898 351 4959 alla
375 4899 461 4960 sede
477 4896 690 4979 Apostolica
712 4900 875 4957 haveano
897 4895 1095 4977 acquistato
1112 4896 1133 4957 l’
1147 4896 1300 4978 Imperio
1317 4896 1353 4958 in
1369 4894 1564 4959 Germania
