3425 5700
633 521 691 587 δέ’]
731 522 783 587 279
822 517 881 586 ΕΗ

134 675 289 740 hactenus
314 677 479 759 gesseris7
505 686 638 759 quanta
662 677 744 740 item
771 678 955 741 alacritate
981 687 1016 740 et
1032 677 1138 740 animi
1163 666 1290 739 ardore
1305 681 1400 757 magt-

135 806 200 847 num
232 786 499 848 lutheranorum
531 777 701 847 librorum
721 805 918 848 numerum
946 784 1091 866 publico
1116 785 1191 865 igni
1223 783 1258 846 in
1283 784 1400 846 medio

135 893 383 973 Antwerpiensi
417 893 494 954 foro
519 894 797 955 comburendum
831 913 945 974 nuper
974 892 1240 974 procuraveriS,
1276 901 1312 954 et
1343 891 1401 953 isti

136 998 321 1062 executioni
355 999 553 1062 Caesareae
581 999 779 1062 Maiestatis
811 999 952 1062 nomine
986 1008 1022 1062 et
1053 999 1150 1061 iussu
1183 999 1335 1081 ipsemet
1365 1007 1400 1061 et

135 1105 319 1187 praefueris
343 1117 379 1168 et
403 1108 446 1169 ad
463 1105 571 1168 finem
594 1127 706 1188 usque
724 1105 1014 1186 conflagrationis
1029 1106 1243 1185 interfueris,
1266 1105 1400 1187 optimo

136 1223 163 1275 et
183 1213 331 1275 maxime
352 1213 497 1276 salutari
514 1213 733 1295 simplicibus
751 1213 935 1277 animabus
957 1215 1132 1295 exemplo.
1173 1213 1402 1296 Quapropter

136 1341 192 1382 non
213 1341 401 1402 possumus
424 1341 496 1383 non
521 1320 585 1383 tibi
609 1321 778 1402 plurimas
802 1321 937 1403 gratias
961 1341 1088 1402 agere,
1112 1329 1220 1402 teque
1245 1329 1281 1383 et
1303 1330 1400 1382 tuum

135 1427 212 1489 istud
246 1427 507 1490 sanctissimum
542 1429 764 1510 propositum
801 1429 1051 1491 commendare
1095 1437 1130 1490 et
1165 1427 1259 1490 mille
1294 1429 1399 1490 bene·

136 1534 334 1597 dictionibus
358 1533 537 1616 prosequi.
585 1535 780 1598 Hortamur
804 1535 909 1598 etiam
941 1543 976 1597 te
1002 1535 1037 1596 in
1061 1535 1214 1597 Domino
1239 1543 1276 1596 et
1298 1554 1400 1616 roga-

136 1663 199 1704 mus
229 1652 266 1703 ut
290 1643 587 1724 quemadmodum
621 1641 746 1724 cepisti
776 1643 824 1704 ita
848 1643 969 1705 facere
1002 1661 1228 1723 persevereS,
1264 1641 1400 1722 tibique
1490 1645 1492 1651 ’

135 1752 337 1828 persuadeas
369 1759 511 1830 praeter
535 1750 728 1838 praemium
761 1749 855 1831 quod
881 1749 945 1811 tibi
975 1751 1034 1811 vel
1065 1752 1111 1811 ob
1142 1750 1234 1812 hanc
1259 1769 1400 1811 causam

135 1855 308 1917 maximum
341 1855 377 1918 in
402 1857 510 1918 caelis
542 1865 704 1936 paratur,
740 1856 814 1919 Nos
839 1865 1068 1936 sanctamque
1101 1856 1192 1918 hanc
1216 1856 1337 1919 sedem
1371 1853 1401 1915 si

136 1963 261 2041 quando
286 1983 350 2024 usu
376 1963 537 2042 eveniat,
563 1972 623 2025 tuo
648 1973 800 2044 tuaeque
825 1963 980 2026 familiae
1005 1945 1131 2025 honori
1156 1962 1341 2024 commodo
1366 1971 1402 2023 et

134 2068 284 2148 dignitati
308 2089 531 2151 nequaquam
556 2069 750 2132 defuturos.
799 2073 881 2133 Dat.
906 2071 1047 2132 Romae
1072 2078 1137 2132 etc.

715 2533 787 2595 114.

439 2647 828 2729 vicecancellarius
856 2649 1073 2728 Alcandro.

562 2787 705 2859 (Nmttat.
725 2787 850 2846 German
868 2787 898 2845 L
917 2787 968 2857 76.)

617 2910 651 2971 (3.
671 2910 785 2970 Augusti
810 2905 896 2974 1521.)

208 3031 371 3097 Havemo
396 3035 431 3095 la
447 3042 569 3095 vostra
586 3034 631 3094 de
647 3032 755 3098 XIX.
778 3034 836 3095 del
852 3042 997 3113 passato
1022 3043 1058 3095 et
1072 3033 1163 3095 altro
1180 3052 1248 3094 non
1266 3034 1399 3096 accade

129 3156 162 3198 se
184 3160 250 3203 non
276 3142 431 3223 replicat
455 3140 480 3203 il
505 3141 703 3223 medesm0,
738 3139 813 3202 ciod
838 3141 1066 3203 commender
1090 3160 1230 3221 sempre
1254 3140 1275 3202 l'
1289 3160 1400 3221 opera

35 3300 36 3305 ,
129 3254 158 3304 et
178 3245 211 3309 in
236 3248 360 3329 primis
385 3246 468 3309 fede
493 3257 529 3310 et
553 3256 745 3310 constanza
769 3257 900 3310 vostra.

205 3354 310 3417 Nelle
334 3376 417 3418 cose
443 3356 501 3416 del
525 3337 680 3417 vescovo
706 3354 742 3416 di
765 3354 925 3417 Traietto
949 3354 979 3417 si
1002 3355 1117 3418 scrive
1142 3357 1174 3417 al
1193 3354 1398 3417 Caracciolo

128 3466 158 3517 et
178 3459 217 3523 N.
243 3458 297 3522 8¹⁰
321 3482 382 3524 era
414 3482 435 3524 a
458 3470 549 3524 tutto
582 3461 840 3543 dispostissimo
872 3461 900 3524 si
928 3482 993 3543 per
1017 3471 1175 3543 respetto
1207 3464 1301 3525 della
1325 3463 1398 3544 giu-

128 3564 220 3647 stitia,
245 3573 275 3631 sl
301 3588 367 3649 per
391 3589 490 3631 amor
514 3570 608 3631 della
625 3568 779 3631 Cesarea
798 3568 936 3631 Maesta
959 3572 1030 3632 alla
1053 3570 1157 3650 quale
1180 3590 1250 3631 non
1275 3569 1303 3631 si
1327 3572 1398 3651 pud

127 3669 177 3749 piu
210 3694 326 3757 negat
350 3694 435 3738 cosa
467 3678 604 3738 alcuna.
652 3674 699 3737 Vi
724 3675 752 3738 si
776 3678 953 3739 mandano
987 3677 1056 3739 due
1080 3676 1200 3756 brevi,
1235 3697 1305 3738 uno
1333 3696 1398 3757 per

38 3777 40 3786 '
126 3774 356 3843 l²absolution
382 3782 418 3844 di
443 3782 525 3863 quei
550 3784 617 3843 due
643 3782 688 3844 da
709 3782 955 3864 Norimberga,
980 3784 1001 3845 l’
1015 3786 1105 3845 altro
1129 3804 1194 3866 per
1218 3780 1399 3863 gratificat

128 3888 198 3965 quel
230 3888 327 3951 frate
361 3890 407 3951 da
430 3890 489 3951 voi
513 3890 842 3973 raccommandat0‚
879 3892 945 3953 che
978 3893 1090 3972 perhd
1114 3890 1157 3952 N.
1182 3889 1234 3951 8¹⁰
1257 3910 1327 3952 non
1352 3891 1399 3951 ha

127 3995 235 4057 soluto
260 3996 551 4076 concederglielo
580 4016 645 4077 per
669 3996 728 4077 pid
754 3998 819 4059 che
844 4017 909 4077 per
932 4017 1003 4059 uno
1028 4017 1120 4059 anno
1144 4007 1180 4058 et
1203 4016 1241 4058 se
1266 3996 1294 4058 si
1318 4016 1396 4077 por-

41 4118 42 4161 3
128 4100 190 4162 teri
222 4104 294 4165 ben
322 4123 481 4184 sempre,
514 4102 588 4165 Sua
611 4101 752 4165 Santita
785 4104 821 4165 di
844 4124 939 4166 novo
970 4106 1005 4166 lo
1030 4102 1267 4185 gratifichera.
1314 4103 1396 4167 Dat.

42 4260 43 4263 ,
128 4224 164 4265 ex
185 4208 370 4271 Florentia
395 4210 445 4272 ΙΙΙ
470 4210 624 4291 Augusti
649 4210 831 4272 MDXXI.
