3425 5700
812 550 963 606 &3130
1002 549 1059 602 ΕΗ

296 704 470 774 constare,
495 717 574 757 nam
601 715 666 757 nec
691 705 830 776 tempus
854 697 963 757 ullum
980 693 1224 775 opportuniuS,
1250 712 1315 754 nec
1332 711 1439 752 causa
1453 689 1576 751 iustior

297 822 450 882 unquam
474 802 540 865 fuit
563 802 746 884 ingenium
771 814 878 883 atque
903 802 1100 864 doctrinam
1117 799 1233 882 impiis
1253 797 1452 862 hominibus
1468 816 1564 879 oppo

298 909 422 982 nendi:
455 930 519 972 nec
552 929 638 972 vero
673 909 857 990 quisquam
890 910 967 991 ipso
999 909 1081 988 te1),
1113 916 1153 968 ut
1183 915 1341 968 nostrum
1371 915 1425 969 est
1449 906 1493 966 de
1518 913 1576 965 tua

298 1016 495 1079 eruditione
530 1015 716 1095 iudicium,
752 1017 796 1077 ad
832 1025 905 1077 tam
942 1014 1122 1078 laudabile
1159 1033 1248 1094 opus
1283 1012 1400 1094 aptior
1434 1012 1469 1073 in
1508 1031 1575 1091 quo

298 1127 459 1188 elaborat
482 1124 625 1206 quidem
649 1134 684 1186 et
709 1125 937 1186 elaborarunt
960 1122 1140 1204 permulti,
1174 1141 1309 1184 summa
1333 1140 1412 1181 cum
1435 1117 1575 1199 pietatis

298 1238 333 1294 et
357 1231 527 1294 scientiae
551 1231 663 1310 fama,
692 1231 756 1294 sed
781 1240 816 1293 et
839 1229 979 1292 illorum
1004 1231 1114 1292 corda
1138 1226 1269 1290 direxit
1291 1227 1389 1288 Deus
1414 1234 1450 1286 et
1474 1226 1519 1286 de
1542 1234 1575 1284 te

298 1347 380 1400 tuae
417 1338 628 1420 prudentiae
663 1337 939 1419 permittendum
975 1339 1068 1416 θεῖ’).
1116 1335 1189 1398 Nos
1222 1337 1269 1397 ad
1302 1336 1435 1417 probra
1466 1342 1502 1394 et
1532 1334 1574 1394 ad

298 1445 529 1507 contumelias
557 1444 805 1508 seditiosorum
828 1445 1009 1506 hominum
1033 1442 1153 1505 divina
1178 1463 1246 1523 ope
1271 1451 1306 1504 et
1330 1441 1503 1522 patientia
1526 1460 1574 1502 ar·

299 1553 393 1634 mati,
417 1553 503 1615 illud
528 1552 641 1634 magis
665 1553 813 1614 moleste
837 1550 983 1613 ferimus
1005 1551 1099 1631 quod
1116 1570 1195 1611 cum
1210 1548 1351 1611 zizaniis
1367 1568 1436 1610 non
1453 1567 1574 1628 parum

298 1661 414 1722 bonae
446 1659 578 1740 segetis
610 1658 861 1741 corrumpitur,
893 1658 1076 1740 omnisque
1109 1661 1153 1720 de
1178 1677 1291 1738 grege
1315 1655 1418 1718 nobis
1442 1653 1574 1717 credito

298 1766 433 1828 iactura
458 1766 611 1829 animum
637 1775 794 1828 nostrum
819 1765 1041 1829 solicitudine
1066 1763 1193 1835 afficit;
1227 1763 1286 1845 qui
1310 1762 1433 1844 enim³)
1458 1781 1574 1842 possu-

299 1895 375 1935 mus
407 1893 477 1935 non
512 1874 633 1936 dolere
659 1872 871 1936 detrimento
895 1875 1068 1934 bonarum
1093 1871 1260 1933 mentium
1292 1891 1384 1952 quae
1413 1871 1575 1930 labuntur

297 1980 332 2041 in
369 2000 542 2060 errorem,
578 2001 656 2043 cum
690 1979 778 2042 istos
814 1979 912 2060 ipsos
949 1977 1078 2041 erroris
1115 1988 1150 2039 et
1189 1976 1380 2059 impietatis
1414 1986 1574 2038 auctores

299 2089 417 2150 salvos
452 2108 530 2150 esse
556 2088 763 2168 cupiamus?
811 2085 884 2149 Sed
908 2106 1024 2168 neque
1049 2086 1163 2148 deerit
1186 2085 1289 2147 nobis
1312 2085 1429 2162 Deus,
1465 2103 1573 2163 neque

299 2195 373 2257 Nos
397 2194 532 2257 numeri
557 2204 662 2275 atque
688 2194 807 2257 officio
833 2204 954 2257 nostro
980 2215 1099 2256 sumus
1124 2193 1289 2255 defuturi.
1332 2191 1434 2271 Quod
1461 2201 1574 2253 autem

299 2300 343 2362 ad
367 2300 503 2362 litteras
528 2311 605 2365 tuas
628 2301 763 2380 attinet,
788 2322 863 2382 nos,
889 2302 986 2364 etde
1011 2312 1071 2364 tua
1091 2300 1224 2382 optima
1243 2301 1427 2362 voluntate
1444 2305 1573 2360 certum

299 2407 367 2468 iam
399 2409 590 2488 habemus,
625 2418 660 2470 et
684 2420 780 2473 tuum
805 2409 996 2472 adventum
1020 2409 1055 2471 in
1080 2411 1172 2470 hanc
1195 2410 1319 2469 urbem
1344 2407 1573 2488 quandocum-

300 2533 368 2594 que
393 2514 422 2576 is
446 2515 551 2577 fuerit
575 2518 668 2578 laete
694 2528 729 2579 et
752 2528 937 2598 gratanter
960 2538 1078 2580 sumus
1102 2515 1293 2596 accepturi.

389 2623 518 2685 Datum
543 2623 683 2688 Romae
708 2623 810 2686 XVI.
835 2623 995 2704 Januarii
1018 2623 1191 2686 MDXXI
1216 2623 1322 2684 Anno
1347 2630 1485 2682 octavo.

1201 2746 1241 2808 lo.
1260 2744 1419 2807 titulatus.

915 3143 968 3207 54.

633 3267 843 3347 Aleunder
874 3266 1246 3347 Vioeoancellario.

695 3404 867 3476 (Nuntiat.
887 3405 1040 3464 German
1059 3404 1090 3463 Ῑι.
1109 3404 1189 3477 1³0.)

807 3514 861 3583 (19.
880 3519 970 3566 Martii
994 3515 1081 3583 1521.)

390 3651 455 3714 Poi
487 3653 552 3713 che
583 3653 630 3713 ha
661 3650 817 3732 piaciuto
849 3649 923 3714 cosi
947 3672 968 3712 a
993 3650 1102 3713 Cesar
1126 3672 1192 3733 per
1215 3649 1362 3713 consilio
1387 3649 1424 3710 di
1448 3648 1522 3711 suoi
1543 3658 1573 3706 et

199 3846 204 3853 ι
301 3757 504 3839 compiacar
527 3779 547 3819 a
572 3757 687 3839 questi
713 3757 870 3839 Principi
895 3767 930 3820 et
946 3778 1011 3838 per
1028 3757 1250 3839 pacification
1270 3757 1305 3818 di
1320 3756 1443 3838 populi
1468 3755 1571 3841 (come

302 3869 379 3927 loro
404 3862 547 3949 dicono)
572 3866 719 3927 mandar
742 3885 764 3927 a
787 3864 944 3927 chiamar
968 3864 1122 3926 Martino
1148 3873 1184 3927 et
1208 3884 1273 3945 per
1296 3863 1466 3945 pubblico
1490 3882 1571 3925 man·

303 3974 387 4034 dato
418 3972 473 4034 far
498 3984 701 4053 sequestrar
724 3971 805 4034 tutti
829 3971 853 4033 li
878 3971 958 4033 libri
983 3972 1040 4033 del
1065 3973 1163 4033 detto
1188 3971 1233 4032 ad
1259 3970 1426 4033 instantia
1450 3971 1487 4031 di
1510 3967 1573 4031 Sua

302 4078 441 4141 Maesta
464 4079 535 4141 fino
560 4081 626 4142 che
651 4081 741 4142 altro
767 4078 976 4158 commandi,
1001 4078 1096 4140 homi
1120 4079 1274 4140 sforzato
1292 4080 1432 4140 almeno
1449 4076 1571 4140 farche

303 4189 335 4250 el
372 4186 538 4248 mandato
575 4186 616 4249 sii
653 4186 688 4247 di
723 4189 841 4248 bunna
877 4194 974 4247 sorte
1011 4196 1046 4247 et
1078 4187 1112 4247 al
1147 4184 1333 4267 proposito
1365 4185 1460 4247 della
1490 4181 1570 4244 Sede

304 4292 534 4375 Apostolica,
559 4304 682 4356 sevato
707 4314 846 4374 sempre
871 4292 892 4353 l’
908 4294 1022 4354 honor
1046 4300 1082 4354 et
1105 4292 1275 4353 auttori'ta
1299 4291 1335 4352 di
1359 4290 1401 4353 N.
1429 4289 1463 4352 S.
1487 4300 1520 4351 et
1539 4286 1569 4347 in

304 4408 430 4483 questo
454 4400 593 4462 Messer
617 4400 743 4462 Nicolb
768 4397 909 4461 Sichler
932 4398 1125 4461 secretario
1157 4399 1192 4460 di
1216 4399 1349 4480 lengua
1379 4394 1570 4479 germanica

336 4623 355 4694 ¹)
376 4628 514 4674 Laemmer
532 4624 610 4687 legit:
631 4630 745 4686 tempore
763 4624 811 4671 lzoc
829 4638 878 4687 pro
897 4626 953 4684 ipso
973 4629 1004 4684 te,
1025 4623 1071 4670 sed
1091 4623 1199 4671 omnino
1217 4636 1365 4685 perperam.

335 4713 357 4782 ¹)
377 4717 514 4764 Laemmer
539 4714 721 4776 corrigendum
741 4713 855 4776 putavit:
881 4718 907 4759 et
928 4713 976 4758 hoc
994 4714 1072 4758 etlam
1097 4719 1156 4759 tuae
1181 4711 1335 4774 prudentiae
1355 4707 1566 4757 committendum·

375 4805 420 4852 sed
441 4805 524 4852 codex
542 4803 583 4852 illi
602 4802 675 4851 nullo
696 4802 774 4851 modo
794 4800 959 4864 suffragatur.

335 4893 357 4961 ³)
377 4897 513 4942 Laemmer
532 4893 613 4941 male:
634 4894 759 4957 quinon.
