3425 5700
817 545 1065 602 &HGEb-0

300 694 334 756 in
360 703 451 757 tutto
475 695 566 756 fatto
591 695 625 756 lo
650 693 714 754 che
739 692 787 754 lui
800 694 915 772 volea,
941 694 1059 755 donde
1084 711 1123 756 se
1145 713 1189 756 ne
1206 701 1311 755 trova
1327 695 1438 756 molto
1454 711 1575 774 aggra-

300 809 383 864 vato
408 811 444 864 et
467 801 537 863 mal
561 808 746 874 content0;
771 819 877 882 spero
902 798 1017 863 cheli
1041 799 1212 863 advenitis
1232 821 1342 863 ancor
1356 799 1491 882 peggio
1516 798 1578 862 nisi

299 909 425 971 redeat
448 909 494 972 ad
518 929 589 972 cor.
682 941 683 946 κ

390 1015 432 1078 Li
448 1014 643 1078 Lutherani
665 1016 828 1076 haveano
845 1012 906 1096 gia
928 1022 1071 1095 portato
1089 1014 1185 1076 dalla
1203 1013 1292 1077 fiera
1306 1014 1343 1076 di
1358 1013 1578 1077 Franchford

301 1122 348 1183 da
371 1141 489 1184 nuovo
514 1119 575 1203 piu
600 1120 635 1182 di
659 1129 713 1183 tre
737 1119 865 1201 grandi
890 1119 1070 1203 carriaggi
1094 1119 1129 1182 di
1152 1121 1234 1183 libri
1258 1120 1332 1184 cosi
1355 1119 1460 1202 primi
1484 1141 1579 1183 come

301 1227 418 1291 alcuni
451 1227 576 1308 nuovi,
614 1247 670 1290 ma
702 1227 845 1289 subbito
879 1227 998 1289 hanno
1032 1229 1239 1308 sgombrato
1273 1236 1308 1290 et
1341 1248 1430 1290 sono
1462 1227 1579 1290 testati

301 1336 410 1398 molto
444 1333 584 1397 attoniti
618 1333 748 1417 perche
783 1354 848 1415 per
879 1342 1005 1415 questa
1029 1333 1160 1398 tardita
1193 1333 1229 1396 di
1249 1343 1422 1415 questoro
1456 1337 1534 1397 loro
1560 1355 1579 1396 o

301 1442 487 1505 credeano‘
513 1462 534 1504 o
558 1442 685 1503 saltem
718 1439 959 1522 divulgavano
985 1442 1030 1504 de
1054 1442 1180 1504 credet
1210 1443 1276 1504 che
1300 1441 1412 1506 Cesar
1435 1463 1498 1506 era
1520 1462 1580 1524 per

301 1550 378 1612 loro
394 1548 554 1628 ¹Luther,
590 1549 634 1610 nit
666 1567 771 1610 senza
796 1548 946 1628 qualche
970 1546 1161 1611 verisimile
1195 1548 1396 1611 coniettura
1418 1549 1580 1611 vedendo
1688 1614 1689 1619 ,

302 1664 401 1719 tanta
424 1654 572 1728 tardum
608 1654 754 1734 adesse,
790 1656 945 1717 bassano
968 1656 1002 1717 le
1026 1675 1151 1728 corne3
1188 1676 1246 1717 ma
1268 1675 1335 1736 per
1362 1655 1580 1718 sostenireil

302 1764 436 1844 populo
460 1771 563 1844 parte
588 1759 716 1823 dicono
740 1761 765 1823 il
790 1757 957 1824 mandato
983 1781 1081 1824 esser
1096 1762 1314 1843 surreptitio,
1339 1774 1442 1844 parte
1466 1763 1531 1824 che
1554 1761 1580 1822 si

302 1869 339 1931 fa
362 1878 457 1932 torto
482 1889 503 1930 a
526 1865 682 1930 Martino
711 1869 776 1930 che
801 1865 843 1928 sii
867 1875 923 1929 sta
945 1867 1153 1948 pubblieato
1178 1878 1369 1951 antequam
1393 1868 1582 1946 audiretur,
1688 1898 1690 1929 ι

303 1985 340 2040 et
362 1975 457 2038 mille
481 1974 585 2037 simili
616 1973 698 2037 baie
731 1983 766 2036 et
798 1973 986 2037 commenti
1015 1974 1070 2036 de'
1095 1974 1192 2055 quali
1224 1984 1395 2057 questore
1427 1997 1473 2038 ne
1497 1995 1581 2038 sono

304 2081 508 2166 plenissimi.

393 2189 527 2252 Luther
550 2190 597 2250 ha
620 2189 704 2250 dato
729 2187 809 2251 fora
831 2187 856 2249 il
880 2196 1079 2250 commento
1099 2208 1209 2270 sopra
1223 2189 1316 2251 XIII
1336 2187 1441 2270 primi
1460 2187 1583 2272 psalmi

304 2297 340 2359 di
364 2295 501 2375 David,
532 2294 709 2377 impresso
741 2293 777 2356 in
802 2292 946 2356 Basilea
976 2315 1043 2357 con
1067 2315 1138 2358 una
1161 2295 1315 2377 epistola
1346 2295 1394 2359 in.
1407 2295 1527 2359 fronte
1550 2295 1585 2356 di

304 2425 374 2467 uno
390 2404 445 2465 de
462 2402 742 2482 Sconnemberg,
767 2401 873 2463 homo
898 2421 999 2463 come
1022 2400 1072 2463 lui
1096 2400 1175 2464 dice
1192 2422 1287 2464 novo
1311 2409 1347 2464 et
1368 2422 1440 2464 non
1457 2400 1585 2479 nobile,

305 2531 362 2572 ma
386 2509 501 2590 pleno
518 2507 554 2570 di
578 2508 700 2571 crudel
723 2527 865 2570 veneno
889 2516 1014 2570 contra
1034 2507 1169 2587 Roma,
1192 2518 1319 2571 contra
1340 2509 1377 2572 la
1400 2509 1484 2589 qual
1508 2527 1585 2570 con·

305 2615 375 2678 cita
398 2617 434 2677 la
455 2613 665 2694 Germania,
700 2614 756 2676 cui
779 2623 962 2696 nuncupat
985 2613 1182 2696 epistolam.
1225 2615 1345 2678 Pocco
1370 2615 1417 2678 ho
1441 2623 1586 2697 possuto

305 2724 431 2804 legger
457 2723 514 2785 nel
538 2720 629 2784 libro
653 2721 784 2802 perche
809 2721 887 2783 heri
910 2741 990 2783 sero
1015 2740 1071 2783 me
1094 2720 1133 2782 fu
1157 2729 1349 2802 apportato
1373 2722 1420 2784 da
1435 2721 1585 2784 Franch-

306 2829 397 2892 ford.
439 2828 582 2909 Luther,
607 2848 706 2891 come
731 2829 749 2891 ὲ
775 2847 916 2911 sempre
938 2825 1135 2891 incostante
1159 2838 1196 2891 et
1212 2827 1478 2910 contraditorio,
1503 2827 1538 2891 in
1553 2829 1588 2891 la

306 2936 485 3019 prefation
511 2936 618 2998 lauda
642 2934 684 2998 N.
709 2933 746 2998 S.
770 2934 831 3017 poi
855 2936 993 2998 altrove
1017 2934 1177 3016 deprime
1201 2934 1225 2997 il
1249 2944 1383 3018 papato
1412 2945 1448 2998 et
1472 2935 1508 2999 in
1531 2956 1586 2998 eo·

307 3044 387 3106 dem
419 3042 495 3105 fere
525 3044 606 3104 loco
636 3043 758 3104 laudat
787 3050 822 3103 et
845 3041 1035 3122 vituperat.
1082 3038 1131 3103 Se
1154 3040 1236 3103 sara
1266 3051 1366 3104 tento
1389 3043 1499 3125 longo
1530 3043 1588 3104 nel

307 3160 403 3214 resto
427 3148 509 3212 sara
532 3169 602 3211 uno
626 3147 864 3229 grandissimo
888 3148 1041 3210 librazzo
1064 3146 1171 3229 pieno
1196 3147 1233 3209 di
1256 3147 1407 3213 bezarie.

399 3254 560 3319 Sarebbe
585 3256 703 3317 buono
728 3256 792 3316 che
817 3275 883 3336 per
906 3254 965 3316 via
988 3254 1128 3343 dicapi
1160 3256 1205 3317 de
1230 3252 1386 3317 Svizzari
1409 3276 1449 3318 se
1471 3254 1587 3336 prohi-

309 3363 404 3427 bisse
429 3363 500 3425 tale
523 3359 745 3441 impressioni
769 3360 803 3422 in
828 3358 981 3441 Basilea,
1005 3361 1136 3442 perche
1160 3360 1186 3423 li
1209 3360 1380 3445 Episcopi
1403 3360 1438 3422 in
1463 3370 1589 3443 queste

309 3478 403 3532 terre
428 3468 464 3530 di
488 3466 680 3531 Germania
703 3487 774 3529 non
799 3468 918 3529 hanno
943 3466 1127 3547 auttorita,
1152 3468 1338 3549 presertim
1363 3469 1457 3531 dove
1481 3467 1506 3531 li
1528 3486 1589 3548 po·

309 3576 384 3657 puli
407 3596 446 3638 se
470 3576 679 3657 guberneno
705 3594 770 3655 per
792 3572 990 3655 plebiscita.

398 3680 467 3743 Noi
498 3681 742 3743 attenderemo
773 3702 794 3743 a
817 3679 874 3743 far
903 3680 928 3742 il
951 3688 1064 3760 resto,
1095 3702 1135 3743 se
1163 3682 1277 3743 costui
1300 3701 1372 3744 nou
1388 3680 1523 3753 .viene;
1555 3690 1590 3743 et

312 3809 350 3851 se
374 3788 478 3850 viene
502 3786 612 3849 farasi
635 3788 786 3849 tuttorlo
811 3788 878 3850 che
901 3786 1030 3868 parera
1054 3788 1088 3849 al
1111 3788 1309 3869 proposit0,
1333 3788 1377 3851 ne
1401 3786 1432 3851 si
1452 3786 1591 3850 dubbiti

311 3894 355 3957 V.
380 3894 417 3956 S.
441 3894 518 3955 R¹¹¹l
540 3914 579 3956 se
610 3893 652 3955 sii
676 3913 740 3975 per
764 3914 941 3958 mancare.
987 3891 1103 3977 Spero
1135 3894 1286 3975 qualche
1309 3895 1406 3957 buon
1430 3894 1530 3957 exito
1552 3914 1590 3957 se

311 4010 479 4082 questore
512 3998 837 4081 impudentemente
871 4020 942 4063 non
974 4001 1006 4063 ci
1028 4000 1243 4081 ingannano.
1292 4002 1343 4064 Le
1374 4002 1589 4064 demonstra·

311 4106 398 4170 tioni
428 4107 495 4169 che
523 4107 560 4169 fa
584 4108 627 4171 V.
652 4104 689 4169 S.
714 4106 790 4169 R¹¹¹⁸
813 4108 848 4169 in
878 4127 939 4169 sue
963 4107 1089 4169 lettere
1120 4108 1203 4171 hole
1227 4083 1314 4171 lette
1338 4107 1527 4171 volentieri
1556 4115 1591 4173 et

312 4234 378 4277 con
412 4214 447 4277 la
471 4213 592 4277 debita
615 4213 832 4285 reverentia;
863 4233 952 4276 sono
976 4214 1110 4295 optime
1141 4223 1177 4277 et
1199 4213 1289 4277 fatte
1312 4236 1379 4298 per
1402 4214 1463 4278 noi
1487 4223 1589 4277 cento

313 4322 410 4384 volte
442 4328 508 4402 per
538 4320 658 4383 avanti
690 4328 725 4383 et
749 4322 856 4383 molte
881 4321 971 4383 altre
1002 4322 1069 4383 che
1092 4341 1164 4384 non
1194 4341 1303 4403 posso
1336 4321 1490 4402 scriver,
1526 4321 1590 4387 che

314 4429 568 4491 deverebbeno
592 4426 647 4490 far
671 4428 822 4491 resentir
845 4427 871 4489 li
895 4426 989 4499 saxi;
1014 4427 1078 4489 sed
1102 4427 1260 4491 canimus
1283 4428 1442 4492 fabulam
1464 4428 1588 4493 surdis.
1612 4475 1617 4485 .

312 4534 406 4597 Loro
438 4532 566 4596 dicono
598 4554 663 4616 per
686 4534 747 4615 pilr
779 4534 994 4616 expediente
1026 4553 1124 4596 esser
1146 4542 1240 4597 stato
1272 4536 1317 4597 de
1340 4537 1506 4617 besogno
1536 4534 1590 4596 far

313 4642 397 4721 cosl,
422 4642 630 4702 altramente
654 4640 789 4703 irritum
814 4642 974 4703 laborem
997 4640 1086 4703 fore.
1124 4640 1326 4705 Vederemo
1351 4643 1385 4704 lo
1410 4641 1478 4705 che
1501 4640 1588 4705 sara.

401 4744 504 4808 Molti
528 4744 655 4808 dicono
672 4746 826 4809 Martino
850 4766 922 4823 non
946 4768 1066 4811 essere
1089 4767 1154 4829 per
1170 4747 1304 4812 venire.
1340 4747 1381 4810 Li
1398 4746 1589 4823 Cesariani,

313 4850 409 4932 quali
434 4852 545 4932 (come
569 4850 628 4933 gii
649 4851 780 4931 scrissi)
803 4854 967 4916 haveano
991 4854 1113 4916 scritto
1136 4853 1173 4916 di
1189 4862 1286 4917 sorte
1310 4855 1504 4936 cheparea
1525 4854 1588 4919 che
