3425 5700
796 599 1025 655 Motae*

268 746 336 811 cile
360 769 382 810 a
405 749 543 826 sedare,
567 765 666 809 come
689 745 772 808 tutti
795 743 934 808 dicono.
960 730 990 809 E
1013 746 1166 827 divers0,
1192 747 1215 810 il
1238 748 1450 813 Cancellieri
1474 750 1550 814 dice

269 874 388 917 essere
418 852 638 937 impossibile
668 855 807 933 (saltem
838 855 974 933 absque
1008 851 1174 939 concilio)
1207 864 1242 917 et
1273 856 1369 936 quod
1392 855 1469 919 fata
1492 859 1550 921 ob-

268 970 363 1024 stant
396 971 431 1023 et
461 970 587 1042 questo
619 961 637 1022 ἑ
668 960 693 1021 il
724 979 787 1022 suo
820 959 1022 1039 proverbio.
1070 960 1112 1022 El
1144 961 1329 1025 confessor
1362 962 1441 1025 dice
1473 965 1551 1026 chel

267 1069 360 1131 vede
389 1068 449 1149 gia
479 1065 580 1150 quasi
607 1067 629 1128 l'
646 1064 812 1130 incendio
837 1085 982 1145 acceSO,
1016 1066 1041 1129 li
1065 1066 1222 1149 Principi
1247 1089 1313 1151 par
1337 1070 1404 1131 che
1428 1069 1549 1133 dubbi-

267 1185 352 1238 tano
385 1174 496 1255 assai,
531 1174 555 1237 li
579 1173 712 1236 Prolati
746 1183 887 1235 temeno
919 1181 955 1234 et
986 1192 1056 1236 non
1087 1175 1116 1236 si
1148 1184 1251 1237 trova
1280 1176 1340 1238 via
1363 1176 1399 1237 di
1423 1186 1551 1239 matter

267 1280 425 1344 timedio.
460 1280 553 1343 Anci
570 1278 678 1361 quelli
697 1278 891 1358 medesimi,
916 1280 981 1341 che
1006 1287 1146 1343 temeno
1171 1281 1362 1364 disputano
1385 1282 1422 1345 in
1447 1282 1550 1345 favor

267 1388 303 1450 di
328 1387 471 1454 Luther.
518 1384 639 1449 Andai
669 1384 730 1467 poi
760 1406 781 1447 a
806 1382 1014 1448 Sedunense
1045 1386 1080 1449 in
1110 1389 1145 1449 la
1176 1388 1231 1451 cui
1265 1399 1388 1451 stanza
1411 1389 1450 1452 fu
1473 1390 1549 1453 heri

266 1514 347 1557 sero
371 1493 461 1556 fatto
486 1494 520 1555 el
544 1490 691 1555 consilio
716 1510 823 1573 sopra
848 1490 913 1559 cib.
938 1492 981 1554 ne
1006 1492 1035 1555 si
1059 1495 1120 1574 pol
1140 1494 1447 1559 manifestamente
1464 1498 1549 1559 tirar

267 1603 313 1663 da
336 1604 413 1664 loro
438 1620 538 1663 come
561 1594 591 1662 si
615 1600 806 1672 conclude3
835 1608 954 1661 tamen
977 1599 1024 1663 ho
1049 1620 1114 1682 per
1130 1603 1250 1665 buona
1264 1602 1324 1665 via
1338 1605 1404 1665 che
1420 1606 1548 1666 voleno

266 1710 333 1770 che
357 1707 386 1769 si
410 1706 631 1787 extinguano
655 1705 679 1768 li
703 1705 795 1786 libri,
827 1716 864 1768 et
887 1708 953 1769 che
978 1707 1104 1770 eodem
1128 1712 1296 1773 mandato
1320 1710 1349 1771 si
1374 1710 1433 1772 citi
1457 1711 1546 1773 Mar·

265 1814 351 1895 tino,
375 1834 440 1896 per
463 1804 701 1895 interrogarlo
725 1811 756 1875 si
778 1813 825 1874 ha
849 1812 972 1876 scritto
996 1814 1059 1876 tali
1082 1814 1179 1897 libri,
1213 1826 1248 1879 et
1272 1838 1310 1881 se
1335 1817 1359 1879 li
1384 1820 1466 1879 vole
1491 1819 1547 1880 de·

265 1921 409 2001 fender,
443 1929 479 1983 et
510 1921 569 1982 nel
599 1929 695 1983 resto
724 1918 781 1982 far
812 1940 913 1983 come
943 1920 978 1982 in
1009 1921 1078 1983 mie
1104 1923 1195 1985 altre
1219 1922 1295 1986 heri
1320 1924 1453 1987 scrissi:
1501 1924 1550 1985 Mi

266 2027 360 2089 disse
376 2028 553 2108 Tudense,
579 2026 633 2089 ch'
650 2026 676 2089 il
699 2027 867 2090 mandato
883 2028 901 2090 ὲ
919 2048 1029 2093 ancor
1051 2031 1295 2093 tantummodo
1313 2031 1348 2093 in
1366 2032 1550 2108 Alemano,

265 2143 301 2197 et
332 2132 608 2197 demandandoli
641 2134 676 2196 io
709 2155 810 2197 come
842 2135 981 2198 adunca
1014 2136 1144 2199 havete
1176 2140 1375 2201 consultato
1400 2138 1434 2200 in
1460 2140 1549 2201 ello?

264 2242 370 2304 Disse
395 2244 461 2305 che
485 2262 525 2305 se
548 2242 699 2304 faceano
724 2241 780 2303 dir
805 2245 840 2304 la
863 2242 1040 2305 sententia
1064 2244 1110 2307 de
1134 2246 1293 2308 clausula
1317 2246 1352 2308 in
1382 2247 1548 2323 clausula,

265 2359 301 2411 et
326 2350 392 2412 che
416 2368 525 2430 sopra
548 2348 604 2411 cib
629 2348 895 2413 deliberavano
931 2350 977 2411 Et
991 2351 1135 2413 tandem
1156 2352 1307 2415 l'hanno
1323 2353 1408 2416 dato
1425 2364 1551 2434 questa

265 2476 369 2520 mane
402 2478 423 2519 a
447 2454 621 2539 Spieghel
652 2475 719 2537 per
746 2456 780 2517 lo
812 2454 869 2517 far
893 2455 1002 2519 latino
1027 2468 1063 2520 et
1088 2458 1388 2539 comunicarceIO,
1422 2480 1461 2523 se
1484 2480 1551 2541 pur

265 2565 299 2625 lo
323 2562 485 2643 faranno,
510 2563 576 2626 che
601 2562 648 2625 mi
672 2560 832 2642 dubbito,
857 2564 924 2625 che
948 2562 1061 2644 prima
1086 2566 1376 2629 concluderanno
1401 2569 1467 2629 che
1493 2568 1550 2630 noi

264 2670 442 2751 possiamo
466 2670 578 2732 veder
601 2670 700 2732 detto
725 2671 908 2732 mandato:
945 2668 987 2731 El
1012 2670 1198 2733 confessor
1221 2692 1292 2735 non
1316 2672 1354 2735 fu
1373 2674 1550 2737 chiamato

264 2800 285 2839 a
309 2786 435 2859 questa
465 2775 742 2859 consultatione,
767 2777 863 2858 quod
890 2785 945 2839 est
968 2788 1092 2840 contra
1116 2778 1375 2843 ordinationem
1400 2781 1551 2862 CesariS,

264 2895 300 2949 et
330 2905 387 2946 me
420 2884 595 2966 dispiace,
630 2905 674 2947 ne
705 2884 754 2946 lui
787 2905 853 2966 par
885 2904 983 2946 esser
1007 2885 1043 2947 di
1067 2885 1122 2948 cib
1147 2893 1327 2950 contento
1373 2875 1417 2950 El
1441 2889 1550 2951 Detto

263 2991 376 3074 hoggi
399 2992 446 3054 ad
470 2990 615 3072 meggio
640 2991 787 3072 giorno,
819 3011 936 3054 venne
961 2992 1030 3073 qui
1055 2993 1100 3055 ad
1125 3013 1201 3074 me,
1235 3003 1272 3056 et
1295 2994 1341 3057 mi
1366 2995 1461 3058 disse
1486 2997 1551 3058 che

263 3100 478 3179 advertisse,
516 3100 581 3160 che
616 3107 784 3180 questoro
817 3098 1080 3162 imbrattavano
1115 3101 1148 3162 el
1182 3099 1295 3181 foglio
1328 3101 1551 3166 intriccando

263 3226 332 3268 una
363 3225 447 3268 cosa
476 3225 542 3266 con
567 3202 589 3267 l’
607 3206 716 3284 altra,
751 3214 786 3265 et
810 3206 876 3266 che
901 3216 994 3268 sotto
1019 3217 1186 3288 pretextu
1211 3209 1247 3271 di
1279 3208 1370 3271 citar
1392 3209 1549 3274 Martino

262 3334 332 3376 non
363 3312 393 3375 si
424 3312 574 3374 sarebbe
606 3333 651 3375 ne
678 3312 698 3374 l’
716 3333 761 3373 un
788 3313 832 3374 nd
857 3311 879 3374 l’
896 3314 1001 3375 altro:
1050 3313 1203 3378 Dissemi
1227 3335 1362 3378 ancora
1387 3318 1453 3379 che
1479 3318 1548 3380 mai

261 3420 343 3482 vide
368 3421 417 3481 tal
442 3417 651 3482 confusione
676 3421 742 3480 che
766 3418 846 3481 tutti
871 3421 1109 3500 tumultuano,
1146 3431 1181 3483 et
1211 3442 1414 3486 conoscano
1448 3433 1547 3486 tanta

261 3527 373 3607 ruina,
397 3527 440 3589 nd
465 3525 494 3588 si
519 3545 605 3588 sano
629 3526 798 3588 resolver.
840 3526 932 3588 Anci
956 3525 991 3590 in
1018 3547 1087 3590 una
1112 3529 1200 3591 hora
1215 3530 1294 3592 dice
1312 3532 1345 3594 el
1362 3531 1547 3594 confessor

261 3635 328 3696 che
351 3643 454 3696 trova
478 3633 563 3715 ogni
587 3652 672 3695 cosa
694 3634 881 3713 conclusa,
899 3642 934 3695 et
958 3634 1003 3695 de
1027 3634 1049 3695 ll
1075 3635 1121 3696 ad
1144 3635 1199 3697 un’
1218 3637 1307 3720 hora
1329 3637 1472 3700 minimo
1489 3659 1545 3700 ne-

261 3739 366 3822 gocio
391 3739 509 3802 omnia
533 3741 686 3802 turbata.
721 3739 761 3801 ln
785 3741 835 3802 tal
860 3739 965 3802 modo
990 3760 1078 3802 sono
1100 3743 1134 3804 le
1149 3761 1232 3806 cose
1248 3751 1369 3806 nostre
1386 3744 1547 3827 confuse,

260 3849 327 3911 che
351 3867 389 3910 se
404 3846 474 3909 Dio
498 3847 575 3909 solo
600 3867 671 3909 non
695 3846 863 3927 remedia,
888 3855 987 3909 certo
1011 3847 1169 3930 ingegno
1192 3850 1347 3913 humano
1372 3872 1443 3914 non
1465 3853 1491 3913 li
1508 3873 1548 3917 sa

261 3965 383 4016 trovar
407 3953 543 4034 ordine,
567 3955 611 4016 ne
635 3954 756 4016 modo:
805 3954 864 4016 Ad
889 3955 958 4015 due
981 3955 1069 4016 hore
1094 3955 1130 4016 di
1154 3955 1281 4038 giorno
1306 3969 1433 4040 questa
1461 3969 1546 4022 mat-

258 4061 334 4124 tina
364 4062 575 4124 intrassemo
599 4061 634 4122 in
658 4081 799 4124 camera
823 4061 882 4123 del
913 4061 982 4126 Re.
1022 4061 1065 4124 El
1089 4061 1221 4145 Signor
1244 4063 1382 4127 Nuncio
1407 4065 1548 4130 Messer

261 4168 451 4249 Raphaele
483 4176 519 4230 et
550 4167 604 4246 i0,
637 4176 674 4229 et
705 4179 895 4250 expetamo
927 4168 952 4231 il
975 4168 1034 4231 Re
1059 4169 1118 4250 piu
1144 4169 1178 4232 di
1202 4171 1272 4233 due
1296 4173 1384 4234 hore
1409 4192 1547 4253 grosse,

260 4277 293 4338 el
327 4278 410 4356 qual
442 4295 503 4338 era
534 4278 568 4338 al
599 4275 758 4338 conselio
788 4295 852 4337 suo
886 4275 920 4337 di
954 4296 1062 4357 sopra
1087 4278 1179 4340 dove
1203 4278 1252 4340 lui
1276 4298 1338 4340 era
1362 4289 1456 4342 stato
1480 4299 1546 4362 per

260 4384 397 4465 grande
430 4381 546 4464 spatio
579 4381 615 4443 di
648 4391 782 4463 tempo:
830 4383 975 4445 Interim
1009 4385 1091 4445 dum
1119 4395 1360 4466 expectamus,
1394 4389 1428 4449 el
1453 4387 1541 4450 Mar·

260 4491 368 4553 chese
386 4489 567 4568 Joacchim
582 4488 741 4551 Elettore
758 4488 791 4549 ci
808 4487 1003 4552 consiliava
1019 4491 1085 4552 che
1109 4510 1174 4572 per
1198 4491 1318 4555 niente
1343 4494 1546 4564 lassassimo

260 4596 383 4660 venire
407 4597 542 4659 Luther
565 4597 696 4678 perche
722 4597 876 4658 sarebbe
900 4615 990 4676 gran
1015 4599 1203 4676 scandalo,
1234 4599 1367 4680 perche
1391 4602 1463 4663 ben
1488 4621 1545 4664 ve·

260 4707 353 4766 deva
385 4704 434 4766 lui
467 4705 489 4766 l'
505 4703 622 4765 animo
656 4712 692 4765 et
724 4701 893 4766 intendea
916 4702 940 4765 li
964 4703 1100 4766 consilii
1125 4706 1160 4766 di
1185 4705 1300 4786 questi
1325 4707 1485 4789 Principi
1511 4718 1546 4770 et

260 4811 393 4894 populi.
432 4811 501 4873 Dio
533 4810 564 4872 ci
589 4809 674 4872 volii
698 4810 902 4890 gubernare
925 4807 962 4871 in
986 4819 1085 4872 tanta
1109 4812 1219 4876 ruina¹
1268 4813 1332 4876 Poi
1358 4813 1497 4880 discese
1523 4814 1545 4878 il

259 4917 319 4983 Re
341 4919 481 4998 abassq
506 4925 542 4980 et
562 4925 661 4979 certo
680 4935 791 4997 parea
808 4935 877 4977 non
894 4916 1001 4980 molto
1018 4927 1196 5002 contento,
1213 4921 1320 4983 credo
1337 4941 1403 5003 per
1418 4933 1546 5004 queste
