3425 5700
644 605 874 662 Ο··ξ1538>“”

130 756 176 816 che
210 777 251 818 se
283 777 353 818 uno
387 775 542 818 vescovo
573 753 733 835 pigliava
764 774 809 816 un
842 764 944 834 prete
973 755 1128 817 volendo
1153 756 1399 820 administrare

129 861 262 942 iustitia,
297 862 414 924 subito
447 860 530 923 dicti
563 860 647 923 frati
679 883 716 923 se
748 881 970 942 scoprevano
1004 863 1232 925 monstrando
1265 865 1298 926 le
1323 866 1399 926 loro

131 968 245 1032 inculta
277 979 314 1032 et
347 971 522 1032 levaveno
557 967 651 1030 dicto
683 979 786 1050 prete
821 971 867 1030 de
898 989 1003 1031 mano
1028 991 1049 1031 a
1073 990 1153 1032 esso
1184 989 1340 1032 vescovo
1365 980 1401 1032 et

132 1079 222 1140 nolte
256 1078 346 1139 altre
380 1095 481 1156 cose,
517 1077 622 1156 quale
656 1095 765 1137 erano
798 1095 907 1138 causa
941 1078 985 1138 de
1017 1076 1094 1139 fare
1125 1079 1279 1139 tolerare
1309 1086 1400 1139 tutte

132 1185 233 1264 quelle
258 1203 342 1247 cose
366 1184 411 1245 de
435 1183 591 1246 Martino
616 1183 773 1245 anchora
798 1185 864 1245 che
887 1183 912 1245 11
937 1203 1216 1264 cognoscessero
1242 1186 1319 1246 chel
1351 1183 1399 1245 di-

132 1313 216 1354 cesse
249 1311 340 1373 gran
372 1290 486 1372 pacie.
534 1291 668 1353 Tamen
703 1291 860 1352 secundo
894 1291 974 1352 dice
1007 1289 1043 1354 S.
1077 1289 1245 1371 Signoria
1278 1292 1401 1353 Rev¹¹¹²

132 1400 168 1479 gli
192 1399 358 1481 dispiace
388 1399 647 1480 grandemente
672 1407 797 1477 queste
821 1417 921 1477 cose,
953 1409 989 1460 et
1018 1408 1224 1460 veramente
1256 1399 1400 1479 quando

134 1505 218 1586 alui,
244 1508 278 1568 al
302 1526 458 1568 vescovo
484 1506 529 1568 de
545 1503 683 1567 Trieste
708 1512 744 1565 et
767 1523 788 1566 a
812 1503 958 1566 Banisio
979 1505 1001 1566 ,ὲ
1027 1515 1119 1567 stato
1144 1526 1340 1568 commesso
1366 1509 1401 1568 13

136 1613 348 1695 expeditione
373 1613 431 1676 del
455 1613 622 1674 mandato
635 1611 824 1692 Imperiale
849 1620 974 1674 contra
996 1612 1151 1675 Martino
1167 1613 1311 1691 Luther,
1338 1614 1399 1676 δ’ὁ

137 1733 258 1800 portato
283 1723 392 1784 molto
416 1724 519 1800 bene,
544 1729 580 1781 et
603 1719 734 1801 perche
752 1717 941 1800 Gurgense
965 1719 1016 1801 gli
1039 1721 1179 1783 haveva
1203 1742 1398 1784 commesso

136 1830 284 1892 chonon
315 1829 514 1890 vedesseno
547 1827 642 1888 dicto
675 1827 842 1890 mandato
875 1847 980 1888 senza
1006 1825 1066 1888 doi
1090 1827 1170 1889 altri
1195 1828 1401 1910 consiglieri

138 1937 272 2016 barbari,
297 1935 393 1998 dicto
411 1932 621 1998 Sedunense
646 1954 707 1996 era
731 1933 822 1995 irato
847 1935 978 2014 perche
1003 1934 1046 1996 tri
1072 1935 1189 2017 giomi
1212 1934 1317 1998 furno
1334 1941 1400 1998 che

137 2045 203 2124 ogni
233 2043 367 2106 matina
401 2062 509 2104 erano
543 2041 688 2104 insieme
722 2041 803 2103 tutti
834 2040 878 2102 tri
910 2049 947 2103 et
979 2043 1174 2104 mandorno
1208 2063 1348 2124 sempre
1380 2065 1402 2105 3

139 2152 335 2214 domandare
366 2151 390 2213 li
424 2149 505 2212 altri
538 2149 596 2211 doi
621 2157 657 2210 et
680 2147 749 2210 mai
773 2168 845 2210 non
870 2169 908 2211 se
932 2159 1119 2230 trovorn0,
1152 2161 1188 2212 et
1212 2148 1401 2232 Gurgense

138 2278 172 2319 ne
192 2280 248 2322 era
272 2278 394 2338 causa,
420 2255 497 2319 301ὸ
523 2277 561 2318 se
586 2255 771 2319 differesse
795 2276 876 2318 esso
899 2257 1067 2318 mandato
1091 2277 1157 2337 per
1180 2257 1401 2338 gratificarse

37 2369 42 2445 ᾖ
139 2368 162 2427 el
183 2365 324 2428 Duccha
348 2366 393 2426 de
418 2361 588 2440 Saxonia,
613 2374 648 2426 et
673 2367 763 2426 cossi
789 2365 923 2426 anchor
947 2361 1158 2426 Sedunense
1182 2374 1311 2427 teneva
1336 2385 1402 2445 per

138 2483 217 2535 certo
248 2475 313 2536 che
344 2472 392 2534 lui
424 2471 563 2534 facesse
596 2471 662 2533 che
695 2470 780 2532 dicti
809 2470 1014 2550 consiglieri
1038 2491 1109 2533 non
1134 2491 1172 2534 se
1197 2483 1400 2533 trovassero

38 2627 39 2631 ,
139 2578 271 2660 measa,
296 2589 332 2642 et
354 2579 380 2642 il
405 2589 508 2641 conte
531 2576 680 2640 Camillo
705 2578 750 2639 de
767 2575 948 2641 Gambara
971 2598 1027 2640 me
1051 2580 1098 2640 ha
1121 2577 1216 2640 dicto
1242 2581 1307 2641 che
1331 2581 1402 2641 alla

140 2690 238 2750 tavola
262 2688 306 2750 de
331 2688 427 2749 dicto
441 2685 631 2768 Gurgense
656 2705 694 2748 se
712 2685 838 2746 diceva
853 2687 946 2746 male
963 2685 1008 2746 de
1021 2683 1064 2746 N.
1079 2682 1233 2766 Signore
1248 2689 1401 2748 essendo

40 2869 45 2882 Ι
140 2793 176 2856 lui
205 2803 384 2877 presente,
420 2804 455 2858 et
486 2812 556 2856 non
591 2791 717 2856 diceva
750 2793 855 2855 nulla,
904 2791 1040 2873 Quatro
1074 2795 1108 2855 di
1139 2791 1177 2856 fa
1201 2795 1235 2856 el
1259 2814 1298 2857 re
1322 2813 1400 2857 curn

42 2891 47 2940 ἶ
141 2912 213 2964 tutto
242 2905 273 2965 el
303 2901 479 2984 consiglio
510 2910 602 2964 stete
633 2909 775 2981 quattro
800 2901 887 2962 hore
912 2920 1020 2981 sopra
1043 2901 1078 2962 13
1102 2900 1332 2982 expeditione
1357 2901 1401 2963 de

40 3047 46 3094 :
140 3008 218 3071 dicto
241 3010 406 3073 mandato
414 3058 422 3089 ‚
456 3018 492 3071 et
515 3009 658 3089 quando
690 3008 714 3069 li
740 3006 953 3087 conseglieri
977 3015 1179 3069 avotaveno
1204 3028 1283 3070 esso
1306 3028 1401 3070 man-

142 3117 219 3195 dato,
241 3120 271 3180 la
295 3117 354 3199 pio
380 3127 482 3197 parte
507 3115 702 3197 pariaveno
727 3114 762 3176 in
786 3115 973 3185 todescho;
997 3112 1098 3176 finito
1122 3115 1188 3176 che
1212 3115 1353 3177 hebeno
1377 3115 1401 3177 11

41 3275 46 3302 ,
141 3222 187 3285 Re
215 3226 317 3289 disse:
353 3224 488 3287 credeti
521 3224 586 3285 che
614 3241 685 3284 non
709 3239 754 3283 ve
778 3221 891 3283 habbi
913 3220 1050 3283 inteso?
1083 3221 1143 3282 voi
1167 3222 1287 3284 haveti
1312 3222 1401 3284 ditto

141 3334 215 3392 cossi
245 3343 277 3394 et
308 3334 414 3402 cossi;
449 3340 575 3412 questo
608 3350 662 3391 me
696 3328 864 3409 despiace
888 3348 954 3409 per
977 3329 1026 3389 tal
1050 3328 1200 3409 ragione
1224 3333 1333 3406 cossi,
1367 3338 1402 3392 et

40 3425 46 3436 ’
140 3449 249 3515 questo
278 3459 333 3501 me
364 3438 467 3520 piace
494 3458 560 3519 per
584 3439 618 3498 la
642 3436 728 3509 tale;
763 3436 809 3498 de
833 3444 929 3497 sorte
954 3438 1020 3497 che
1045 3434 1203 3517 ogniuno
1227 3456 1266 3498 se
1290 3456 1400 3498 mara·

40 3517 45 3566 1
141 3542 276 3624 vigliava
300 3556 335 3609 et
359 3549 450 3609 cossi
474 3545 512 3607 fu
537 3544 707 3625 expedito
740 3545 773 3605 el
805 3543 972 3605 mandato
1003 3542 1038 3604 in
1071 3545 1166 3604 bona
1197 3542 1329 3622 forma,
1367 3554 1402 3605 et

142 3651 215 3713 hora
242 3654 275 3715 10
303 3654 498 3715 traducono
531 3651 567 3712 in
599 3650 720 3731 lingua
751 3649 967 3731 germanica.
1014 3649 1154 3711 Messer
1182 3650 1401 3732 Hieronymo

41 3758 46 3784 ¹
144 3754 287 3821 Leandro
310 3780 353 3822 ne
377 3758 456 3821 fara
480 3768 659 3839 stampare
683 3767 720 3820 et
744 3756 940 3819 mandarali
964 3776 1030 3837 per
1052 3766 1155 3820 tutto,
1203 3756 1231 3818 Il
1256 3757 1315 3819 Re
1340 3757 1401 3819 s'e

42 3843 48 3910 ἶ
144 3874 267 3941 portato
289 3868 395 3929 molto
420 3868 512 3928 bene
537 3874 573 3927 et
597 3864 694 3927 molti
710 3866 755 3926 de
773 3864 889 3945 questi
905 3863 1033 3945 grandi
1049 3864 1177 3925 dicono
1193 3866 1259 3925 che
1276 3874 1403 3945 questa

42 3991 48 4033 t
143 3990 214 4033 cosa
235 3992 272 4034 se
294 3972 440 4038 doveria
463 3974 595 4035 vedere
620 3992 698 4034 cum
723 3990 769 4033 un
794 3970 956 4052 concilio,
981 3981 1016 4033 et
1040 3980 1131 4033 tutta
1146 3973 1180 4033 la
1196 3972 1303 4051 plebe
1321 3970 1401 4034 dice

42 4063 48 4140 1
144 4077 198 4139 che
220 4098 255 4141 se
278 4079 349 4144 fara
376 4082 469 4143 dicto
492 4078 642 4143 concilio
669 4088 704 4141 et
720 4081 786 4141 che
802 4099 873 4140 non
892 4079 1102 4160 pagharano
1120 4078 1179 4159 piri
1196 4090 1326 4140 annate
1344 4127 1351 4141 .
1368 4112 1401 4141 .-

42 4159 46 4180 '
235 4202 274 4265 In
296 4204 493 4269 wormatia
518 4226 539 4268 a
563 4209 596 4267 a
622 4204 691 4267 vn
716 4204 761 4267 de
786 4203 982 4266 Februario
1007 4202 1190 4268 Moxxr.
