3425 5700
827 535 1074 597 ⁰·s‘ll90ffl

310 682 407 745 duict
431 704 475 745 en
499 704 539 745 sa
562 685 697 747 maison
723 696 758 747 et
781 706 887 767 apres
911 707 997 749 aura
1022 688 1240 769 plusgrande
1265 688 1409 753 ocasion
1444 690 1488 752 de
1513 710 1582 770 pro-

310 790 417 852 ceder
445 800 569 854 contre
593 793 654 874 luy
687 814 822 856 comme
851 804 975 857 contre
999 815 1073 877 ung
1103 794 1309 877 hereticque
1339 797 1514 879 endurcy,
1545 820 1583 860 en

310 899 464 979 laquelle
489 900 597 963 chose
628 901 753 963 lesdits
777 909 872 965 estas
904 905 1050 965 veulent
1081 904 1233 965 adherer
1263 924 1284 971 a
1315 913 1417 965 votre
1441 902 1585 967 Maieste

311 1015 346 1067 et
370 1006 507 1069 donner
531 1008 623 1089 ayde
648 1017 684 1070 et
698 1009 892 1072 assistence
916 1020 952 1072 et
976 1009 1076 1091 point
1100 1011 1211 1073 lesser
1235 1010 1269 1071 la
1293 1008 1357 1092 foy
1378 1010 1585 1074 christianae

311 1134 331 1173 a
355 1113 534 1175 loccasion
559 1115 604 1176 de
628 1125 703 1178 cest
727 1117 878 1181 homme.
926 1115 1122 1180 Touteffois
1145 1117 1189 1179 ilz
1214 1139 1252 1181 se
1267 1102 1457 1183 remettent
1485 1128 1586 1201 quant

311 1240 332 1280 a
364 1241 404 1281 ce
435 1242 456 1281 a
480 1222 701 1303 plusgrande
731 1222 965 1285 deliberation
1001 1225 1045 1285 de
1079 1232 1198 1287 vostre
1233 1225 1378 1287 maieste
1407 1226 1586 1308 supplians

310 1327 552 1389 humblement
568 1348 636 1410 que
652 1338 772 1391 vostre
788 1330 936 1393 maieste
960 1334 1065 1393 veule
1081 1332 1235 1412 prendre
1252 1341 1348 1395 ceste
1372 1332 1585 1395 admonition

311 1442 404 1495 estre
429 1434 534 1497 facile
559 1456 694 1498 comme
719 1439 764 1499 de
789 1457 897 1499 coeur
921 1440 1017 1520 loyal
1043 1448 1078 1504 et
1093 1438 1232 1501 subiect
1249 1449 1285 1501 et
1300 1460 1387 1501 avec
1410 1440 1585 1503 clemence

310 1540 345 1600 la
367 1539 583 1622 interpreter
613 1563 657 1605 au
681 1543 824 1606 mieulx.
872 1544 947 1626 Soy
971 1546 1266 1608 recommendans
1289 1567 1311 1609 a
1338 1545 1441 1609 icelle
1473 1556 1586 1609 vostre

311 1646 457 1711 maieste
480 1668 562 1713 vers
586 1652 739 1733 laquelle
763 1653 933 1715 voeulent
955 1651 1132 1717 tousiours
1148 1651 1354 1716 fidelement
1375 1674 1442 1735 soy
1458 1663 1587 1735 porter.

922 2092 975 2154 72.

594 2216 670 2297 lter
696 2216 943 2319 Portugalliae
970 2216 1074 2297 trah.
1104 2216 1312 2298 Coloniensi.

755 2366 840 2434 (dota
857 2364 992 2423 Wormao.
1010 2362 1055 2422 iol
1074 2364 1140 2433 ut.)

810 2483 863 2552 (21.
884 2485 986 2550 Aprilis
1010 2482 1095 2551 1521.)

401 2608 522 2673 Revmo
546 2610 581 2672 in
607 2610 746 2674 Christe
768 2610 863 2692 patri
887 2622 994 2693 atque
1018 2610 1254 2674 illustrissimo
1276 2609 1430 2691 principi
1455 2610 1590 2673 Coloni-

314 2718 390 2779 ensi
414 2714 699 2799 Archiepiscopo
713 2718 935 2799 Italiaequae
959 2718 1173 2783 cancellario
1199 2726 1235 2780 et
1259 2716 1351 2779 sacri
1375 2717 1423 2781 R.
1448 2716 1590 2799 Imperii

312 2823 459 2887 electori
483 2825 597 2888 amico
622 2824 848 2888 Charissimo.
897 2826 1067 2889 Emanuel
1092 2825 1160 2906 Dei
1185 2823 1302 2907 gratia
1325 2844 1391 2887 rex
1405 2825 1590 2908 Portugal-

310 2932 380 2994 liae
416 2942 451 2994 et
484 2932 738 3013 Algarbiorum
769 2933 858 2995 citra
891 2935 1054 3015 ultraque
1087 2953 1185 2996 mare
1211 2932 1245 2994 in
1271 2931 1396 2994 Africa
1420 2933 1591 2996 Dominus

312 3037 451 3102 Guinee
476 3048 512 3102 et
536 3039 774 3122 expeditionis
799 3039 1037 3122 navigationis
1069 3060 1110 3102 ac
1145 3038 1347 3102 commercii
1377 3039 1591 3124 Aethiopiae

312 3147 470 3209 Arabiae
487 3147 644 3210 Persidis
668 3158 774 3230 atque
798 3147 924 3209 Indiae
942 3145 977 3212 S.
999 3149 1045 3211 D:
1083 3147 1170 3209 Cum
1191 3167 1237 3208 ex
1254 3147 1442 3209 multorum
1467 3148 1592 3211 litteris

312 3254 490 3337 certisque
514 3254 651 3318 nunciis
675 3264 711 3317 et
734 3253 911 3317 constanti
934 3254 1030 3318 fama
1064 3253 1336 3336 cognoverimus
1368 3254 1590 3318 Christianae

312 3361 394 3426 fidei
429 3364 568 3426 hostem
604 3374 640 3425 et
673 3362 884 3443 perditionis
922 3361 1031 3424 lilium
1062 3360 1254 3423 Martinum
1286 3361 1481 3423 Lutberum
1523 3383 1590 3424 non

313 3470 419 3532 modo
442 3472 563 3551 plures
579 3470 648 3532 iam
672 3472 824 3551 populos
849 3478 885 3532 et
900 3469 1061 3532 civitates
1077 3468 1149 3531 suis
1166 3467 1397 3532 concionibus
1420 3468 1590 3550 falsisque

313 3577 519 3639 commentis
543 3577 579 3640 in
602 3576 793 3640 Germania
818 3576 1014 3657 decepisse,
1038 3576 1102 3638 sed
1126 3575 1253 3658 impios
1278 3584 1314 3637 et
1327 3575 1437 3656 iniqui
1463 3577 1592 3638 erroris

313 3684 424 3747 libros
447 3683 660 3765 publicasse,
685 3684 813 3765 quibus
838 3694 873 3746 et
899 3681 1124 3746 Germaniam
1153 3665 1269 3763 ipsam
1299 3691 1335 3745 et
1359 3703 1446 3765 quas
1471 3692 1592 3765 posset

314 3791 526 3854 christianas
556 3792 719 3854 nationes
747 3811 768 3852 a
798 3788 893 3852 veris
926 3787 961 3854 S.
991 3790 1038 3852 R.
1067 3784 1249 3852 Ecclesiae
1284 3788 1527 3852 sanctionibus
1559 3799 1592 3860 et

314 3897 444 3962 Christi
469 3898 593 3961 vicarii
617 3897 751 3961 ditione
776 3899 812 3960 in
837 3918 937 3960 suam
954 3899 1144 3979 reprobam
1162 3897 1367 3978 opinionem
1389 3897 1592 3976 deduceret,

314 4027 379 4069 nos
402 4026 468 4087 pro
493 4027 536 4068 ea
560 4004 781 4088 obligatione
805 4025 845 4067 ac
872 4004 941 4066 fide
966 4023 1036 4085 qua
1059 4023 1182 4066 omnes
1199 4002 1389 4067 Christiani
1413 4003 1594 4087 principes

314 4115 392 4176 Deo
436 4123 471 4176 et
510 4111 546 4177 S.
579 4113 685 4175 Matri
719 4112 903 4174 Ecclesiae
935 4110 1209 4192 obstringimur,
1248 4131 1313 4192 pro
1352 4121 1473 4174 nostro
1506 4131 1593 4194 erga

315 4220 505 4284 Cesaream
517 4220 742 4283 Maiestatem
759 4219 907 4301 speciali
919 4219 1072 4299 quodam
1087 4217 1209 4280 debito
1226 4217 1456 4300 fraternoque
1473 4239 1592 4281 amoro

315 4336 351 4389 et
374 4327 573 4390 arctissimo
597 4326 867 4390 necessitudinis
891 4327 1034 4388 vinculo
1059 4345 1166 4407 quum
1194 4325 1240 4387 ad
1265 4345 1342 4388 eum
1371 4325 1592 4407 potissimum
1679 4368 1680 4412 ,

314 4432 418 4497 huius
442 4445 513 4496 tam
537 4435 668 4498 atrocis
692 4433 837 4496 sceleris
860 4432 1019 4495 vindicta
1051 4431 1212 4513 plurimis
1236 4431 1280 4493 de
1305 4431 1419 4494 causis
1444 4441 1592 4513 spectet,

315 4555 387 4605 tum
413 4541 538 4605 litteris
562 4562 669 4623 super
693 4544 758 4603 hac
782 4561 820 4602 re
846 4549 917 4602 tum
944 4539 1049 4602 etiam
1074 4547 1208 4601 certum
1233 4539 1393 4600 nuntium
1426 4537 1460 4600 in
1492 4559 1591 4620 prae-

315 4650 430 4714 sentia
461 4647 733 4728 destinavimus,
767 4667 866 4710 suam
894 4646 1119 4708 Maiestatem
1144 4664 1279 4707 summo
1303 4645 1420 4708 studio
1452 4654 1593 4708 orantes

315 4768 422 4838 atque
440 4755 545 4818 etiam
563 4759 794 4818 exhortantes
811 4767 849 4816 ut
866 4754 918 4817 sui
940 4750 1180 4834 augustissimi
1205 4752 1336 4834 sceptri
1353 4751 1591 4834 memoriaque

315 4863 582 4928 eminentissimi
606 4861 685 4930 solii
709 4863 745 4930 in
770 4882 839 4949 quo
865 4883 886 4923 a
910 4862 988 4922 Deo
1013 4859 1138 4927 merito
1164 4867 1218 4928 est
1241 4860 1417 4926 collocata
1447 4866 1484 4922 ut
1508 4859 1591 4924 inde
1679 4845 1680 4868 ¹
