3425 5700
837 551 895 607 oe
937 523 1083 610 roseo

319 711 430 764 strata
455 721 523 763 una
547 702 653 762 lettra
677 699 821 761 missiva
849 700 885 762 di
910 700 1019 764 Cesar
1044 704 1088 763 ad
1115 704 1213 764 detto
1238 702 1386 781 Luther‚
1419 704 1485 764 che
1511 723 1583 765 com·
1672 690 1673 749 ἶ

319 808 456 888 mincia,
485 806 642 887 „Nobilis
666 808 796 868 devote
821 807 934 870 Nobis
959 808 1108 871 dilecte“
1135 811 1254 871 dando
1279 819 1404 890 questo
1428 810 1529 871 titulo
1550 812 1586 871 ad
1672 834 1673 877 ι

319 937 388 977 uno
412 914 570 977 heretico
594 914 738 995 publico
764 924 888 977 contra
905 916 974 977 Dio
1000 926 1035 977 et
1059 926 1183 978 contra
1207 918 1373 999 ragione:
1399 920 1455 980 del
1472 920 1585 980 chela·

318 1021 576 1101 mentandomi,
609 1022 746 1083 dissero
778 1020 851 1084 cosi
877 1042 972 1084 esser
1003 1023 1027 1083 il
1052 1023 1150 1105 stilo,
1183 1035 1218 1085 ot
1249 1027 1314 1086 che
1339 1045 1376 1087 se
1407 1027 1587 1086 bavessero
1672 1048 1673 1109 l

318 1132 438 1191 voluto
464 1128 597 1190 scriver
622 1139 865 1208 aspramente,
902 1132 1054 1191 sarebbe
1086 1131 1179 1211 quel
1194 1131 1386 1193 medesimo
1411 1152 1431 1193 a
1455 1132 1511 1195 dir
1532 1132 1586 1191 che

319 1237 366 1297 lui
392 1256 462 1297 non
487 1255 649 1298 venesse.
697 1235 763 1297 Poi
787 1237 845 1298 nel
869 1236 998 1317 sequir,
1024 1239 1122 1299 detta
1145 1239 1251 1300 lettra
1276 1238 1293 1300 ὲ·
1319 1238 1354 1300 di
1379 1239 1449 1299 tale
1474 1236 1588 1317 forma,
1672 1252 1673 1285 l

317 1345 383 1405 ebe
408 1342 694 1405 evidentemente
726 1343 755 1405 si
778 1344 870 1406 vede
896 1345 961 1406 che
986 1354 1152 1425 questore
1188 1348 1304 1408 banno
1330 1344 1508 1407 desiderio
1531 1346 1587 1405 che

316 1452 451 1513 Luther
475 1471 543 1531 qua
568 1471 704 1532 venga,
729 1451 754 1512 il
777 1450 848 1513 fine
872 1472 941 1513 non
967 1452 1041 1515 scio
1065 1456 1170 1533 quale
1196 1455 1290 1526 sarim
1329 1453 1398 1515 Dio
1422 1452 1509 1514 volii
1531 1452 1588 1512 che
1672 1472 1673 1487 ¹

316 1562 445 1621 buono.
494 1556 567 1620 Sed
601 1578 743 1620 causam
781 1579 891 1639 quare
925 1561 1070 1642 cupiant
1104 1560 1178 1623 eius
1213 1562 1404 1624 adventum
1438 1558 1588 1640 quamvis
1672 1600 1673 1605 η

316 1677 420 1733 certo,
440 1665 610 1745 nesciam,
635 1664 784 1727 coniicio
809 1674 946 1745 tamen,
972 1667 1035 1728 sed
1061 1688 1130 1729 non
1155 1667 1267 1729 ausim
1293 1667 1458 1729 scribere.
1507 1666 1588 1727 Illud

317 1793 386 1834 non
418 1772 664 1851 dissimulabo,
700 1775 765 1834 ebe
798 1774 916 1853 quello
940 1773 1070 1855 giorno
1101 1776 1166 1837 che
1193 1794 1282 1837 vene
1314 1795 1383 1855 qua
1408 1796 1503 1837 nova
1531 1774 1589 1833 che
1672 1812 1673 1823 r

315 1881 480 1942 Roberto
505 1882 600 1942 della
623 1880 772 1942 Marcha
795 1901 910 1943 venea
935 1902 1001 1943 con
1027 1882 1198 1954 fantasia!
1236 1883 1378 1943 subbito
1403 1881 1440 1943 fu
1465 1889 1589 1942 mutata

315 1989 350 2049 la
374 1988 489 2049 torma
514 1988 569 2048 del
596 1988 695 2047 salvo
720 1988 907 2061 condutto;
934 1989 996 2050 sed
1023 1988 1118 2050 dicet
1141 1988 1327 2070 quispiam,
1352 1988 1436 2069 quid
1459 1990 1527 2049 hoc
1550 1986 1588 2046 ad
1672 2056 1673 2069 ἶ

315 2094 458 2156 Martini
481 2094 689 2175 negocium?
713 2096 843 2175 perchi¹
870 2107 1037 2177 questoro
1062 2099 1180 2159 hanno
1205 2117 1269 2177 per
1293 2098 1412 2157 buona
1436 2095 1496 2156 via
1518 2093 1588 2154 chol
1672 2112 1673 2115 ¹

315 2202 374 2263 Re
406 2201 440 2262 di
465 2201 617 2263 Francia
652 2201 688 2261 fa
723 2202 838 2282 questi
868 2203 952 2265 moti
962 2254 971 2283 Ι
1008 2212 1043 2265 et
1079 2204 1107 2266 si
1132 2203 1328 2265 dubbitano
1363 2202 1398 2263 di
1432 2200 1590 2281 maggior
1672 2202 1673 2243 ἴ

313 2328 443 2389 guerra
474 2309 544 2370 alla
568 2309 651 2387 qual
682 2313 874 2389 suspicano
900 2308 973 2371 Sua
997 2309 1136 2372 Santitit
1171 2331 1267 2372 esser
1292 2308 1536 2371 consentiente
1559 2318 1590 2366 et

312 2415 495 2495 complice,
520 2417 615 2494 quod
639 2425 758 2477 tamen
786 2416 950 2479 existimo
975 2426 1010 2479 et
1035 2417 1109 2479 dixi
1133 2418 1183 2479 eis
1209 2417 1433 2479 salsissimum
1451 2435 1546 2481 esse:
1569 2413 1590 2474 il

312 2524 378 2583 che
403 2522 666 2602 comprehendo
692 2525 737 2584 da
761 2525 888 2603 parole
913 2526 979 2585 ebe
995 2545 1050 2586 me
1074 2526 1192 2585 banno
1218 2526 1315 2585 detto
1332 2523 1496 2605 privatim
1513 2529 1589 2582 trat-

313 2631 421 2690 tando
455 2647 500 2690 un
536 2625 571 2689 di
595 2649 695 2690 meco
729 2641 855 2709 queste
889 2642 1000 2692 trame
1036 2632 1080 2693 de
1115 2642 1237 2692 nostro
1262 2652 1371 2712 paese
1405 2629 1440 2690 di
1466 2629 1589 2707 liege:

314 2736 451 2797 bench&
488 2746 556 2797 non
597 2736 647 2797 ita
679 2747 803 2816 aperte
844 2758 883 2798 se
925 2739 1108 2799 declarant
1143 2736 1304 2800 Dominis
1340 2738 1527 2799 Caraciolo
1560 2744 1592 2795 et
1672 2784 1673 2793 ,

314 2842 506 2924 Raphaeli.

401 2950 480 3012 Non
507 2970 612 3012 senza
637 2971 743 3013 causa
767 2954 880 3033 parl0,
906 2953 979 3014 scio
1004 2955 1113 3019 multa
1138 2953 1172 3014 in
1199 2954 1321 3014 haere
1346 2973 1410 3034 per
1435 2955 1470 3016 la
1485 2956 1591 3034 longa

310 3058 587 3120 intrinsechezza
609 3059 675 3120 che
692 3058 726 3120 io
744 3061 789 3121 ho
805 3080 871 3121 con
890 3059 1003 3140 questi
1020 3059 1142 3122 stranii
1160 3061 1305 3122 cervelli
1324 3063 1418 3123 della
1435 3061 1592 3124 Marchia

312 3174 347 3226 et
370 3167 405 3227 la
430 3167 583 3246 prattica
607 3166 664 3227 del
681 3187 801 3247 paese,
827 3169 888 3228 scd
915 3187 1005 3248 quae
1022 3168 1106 3248 seio,
1131 3167 1227 3248 loqui
1253 3187 1323 3228 non
1341 3189 1485 3249 possum
1512 3171 1592 3230 dum
1672 3165 1673 3242 i

311 3293 386 3332 sum
413 3273 485 3334 bic:
509 3274 571 3335 Ma
595 3283 693 3335 certo
719 3295 773 3335 me
800 3274 948 3337 dubbito
974 3276 1039 3337 che
1063 3285 1231 3357 questoro
1254 3294 1323 3336 non
1348 3275 1481 3338 voliino
1503 3296 1591 3337 com-

311 3379 459 3440 miscere
491 3391 527 3442 et
551 3380 769 3444 confundere
793 3403 937 3444 causam
961 3381 1044 3445 fidei
1076 3403 1154 3444 cum
1178 3402 1286 3443 causa
1318 3403 1433 3444 rerum
1459 3394 1594 3463 tempo,
1672 3393 1673 3428 ³

311 3486 446 3565 talium,
472 3496 507 3549 et
531 3488 699 3550 adiutarsi
726 3490 772 3550 da
795 3489 880 3570 ogni
905 3491 989 3571 lat0,
1014 3489 1073 3570 poi
1098 3490 1163 3550 che
1187 3509 1252 3569 per
1273 3492 1380 3552 molte
1400 3510 1507 3551 cause
1524 3509 1591 3550 nou

311 3593 332 3654 li
359 3594 462 3656 viene
486 3596 596 3657 molto
621 3597 653 3657 al
679 3596 864 3676 proposito
889 3595 1001 3677 peril
1026 3606 1191 3676 presente
1216 3595 1272 3658 far
1295 3617 1434 3678 guerra.

400 3701 444 3762 Et
469 3723 489 3763 a
514 3713 640 3782 questo
665 3724 720 3764 me
746 3705 986 3784 corresponde
1011 3705 1044 3765 lo
1070 3707 1135 3766 che
1160 3703 1330 3766 Chievres
1351 3705 1396 3766 mi
1422 3706 1467 3766 ha
1492 3706 1593 3767 detto
1672 3701 1673 3770 i

309 3807 367 3888 gii
395 3808 456 3889 piu
485 3809 530 3870 de
563 3830 634 3872 una
662 3812 776 3890 volta,
813 3814 879 3873 che
911 3810 1040 3872 Nostro
1066 3809 1199 3891 Signor
1227 3833 1298 3874 non
1328 3811 1532 3876 turbidasse
1562 3814 1592 3873 le

310 3935 393 3976 cose
418 3915 494 3977 loro
528 3915 629 3979 sicuti
654 3917 690 3978 in
714 3917 835 3979 alteris
860 3917 985 3979 litteris
1009 3917 1145 3999 scripsi.
1194 3919 1394 4000 Utcumque
1419 3921 1477 3982 noi
1506 3920 1592 3981 fare·

310 4043 366 4083 mo
399 4024 430 4084 el
463 4023 584 4085 debito
618 4033 756 4103 nostro,
792 4035 962 4105 quantum
1001 4025 1035 4088 in
1068 4026 1171 4088 nobis
1202 4037 1272 4107 est,
1310 4047 1365 4088 ma
1396 4048 1465 4089 non
1500 4029 1593 4090 vedo
1672 4067 1673 4084 r

310 4140 438 4210 troppo
463 4129 572 4191 buoni
587 4130 688 4211 segni
706 4130 741 4191 di
757 4139 882 4212 questo
908 4132 962 4194 far
980 4133 1080 4195 venir
1096 4132 1239 4209 Luther,
1264 4135 1440 4196 ancorche
1459 4133 1480 4195 'l
1501 4154 1591 4196 man·
1672 4173 1673 4176 =

310 4237 394 4296 dato
419 4235 454 4297 di
475 4247 679 4317 sequestrat
704 4237 727 4299 li
752 4237 831 4300 libri
850 4240 1043 4320 contengbi
1068 4241 1105 4302 in
1122 4261 1161 4303 se
1185 4243 1341 4303 clausule
1366 4261 1430 4322 per
1446 4243 1479 4302 le
1498 4241 1595 4323 quali

309 4363 347 4403 se
372 4345 587 4423 comprende
611 4346 683 4408 tale
708 4357 840 4407 venuta
865 4366 962 4407 esser
985 4367 1050 4428 per
1071 4351 1183 4410 haver
1204 4351 1298 4410 buon
1326 4347 1422 4409 exito
1447 4368 1515 4429 per
1537 4346 1595 4409 noi

309 4459 344 4510 et
369 4447 442 4510 cosi
467 4449 576 4513 Cesar
601 4464 637 4513 et
660 4452 831 4515 Cbievres
855 4463 1090 4534 prometteno.
1139 4455 1218 4517 Non
1244 4455 1398 4534 dimen0‚
1424 4455 1593 4518 havendo

308 4555 384 4616 loro
408 4555 442 4617 in
469 4567 593 4636 questa
618 4578 725 4622 causa
749 4560 808 4641 gia
833 4559 927 4622 mille
951 4563 1048 4623 volte
1072 4564 1141 4625 ben
1167 4565 1333 4624 concluso
1359 4571 1393 4624 et
1413 4563 1594 4636 ordinato,
1672 4553 1673 4574 ¹

309 4671 344 4722 et
367 4662 427 4742 poi
451 4662 541 4726 fatto
567 4676 692 4729 contra
715 4669 749 4728 la
773 4669 849 4730 loro
875 4669 1112 4748 conclusione,
1137 4679 1173 4731 et
1196 4690 1394 4750 promessa‚
1419 4690 1490 4731 non
1520 4669 1594 4731 scio

308 4772 427 4850 quello
458 4771 505 4832 mi
530 4775 649 4834 dobba
681 4775 756 4836 dire
782 4797 802 4835 o
827 4774 1028 4854 giudicare:
1067 4777 1103 4838 In
1136 4797 1270 4838 summa
1300 4777 1416 4839 alcuni
1449 4776 1594 4845 diconm

309 4879 374 4939 che
399 4877 534 4940 Lutber
558 4881 696 4960 veniri,
734 4881 814 4942 altri
839 4881 968 4946 dicono
993 4887 1058 4945 che
1083 4905 1170 4964 non,
1203 4887 1236 4946 el
1261 4905 1346 4948 vero
1372 4885 1468 4946 Deus
1495 4888 1595 4948 solus
