3425 5700
670 593 899 652 werlo*

162 740 252 805 Dieta
273 743 469 824 provedino
496 752 530 806 ot
554 745 727 807 smorzino
752 745 774 807 l'
792 743 956 806 incendio
981 741 1101 806 avanti
1125 743 1191 806 che
1208 743 1347 825 prende
1363 743 1422 826 pilu

160 847 237 910 oltre
260 851 323 912 che
346 851 407 932 poi
431 870 501 912 non
527 849 607 913 sara
632 850 691 932 piu
716 850 751 913 in
776 849 910 914 faculta
935 852 1028 930 loro,
1058 861 1094 913 et
1117 852 1236 932 quella
1259 850 1422 931 Natione,

160 957 249 1034 quale
279 956 325 1019 fin
358 958 417 1040 qui
441 958 461 1021 e
485 967 578 1021 stata
606 959 725 1040 lapid
750 959 928 1021 catholica
951 969 988 1019 et
1010 957 1070 1039 piiu
1096 969 1303 1021 osservante
1329 961 1423 1022 della

160 1059 242 1126 Sede
264 1064 472 1146 Apostolica
506 1068 571 1128 che
605 1076 695 1130 tutte
725 1067 746 1129 l’
763 1068 871 1137 altre;
905 1064 986 1128 sarai
1019 1066 1053 1126 la
1077 1063 1138 1146 piir
1161 1064 1364 1145 vituperata
1388 1077 1423 1128 et

159 1169 273 1233 infame
303 1173 369 1235 che
399 1174 434 1235 la
457 1174 618 1235 Bohema
651 1182 687 1237 et
718 1182 808 1236 tutte
840 1172 983 1244 l'altre;
1019 1181 1054 1233 et
1086 1171 1151 1233 che
1175 1170 1205 1233 si
1229 1171 1304 1233 dira
1329 1174 1422 1236 nelle

159 1277 251 1340 storie
275 1288 309 1342 et
333 1280 465 1343 Annali
491 1280 519 1343 si
543 1290 637 1343 sotto
662 1285 689 1343 sl
715 1280 853 1363 grande
869 1280 1089 1361 Imperatore
1113 1279 1180 1341 ohe
1204 1279 1250 1340 da
1266 1279 1422 1342 Romani

158 1381 187 1443 in
205 1384 353 1464 quinon
378 1386 414 1448 fu
438 1386 462 1449 il
487 1387 683 1469 maggiore,
709 1391 743 1450 la
760 1385 953 1450 Germania
977 1385 1006 1449 si
1030 1386 1157 1448 ribella
1179 1395 1214 1447 et
1229 1386 1325 1448 dalla
1338 1385 1423 1450 fede

158 1495 186 1550 et
207 1491 261 1552 dal
284 1513 347 1554 suo
364 1493 539 1574 Imperio?
564 1515 620 1556 ma
645 1494 704 1556 voi
728 1504 871 1574 saprete
896 1496 1004 1556 molto
1029 1492 1161 1574 meglio
1185 1491 1262 1554 fare
1280 1504 1316 1555 et
1336 1494 1423 1572 dire,

156 1597 212 1658 che
231 1599 286 1661 noi
304 1598 493 1680 ricordare‚
518 1601 606 1682 perd
631 1621 675 1663 ne
700 1600 912 1663 rimettiamo
936 1601 1007 1662 alla
1030 1600 1221 1682 prudentia
1244 1612 1366 1664 vostra
1388 1612 1422 1662 et

157 1703 205 1764 del
222 1706 462 1785 protonotario
479 1707 637 1787 insieme,
661 1728 705 1769 ne
730 1707 825 1787 quali
843 1707 973 1769 Nostro
992 1704 1145 1787 Signore
1161 1704 1302 1769 confida
1318 1718 1421 1772 tutto.

233 1811 277 1874 Vi
307 1813 337 1876 si
367 1814 496 1876 manda
527 1834 573 1875 un
597 1816 687 1876 altro
712 1814 804 1876 libro
830 1815 888 1876 del
912 1814 1020 1876 Frate
1045 1814 1236 1876 Ambrosio
1266 1815 1422 1878 secondo

155 1916 184 1976 la
210 1919 372 1982 dimanda
403 1930 544 1999 vostra,
578 1931 614 1983 et
642 1942 664 1982 a
687 1921 734 1982 lui
766 1921 795 1983 si
820 1921 837 1983 ὲ
864 1921 949 1982 data
981 1941 1066 1983 cura
1098 1923 1163 1983 che
1197 1922 1377 2001 responde
1402 1943 1422 1982 a

154 2027 254 2102 questi
279 2027 405 2090 veneni
433 2027 469 2089 di
491 2029 573 2108 quel
597 2027 751 2108 pessimo
774 2027 870 2109 quali
888 2029 978 2090 hora
995 2029 1148 2091 scrivere
1166 2028 1323 2090 mandati
1342 2029 1421 2109 qui.

231 2137 263 2195 A
287 2133 345 2196 noi
369 2136 478 2197 molto
504 2134 661 2215 dispiace
686 2133 709 2197 il
733 2136 803 2197 mal
830 2145 951 2196 vostro
968 2145 1004 2196 et
1022 2133 1058 2196 vi
1076 2134 1297 2238 exhortiamp
1315 2156 1422 2217 sopra

155 2247 233 2302 tutto
256 2263 277 2303 a
301 2261 424 2304 curare
449 2244 482 2303 la
507 2241 622 2304 sanita
646 2253 767 2304 vostra
792 2251 826 2304 et
851 2254 946 2304 stare
968 2242 1003 2303 di
1019 2244 1115 2303 bono
1135 2241 1262 2321 animo,
1281 2263 1420 2323 persua·

153 2346 295 2411 dendovi
319 2351 384 2411 che
408 2351 444 2411 la
468 2348 606 2410 Santiti
633 2349 667 2410 di
693 2348 824 2412 Nostro
848 2347 1003 2430 Signore
1028 2349 1047 2410 ὲ
1072 2349 1107 2411 di
1132 2350 1189 2411 voi
1214 2360 1313 2413 tanto
1342 2371 1421 2413 eon·

152 2461 238 2516 tenta
267 2465 398 2537 quanto
430 2456 586 2538 possiate
612 2455 848 2536 desiderarvi‚
883 2475 984 2518 come
1008 2456 1067 2537 poi
1093 2476 1157 2536 per
1180 2456 1204 2517 li
1229 2456 1338 2518 effetti
1365 2478 1420 2520 co-

151 2574 335 2642 noscerem,
360 2563 383 2624 li
418 2563 512 2643 quali
538 2563 595 2625 noi
621 2562 731 2624 siamo
757 2582 897 2644 sempre
921 2583 987 2643 per
1010 2583 1212 2643 procurare.
1261 2564 1419 2625 Beneve-

151 2665 223 2748 lete,
246 2669 500 2732 Consortamini
526 2679 561 2732 et
585 2669 696 2732 nolite
719 2669 856 2749 timere,
881 2691 962 2731 nam
987 2671 1084 2731 Deus
1108 2690 1173 2751 pro
1199 2670 1311 2732 nobis.

228 2775 429 2840 Florentiae
454 2775 516 2838 Vl.
541 2777 645 2838 Febr.
671 2776 853 2838 MDXXI.

1087 2892 1189 2956 varlar
1206 2892 1312 2963 lruler,

1018 2984 1385 3036 vice-Cancellarius.

751 3394 801 3457 m.

472 3508 681 3591 lleander
710 3510 1080 3591 Vioeoanoellurm.

563 3639 704 3705 (deuolat.
724 3640 850 3699 deman
869 3639 900 3697 1..
918 3641 985 3712 184)

528 3738 578 3810 (Ex
603 3743 754 3791 Wormatia
780 3742 804 3791 6.
830 3744 909 3791 Febr.
942 3741 1027 3809 1521.)

229 3846 294 3911 Per
325 3848 452 3911 obviar
479 3848 539 3930 piu
565 3851 630 3912 che
656 3850 684 3911 si
708 3859 792 3931 pote
817 3870 838 3912 a
863 3850 978 3930 questi
1003 3848 1141 3912 tumulti
1166 3850 1201 3912 di
1226 3850 1418 3913 Germania

150 3961 180 4009 et
194 3954 348 4031 prohibit
362 3956 464 4017 stridi
481 3959 547 4019 che
568 3956 678 4019 fanno
703 3956 739 4018 in
764 3966 890 4037 questa
915 3936 1044 4036 diaeta,
1067 3977 1155 4039 pare
1181 3978 1278 4020 esser
1297 3978 1417 4019 neces-

151 4057 234 4121 sario
250 4062 417 4144 imprimis
442 4064 741 4126 universalmente
765 4084 916 4127 revocar
940 4065 1025 4143 ogni
1048 4084 1204 4143 reserva,
1229 4068 1417 4145 presertim

151 4160 232 4227 latta
259 4190 335 4231 cum
368 4170 602 4251 derogatione
627 4171 940 4250 concordatorum,
976 4180 1010 4232 et
1034 4170 1068 4233 in
1093 4170 1249 4234 futurum
1274 4172 1418 4235 schiffar

152 4272 215 4331 tale
238 4258 634 4359 derogatione'quando
659 4276 753 4341 mille
777 4281 876 4341 volte
900 4276 1009 4340 Cesar
1033 4279 1068 4340 la
1092 4279 1337 4341 demandasse.

233 4381 396 4447 Preterea
420 4394 456 4447 et
479 4384 513 4446 in
538 4384 697 4466 presenti
721 4386 832 4447 vader
856 4384 892 4446 di
916 4384 971 4446 far
996 4405 1033 4446 se
1055 4387 1206 4465 qualche
1222 4385 1283 4447 lite
1299 4388 1417 4466 pende

152 4500 248 4547 annor
271 4490 427 4554 indecisa
451 4512 518 4572 per
541 4491 646 4572 vigor
669 4491 704 4553 di
730 4492 778 4553 tal
804 4490 1039 4573 derogatione
1062 4513 1083 4554 o
1108 4492 1189 4555 altri
1214 4493 1334 4575 meggi
1351 4496 1417 4555 che

152 4586 249 4655 fanno
271 4599 459 4660 tumultuar
484 4608 662 4679 questor0‚
688 4600 753 4660 che
771 4598 811 4661 N.
830 4597 866 4660 S.
889 4600 925 4661 la
942 4599 1103 4680 extingui
1122 4609 1156 4661 et
1173 4599 1197 4661 li
1213 4600 1416 4680 impetranti

152 4694 306 4765 habbiino
326 4706 499 4787 patientia
515 4726 579 4785 per
604 4716 729 4787 questa
745 4707 851 4784 volta,
868 4706 1000 4787 perche
1016 4706 1162 4787 expedit
1178 4727 1313 4787 paucos
1327 4708 1416 4769 mori

154 4820 213 4878 1)ῐο
235 4815 370 4893 populo,
395 4822 495 4875 tanto
521 4813 580 4894 piir
605 4816 670 4876 ohe
695 4813 752 4875 chi
776 4814 895 4874 hanno
919 4813 1109 4893 impetrato
1125 4834 1213 4876 sono
1230 4813 1355 4888 ricchi;
1381 4825 1416 4877 et
1457 4840 1460 4845 ·

155 4908 180 4968 si
202 4921 349 4991 proveda
373 4942 394 4981 u
419 4918 514 4981 mille
530 4919 881 5002 stangheggiamenti
899 4922 965 4981 che
982 4930 1149 5001 questoro
1164 4921 1194 4983 si
1212 4924 1430 4985 lamentano.
