3425 5700
800 557 1030 611 <>·<]385}-o

276 703 441 781 misimus,
467 723 544 765 cum
569 702 692 765 debita
709 703 921 765 executione
937 704 1133 766 litterarum
1151 704 1466 767 declaratoriarum
1483 725 1555 766 sen-

275 809 463 872 tentiarum
495 819 694 872 nostrarum
727 809 910 872 nobiscum
935 822 973 874 ut
998 813 1102 875 decet
1126 811 1333 884 convenire;
1368 819 1403 874 et
1426 820 1465 873 ut
1489 831 1556 874 om·

277 917 380 979 nibus
404 915 692 980 christifidelibus
716 917 752 979 id
776 916 977 981 innotescat
1000 939 1065 1000 per
1082 929 1179 980 tuum
1196 921 1366 1000 generale
1381 917 1557 981 aedictum

276 1025 310 1086 in
345 1023 507 1086 omnibus
543 1023 745 1087 civitatibus
781 1033 816 1086 et
851 1025 938 1087 locis
971 1025 1186 1088 Germaniae
1222 1025 1398 1107 publicari
1433 1045 1558 1089 curare

276 1133 427 1194 eundem
450 1130 642 1193 Martinum
676 1139 711 1193 et
741 1131 829 1194 alios
863 1133 1063 1195 haereticos
1097 1132 1129 1195 ei
1161 1134 1378 1196 adherentes
1410 1153 1452 1195 ac
1485 1133 1559 1213 ejus

276 1237 434 1300 fautores
459 1246 494 1301 et
517 1244 762 1318 receptatores
786 1238 970 1321 ipsiusque
993 1239 1268 1321 perversitatem
1284 1249 1474 1321 sequentes
1490 1237 1560 1302 illis

277 1344 389 1427 penis,
414 1365 504 1426 quae
522 1345 558 1407 in
583 1345 709 1409 litteris
733 1345 863 1408 nostris
888 1358 1013 1409 contra
1037 1367 1100 1410 eos
1124 1348 1291 1410 decretae
1315 1348 1468 1428 fuerunt,
1492 1347 1560 1408 nisi

276 1451 500 1533 resipiscant,
533 1452 642 1534 plecti
662 1452 820 1533 jubendo
846 1473 888 1515 ac
920 1453 1102 1516 civitatum
1129 1453 1329 1517 rectoribus
1354 1464 1390 1516 et
1414 1452 1559 1516 Provin-

277 1557 409 1622 ciarum
441 1567 579 1621 tuarum
611 1560 895 1622 moderatoribus
929 1561 1194 1641 eorundemque
1226 1560 1491 1643 apparitoribus
1526 1570 1562 1622 et

277 1665 355 1734 aliis
379 1664 600 1746 officialibus,
635 1669 701 1727 sub
725 1667 828 1748 penis
864 1668 909 1730 de
941 1667 1068 1748 quibus
1099 1668 1163 1730 tibi
1188 1667 1367 1730 videbitur
1391 1670 1561 1730 mandare

275 1783 313 1834 ut
345 1793 409 1854 per
442 1773 622 1854 publicum
655 1773 808 1834 edictum
833 1775 996 1836 omnibus
1021 1776 1205 1838 declarent
1229 1786 1336 1856 atque
1360 1774 1563 1856 significent

275 1889 310 1941 te
345 1889 469 1941 contra
501 1880 654 1942 eundem
677 1878 870 1942 Martinum
902 1901 943 1943 ac
974 1881 1153 1944 hereticos
1183 1879 1282 1963 ipsos
1312 1882 1501 1944 damnatos
1526 1893 1562 1944 et

276 1985 307 2048 ei
339 1985 554 2049 adherentes
584 2005 777 2067 eorumque
810 1986 969 2050 fautores
996 1990 1098 2069 juxta
1128 1987 1326 2050 litterarum
1360 1998 1562 2052 nostrarum

277 2111 353 2155 esse
383 2112 626 2173 processuros.
683 2093 889 2156 Praestabis
927 2095 1019 2157 enim
1053 2095 1089 2157 in
1124 2096 1192 2156 hoc
1225 2093 1405 2157 Salvatori
1436 2107 1562 2158 nostro

274 2199 358 2278 Jesu
376 2199 516 2263 Christo
540 2199 750 2280 obsequium
774 2200 809 2263 in
834 2201 956 2282 primis
980 2202 1276 2284 acceptissimum,
1293 2211 1444 2284 propter
1460 2204 1559 2284 quod

276 2304 435 2368 diffusius
466 2307 616 2369 extollet
649 2307 801 2388 gloriam
833 2317 914 2370 tuae
945 2308 1138 2390 majestatis
1169 2309 1300 2372 famam
1332 2328 1424 2390 quae
1453 2308 1562 2371 etiam

276 2413 312 2475 in
328 2423 494 2494 posteros
511 2423 590 2476 tuos
612 2434 691 2476 cum
708 2415 813 2477 laude
830 2415 984 2478 maxima
1002 2417 1207 2495 descendet,
1232 2425 1268 2478 et
1285 2418 1377 2478 ultra
1394 2425 1565 2478 aeternae

276 2520 371 2583 vitae
403 2520 598 2602 praemium
630 2522 727 2602 quod
759 2522 889 2584 exinde
920 2523 985 2586 tibi
1013 2522 1219 2604 proveniet,
1253 2521 1412 2602 reperies
1435 2543 1501 2586 nos
1527 2532 1565 2586 et

275 2627 368 2688 hanc
399 2635 558 2690 sanctam
582 2625 713 2690 Sedem
745 2629 977 2710 apostolicam
1001 2631 1048 2692 ad
1072 2628 1190 2692 omnia
1214 2648 1305 2709 quae
1329 2629 1501 2693 honorem
1528 2640 1566 2693 et

276 2743 406 2797 statum
430 2745 511 2796 tuae
536 2734 755 2797 celsitudinis
780 2755 997 2798 concernere
1021 2745 1190 2818 poterunt
1214 2736 1310 2798 omni
1346 2757 1424 2798 cum
1456 2740 1565 2800 bene-

277 2841 432 2905 dictione
458 2852 653 2924 promptos.
701 2844 832 2905 Datum
857 2843 999 2907 Romae
1024 2845 1119 2926 apud
1137 2842 1308 2908 Sanctum
1325 2844 1470 2907 Petrum
1495 2847 1566 2908 sub

277 2952 408 3011 annulo
433 2948 644 3031 Piscatoris‚
678 2949 736 3011 die
769 2950 906 3012 XVIII.
933 2951 1092 3031 Januarii
1123 2950 1297 3014 MDXXI
1328 2952 1567 3017 Pontificatus

279 3055 390 3120 nostri
414 3076 507 3119 anno
533 3066 671 3119 octavo.

1306 3156 1346 3217 h.
1365 3154 1528 3218 1111111111.

815 3317 1018 3329 mmmmm

896 3547 945 3611 14.

664 3654 841 3735 Ileander
860 3654 1174 3736 licceancellario.

621 3802 795 3872 (1111111111.
816 3802 967 3861 German.
987 3801 1216 3874 11110-111)

796 3917 848 3988 (19.
869 3923 930 3985 Jan.
954 3924 1039 3984 15²1·)

366 4048 408 4111 El
440 4048 624 4111 confessor
656 4046 692 4109 in
726 4045 841 4127 questi
866 4045 978 4108 ultimi
1003 4054 1144 4125 quattro
1169 4045 1287 4126 giorni
1311 4045 1371 4126 gia
1394 4045 1454 4128 piu
1479 4038 1570 4111 fiate

278 4157 302 4219 il
326 4158 372 4219 ha
396 4156 592 4219 dechiarito
617 4175 688 4218 non
713 4156 812 4217 voler
829 4174 895 4234 per
909 4174 994 4217 cosa
1008 4154 1136 4215 alcuna
1152 4162 1267 4215 restar
1283 4152 1354 4233 qul,
1378 4173 1434 4215 ma
1450 4156 1571 4217 andar

278 4266 313 4327 al
345 4264 501 4345 capitulo
532 4282 596 4325 suo
628 4264 797 4343 generale
831 4262 898 4322 che
929 4258 1060 4322 sisara
1088 4258 1242 4340 aCarpi‚
1271 4262 1305 4321 al
1336 4262 1440 4340 quale
1470 4261 1522 4322 lui
1548 4262 1570 4325 ὲ

279 4378 474 4433 constretto
499 4390 545 4431 ex
569 4379 667 4431 voto:
696 4367 754 4430 noi
780 4368 1033 4449 cognoscendo
1058 4387 1129 4429 non
1153 4368 1266 4429 haver
1287 4367 1379 4428 altro
1395 4371 1452 4447 qul
1471 4369 1570 4431 achi

277 4477 338 4559 pii1
364 4497 407 4539 ne
431 4475 609 4557 possiamo
643 4474 735 4537 fidar
765 4474 800 4536 in
833 4483 960 4555 questo
991 4475 1057 4535 che
1082 4494 1103 4535 a
1126 4472 1190 4553 lui,
1217 4473 1241 4534 li
1265 4472 1453 4535 facessimo
1478 4476 1571 4554 ogni

279 4582 446 4646 instantia
470 4584 548 4645 chel
574 4592 742 4663 restasse,
777 4580 995 4662 allegandoli
1026 4581 1051 4642 il
1082 4580 1246 4662 maggior
1269 4578 1339 4642 imo
1363 4580 1572 4646 universale

279 4694 350 4753 ben
373 4690 467 4752 della
484 4689 604 4753 chiesa
629 4708 747 4752 essere
772 4689 818 4751 da
842 4686 1016 4770 preterire
1040 4688 1074 4749 al
1098 4690 1169 4749 ben
1192 4686 1397 4768 particular,
1417 4697 1453 4749 et
1469 4691 1571 4768 quod

280 4798 326 4859 ad
351 4798 418 4859 hoc
444 4805 634 4876 cogeretur
658 4816 704 4858 ex
729 4804 813 4857 voto
831 4793 1005 4876 Baptismi
1029 4794 1124 4875 quod
1146 4796 1255 4875 longe
1272 4803 1428 4855 antestat
1443 4806 1572 4860 votum

279 4902 476 4983 religionis,
501 4913 536 4965 at
560 4902 595 4964 in
619 4902 667 4965 fin
692 4902 798 4984 disse,
824 4904 890 4964 che
914 4920 986 4963 non
1010 4903 1229 4980 restarebbe,
1254 4901 1297 4963 ne
1322 4920 1388 4983 per
1412 4901 1572 4983 Impera·
