3425 5700
822 580 1052 634 0143928>⁴²

297 725 445 807 dicitur),
471 722 504 786 tl·
526 722 643 802 κόνων,
667 725 760 789 idest
783 747 874 790 unus
898 727 1025 808 pulvis,
1050 725 1246 806 eademque
1261 723 1391 786 farina:
1426 723 1577 804 Nequic-

297 853 401 915 quam
426 832 611 916 Episcopi,
642 833 774 896 frustra
805 833 1032 916 presbisteri,
1063 834 1140 896 sine
1171 853 1278 895 causa
1309 831 1450 893 diaconi
1487 840 1578 894 sunt.
1688 824 1689 889 ζ

296 940 341 1002 Et
374 939 467 1003 idern
493 939 722 1004 Beatissimus
752 941 806 1004 vir
830 942 866 1004 in
895 942 1040 1024 dialogo
1064 938 1267 1005 Orthodoxi
1291 947 1327 1000 et
1351 936 1578 1016 Luciferiani,

297 1047 479 1110 Ecclesiae
513 1045 651 1132 (inquit)
683 1050 777 1111 salus
802 1049 838 1111 in
864 1049 989 1112 summi
1013 1047 1208 1111 sacerdotis
1233 1046 1409 1128 dignitate
1433 1045 1578 1126 pendet,
1688 1110 1689 1129 ,

299 1154 392 1217 cuini
407 1155 436 1217 si
453 1175 560 1220 exors
584 1157 758 1237 quaedam
784 1165 819 1218 et
843 1158 890 1218 ab
914 1155 1076 1218 omnibus
1100 1155 1259 1218 emiuens
1282 1155 1387 1216 detur
1407 1161 1579 1234 potestas,

298 1273 352 1324 tot
374 1262 409 1325 in
434 1261 602 1326 Ecclesiis
627 1262 825 1326 efficientur
849 1263 1050 1343 schismata,
1074 1271 1161 1344 quot
1184 1263 1399 1325 sacerdotes.
1688 1334 1689 1337 Ἴ

387 1370 518 1432 Restat
548 1369 656 1450 igitur
687 1379 725 1432 ut
762 1391 783 1434 a
817 1371 924 1433 meris
955 1371 1054 1433 laicis
1087 1380 1123 1432 et
1152 1369 1222 1431 illis
1252 1367 1405 1430 indoctis
1428 1365 1578 1429 iudicari
1688 1362 1689 1445 ]

298 1477 471 1539 Martinus
495 1476 597 1557 velit,
623 1477 744 1562 eisque
768 1477 1006 1559 potissimum,
1039 1498 1129 1559 quos
1153 1475 1317 1539 Pontifici
1342 1484 1379 1536 et
1401 1473 1507 1537 Clero
1531 1472 1578 1533 in·
1688 1462 1689 1537 ἶ

298 1583 410 1646 festos
440 1583 605 1646 reddidit.
653 1582 726 1648 Sed
757 1605 862 1648 nemo
893 1585 1052 1667 ignorat,
1086 1583 1147 1646 ubi
1177 1584 1222 1645 de
1250 1580 1426 1664 religione
1449 1579 1579 1662 agitur,
1688 1580 1690 1607 ⁸

299 1710 415 1772 neque
446 1690 615 1754 laicorum
647 1711 763 1773 neque
790 1693 895 1755 etiam
919 1693 1177 1774 Imperatorum
1201 1710 1281 1753 esse
1301 1687 1480 1770 judicium.
1529 1683 1579 1747 Si·
1688 1696 1690 1775 l

300 1798 442 1879 quidem
467 1797 647 1861 Arcadius.
660 1799 858 1881 Imperator
881 1801 948 1862 hoc
973 1801 1018 1863 ad
1034 1800 1232 1881 Episcopos
1255 1795 1412 1872 remittit,
1436 1803 1475 1856 ut
1491 1793 1579 1854 Con·
1688 1850 1689 1881 ,

299 1905 472 1967 stantinus
497 1923 646 1985 magnus
669 1907 706 1968 in
730 1906 890 1970 Nicaena
914 1905 1074 1989 Synodo,
1107 1907 1152 1968 de
1176 1903 1330 1987 querelis
1355 1903 1579 1964 sacerdotnm
1688 1900 1689 1919 ¹

300 2012 390 2074 dixit
413 2011 697 2076 manifestissime
718 2013 886 2091 judicium
910 2015 956 2076 ad
981 2035 1019 2078 se
1044 2033 1115 2077 non
1139 2020 1318 2095 spectare:
1355 2009 1454 2071 Idem
1474 2005 1580 2068 etiam

300 2120 497 2201 imperator
521 2120 691 2184 adversus
715 2121 955 2184 Montensium
979 2121 1154 2184 haeresim
1178 2119 1224 2181 ad
1249 2116 1472 2214 Sylvestrum
1489 2113 1580 2175 Pon·

301 2226 440 2305 tificem,
467 2226 622 2289 Romam
645 2228 739 2290 misit
753 2227 958 2291 Rheticium
975 2216 1337 2310 Augustodunensem
1354 2222 1581 2306 Episcopum,

220 2377 222 2382 -
301 2335 406 2396 utari
431 2333 637 2398 Marcellam
662 2332 911 2398 Sanctissimus
935 2336 1059 2398 scribit
1082 2337 1207 2397 doctor
1234 2331 1485 2411 Hieronymus.
1533 2327 1581 2388 At

300 2440 367 2503 iste
381 2443 496 2503 bonus
512 2442 646 2504 Luther
662 2453 697 2505 et
712 2465 751 2506 se
772 2443 1014 2506 adversarium
1033 2439 1215 2504 Pontificis
1239 2438 1338 2502 facit:
1363 2421 1403 2500 et
1423 2455 1503 2498 eum
1527 2453 1580 2495 su-

301 2551 406 2611 besse
430 2547 559 2611 iudicio
584 2549 753 2613 laicorum
776 2551 866 2614 vult:
892 2570 982 2632 quos
1005 2561 1123 2612 tamen
1143 2567 1323 2628 nunquam
1339 2541 1493 2626 putarim
1510 2551 1581 2602 tam

303 2655 446 2736 impios,
479 2667 514 2718 et
547 2665 617 2719 tam
649 2657 890 2740 impudenteS,
921 2668 960 2721 ut
989 2658 1026 2720 id
1057 2657 1125 2720 sibi
1155 2663 1346 2718 assumant.
1393 2649 1467 2712 Sed
1494 2647 1581 2710 illud

303 2763 455 2826 maxime
480 2767 628 2845 optabat
643 2764 815 2828 Martinus
840 2766 886 2827 ad
912 2765 1065 2828 diaetam
1089 2766 1188 2827 salvo
1204 2763 1382 2826 conductu
1398 2756 1581 2834 accedere,

302 2881 341 2932 ut
372 2872 407 2933 in
439 2892 480 2933 ea
511 2872 645 2935 rabiem
677 2888 779 2935 suam
807 2883 842 2936 et
866 2893 1041 2935 venenum
1066 2871 1250 2934 effundere
1274 2870 1418 2949 impune
1441 2873 1580 2947 posset:

303 2990 338 3039 et
362 2998 404 3041 ea
427 2978 593 3060 opinione
615 2980 740 3043 relicta
764 2980 966 3060 discedere,
1002 2979 1102 3062 quasi
1126 3000 1148 3041 a
1172 2977 1326 3041 Caesare
1356 2984 1391 3037 et
1415 2994 1436 3035 a
1460 2991 1582 3054 proce·

303 3086 400 3148 ribus
425 3106 477 3165 ea,
502 3106 593 3168 quae
617 3087 767 3168 scripsit,
793 3096 914 3151 essent
936 3090 1147 3170 approbata.
1429 3067 1432 3070 ¹

394 3193 586 3256 Praeterea
625 3214 835 3275 quaeramus
875 3194 1002 3276 quibus
1042 3191 1246 3256 auctoribus
1286 3186 1449 3253 convinci
1485 3185 1583 3246 vult?

305 3298 437 3363 Omnes
460 3299 626 3364 scientias
651 3310 687 3365 et
710 3300 898 3365 facultates
922 3311 957 3364 et
980 3301 1091 3363 libros
1106 3299 1259 3361 damnat.
1302 3297 1350 3358 At
1365 3291 1582 3357 rationibus?

305 3407 363 3487 qui
387 3406 464 3469 fieri
487 3417 615 3489 potest,
643 3418 680 3471 ut
704 3411 776 3473 ulla
798 3409 936 3472 ratione
960 3408 1123 3470 vincatur
1147 3406 1205 3487 qui
1229 3416 1301 3467 tarn
1326 3396 1583 3464 irrationabilia

305 3524 339 3575 et
368 3514 491 3577 scribit
520 3524 556 3577 et
579 3513 686 3577 facit?
733 3516 835 3579 Novo
860 3516 1094 3579 testamento?
1127 3512 1276 3594 primurn
1300 3510 1337 3572 in
1361 3527 1455 3570 novo
1481 3515 1583 3567 testa·

305 3630 422 3683 mento
455 3641 524 3684 non
560 3622 677 3685 omnia
707 3622 839 3704 scripta
866 3633 962 3700 sunt,
996 3641 1088 3702 quae
1119 3640 1184 3703 pro
1218 3616 1431 3680 necessitate
1456 3631 1583 3689 rerum,

306 3737 521 3809 temporum,
554 3738 588 3791 et
621 3730 777 3792 locorum
801 3729 962 3793 Ecclesia
986 3728 1054 3790 Dei
1087 3726 1212 3809 spiritu
1236 3732 1431 3806 praeeunte
1455 3718 1583 3797 sanxit,

305 3844 341 3898 et
364 3836 536 3899 hactenus
559 3838 777 3918 observavit,
803 3858 894 3919 quae
922 3858 943 3899 a
967 3836 1121 3899 Martino
1145 3817 1360 3916 rejiciuntur.

415 3944 552 4006 Deinde
567 3944 601 4005 in
618 3944 684 4025 his,
702 3965 792 4026 quae
805 3945 841 4007 in
856 3965 950 4007 novo
963 3950 1176 4006 testamento
1188 3942 1376 4016 habentur,
1394 3933 1580 4018 expositio·
1688 3933 1689 3936 ’

306 4070 377 4113 nes
393 4050 545 4114 omnium
571 4050 726 4132 damnat,
752 4060 787 4114 et
811 4072 909 4113 suam
924 4050 1026 4113 unius
1042 4070 1164 4112 veram
1182 4068 1260 4111 esse
1274 4045 1422 4122 iactitat,
1447 4041 1581 4121 sibique

308 4158 367 4221 uni
384 4158 480 4220 credi
496 4161 582 4237 vult,
602 4160 661 4241 qui
676 4160 831 4239 reliquos
848 4178 970 4221 omnes
982 4157 1164 4220 falsidicos
1178 4165 1213 4218 et
1225 4154 1297 4217 fide
1309 4151 1477 4233 indignos
1490 4148 1581 4211 facit

397 4265 581 4327 Postremo
593 4266 725 4348 passim
734 4266 858 4329 videre
871 4273 925 4327 est
934 4265 968 4327 in
979 4263 1125 4327 Lutheri
1136 4262 1287 4345 scriptis,
1298 4260 1328 4322 si
1340 4259 1422 4341 quid
1435 4277 1480 4319 ex
1492 4274 1582 4318 novo

308 4373 536 4435 'sestamento
557 4372 694 4451 citatur,
720 4374 814 4454 quod
831 4382 955 4435 contra
972 4372 1086 4453 ipsum
1103 4370 1221 4448 faciat,
1246 4367 1363 4431 statim
1380 4365 1500 4429 dicere
1515 4361 1582 4425 illic

309 4500 387 4541 esse
401 4478 602 4542 deliratum:
619 4479 718 4542 sicuti
737 4481 781 4542 de
799 4480 1084 4561 epistolaJacobi
1097 4477 1229 4558 scribit,
1247 4484 1283 4539 et
1296 4475 1365 4538 alia
1378 4470 1584 4536 huiusmodi.

414 4585 539 4667 Neque
563 4588 629 4649 hoc
654 4587 782 4649 dicitur
809 4588 892 4667 quia
923 4606 993 4649 non
1018 4586 1086 4649 sint
1111 4584 1272 4668 plerique
1296 4581 1391 4644 docti
1415 4580 1493 4656 viri,
1518 4598 1583 4640 ma-

270 4670 405 4755 zrimo
430 4713 586 4773 numero,
612 4694 670 4776 qui
695 4702 818 4757 contra
835 4694 1025 4757 Martinum
1051 4702 1086 4756 et
1109 4694 1146 4754 in
1170 4709 1332 4772 campum
1357 4685 1585 4759 descendere,

310 4810 345 4863 et
368 4801 524 4865 scribere
549 4813 629 4865 sunt
654 4801 878 4885 paratissimi,
902 4802 1007 4864 modo
1028 4821 1072 4863 ne
1087 4799 1276 4862 videantur
1291 4808 1326 4858 et
1341 4792 1585 4857 auctoritatem

310 4906 474 4971 Pontifici
499 4910 646 4973 coelitus
671 4912 789 4973 datam
815 4919 944 4972 ettam
972 4911 1081 4989 longo
1114 4927 1221 4986 aevo,
1255 4913 1308 4968 tot
1333 4904 1585 4983 Imperatorum
1688 4947 1690 5014 ξ
