<?xml version="1.0" encoding="UTF-8"?>
<!DOCTYPE html PUBLIC "-//W3C//DTD XHTML 1.0 Transitional//EN"
    "http://www.w3.org/TR/xhtml1/DTD/xhtml1-transitional.dtd">
<html xmlns="http://www.w3.org/1999/xhtml" xml:lang="en" lang="en">
 <head>
  <title>
</title>
<meta http-equiv="Content-Type" content="text/html;charset=utf-8" />
  <meta name='ocr-system' content='tesseract 3.04.00' />
  <meta name='ocr-capabilities' content='ocr_page ocr_carea ocr_par ocr_line ocrx_word'/>
</head>
<body>
  <div class='ocr_page' id='page_1' title='image "./monumentareform00unkngoog/monumentareform00unkngoog_0410.png"; bbox 0 0 3425 5700; ppageno 0'>
   <div class='ocr_carea' id='block_1_1' title="bbox 788 540 1035 598">
    <p class='ocr_par' dir='ltr' id='par_1_1' title="bbox 788 540 1035 598">
     <span class='ocr_line' id='line_1_1' title="bbox 788 540 1035 598; baseline 0 0"><span class='ocrx_word' id='word_1_1' title='bbox 788 540 1035 598; x_wconf 51' lang='lat' dir='ltr'>NJddilffl</span> 
     </span>
    </p>
   </div>
   <div class='ocr_carea' id='block_1_2' title="bbox 271 686 1579 4939">
    <p class='ocr_par' dir='ltr' id='par_1_2' title="bbox 271 686 1570 2697">
     <span class='ocr_line' id='line_1_2' title="bbox 272 686 1558 773; baseline 0.002 -22"><span class='ocrx_word' id='word_1_2' title='bbox 272 698 466 752; x_wconf 86' lang='lat' dir='ltr'>constretta</span> <span class='ocrx_word' id='word_1_3' title='bbox 490 709 512 751; x_wconf 89' lang='lat' dir='ltr'>a</span> <span class='ocrx_word' id='word_1_4' title='bbox 534 688 612 751; x_wconf 82' lang='lat' dir='ltr'>sare</span> <span class='ocrx_word' id='word_1_5' title='bbox 636 686 661 751; x_wconf 92' lang='lat' dir='ltr'>il</span> <span class='ocrx_word' id='word_1_6' title='bbox 683 696 779 751; x_wconf 87' lang='lat' dir='ltr'>resto</span> <span class='ocrx_word' id='word_1_7' title='bbox 809 707 875 770; x_wconf 92' lang='lat' dir='ltr'>per</span> <span class='ocrx_word' id='word_1_8' title='bbox 898 688 1101 771; x_wconf 88' lang='lat' dir='ltr'>impedirla‚</span> <span class='ocrx_word' id='word_1_9' title='bbox 1135 690 1280 754; x_wconf 89' lang='lat' dir='ltr'>sendosi</span> <span class='ocrx_word' id='word_1_10' title='bbox 1303 691 1357 754; x_wconf 88' lang='lat' dir='ltr'>sin</span> <span class='ocrx_word' id='word_1_11' title='bbox 1381 712 1404 755; x_wconf 93' lang='lat' dir='ltr'>a</span> <span class='ocrx_word' id='word_1_12' title='bbox 1427 710 1558 773; x_wconf 86' lang='lat' dir='ltr'>questo</span> 
     </span>
     <span class='ocr_line' id='line_1_3' title="bbox 271 797 1559 881; baseline 0.002 -23"><span class='ocrx_word' id='word_1_13' title='bbox 271 805 346 859; x_wconf 92' lang='lat' dir='ltr'>atto</span> <span class='ocrx_word' id='word_1_14' title='bbox 370 816 554 879; x_wconf 88' lang='lat' dir='ltr'>processo;</span> <span class='ocrx_word' id='word_1_15' title='bbox 585 817 643 858; x_wconf 86' lang='lat' dir='ltr'>ma</span> <span class='ocrx_word' id='word_1_16' title='bbox 671 816 709 858; x_wconf 91' lang='lat' dir='ltr'>se</span> <span class='ocrx_word' id='word_1_17' title='bbox 739 806 864 877; x_wconf 91' lang='lat' dir='ltr'>questo</span> <span class='ocrx_word' id='word_1_18' title='bbox 895 816 1065 877; x_wconf 86' lang='lat' dir='ltr'>processo</span> <span class='ocrx_word' id='word_1_19' title='bbox 1098 797 1173 881; x_wconf 90' lang='lat' dir='ltr'>(sic)</span> <span class='ocrx_word' id='word_1_20' title='bbox 1204 797 1305 862; x_wconf 88' lang='lat' dir='ltr'>siano</span> <span class='ocrx_word' id='word_1_21' title='bbox 1336 798 1400 861; x_wconf 89' lang='lat' dir='ltr'>atti</span> <span class='ocrx_word' id='word_1_22' title='bbox 1424 800 1472 862; x_wconf 86' lang='lat' dir='ltr'>ad</span> <span class='ocrx_word' id='word_1_23' title='bbox 1496 798 1559 861; x_wconf 91' lang='lat' dir='ltr'>im·</span> 
     </span>
     <span class='ocr_line' id='line_1_4' title="bbox 271 902 1561 987; baseline 0.002 -22"><span class='ocrx_word' id='word_1_24' title='bbox 271 904 412 985; x_wconf 88' lang='lat' dir='ltr'>pedirla</span> <span class='ocrx_word' id='word_1_25' title='bbox 436 924 457 965; x_wconf 95' lang='lat'>0</span> <span class='ocrx_word' id='word_1_26' title='bbox 473 923 555 983; x_wconf 84' lang='lat' dir='ltr'>non,</span> <span class='ocrx_word' id='word_1_27' title='bbox 580 902 719 965; x_wconf 74' lang='lat' dir='ltr'>benene</span> <span class='ocrx_word' id='word_1_28' title='bbox 743 922 813 965; x_wconf 92' lang='lat' dir='ltr'>non</span> <span class='ocrx_word' id='word_1_29' title='bbox 837 923 883 966; x_wconf 88' lang='lat' dir='ltr'>ne</span> <span class='ocrx_word' id='word_1_30' title='bbox 907 902 960 965; x_wconf 88' lang='lat' dir='ltr'>sia</span> <span class='ocrx_word' id='word_1_31' title='bbox 983 904 1119 977; x_wconf 89' lang='lat' dir='ltr'>chiaro;</span> <span class='ocrx_word' id='word_1_32' title='bbox 1148 926 1216 987; x_wconf 92' lang='lat' dir='ltr'>pur</span> <span class='ocrx_word' id='word_1_33' title='bbox 1238 906 1299 987; x_wconf 76' lang='lat' dir='ltr'>piu</span> <span class='ocrx_word' id='word_1_34' title='bbox 1322 914 1417 969; x_wconf 86' lang='lat' dir='ltr'>tosto</span> <span class='ocrx_word' id='word_1_35' title='bbox 1440 924 1561 986; x_wconf 89' lang='lat' dir='ltr'>penso</span> 
     </span>
     <span class='ocr_line' id='line_1_5' title="bbox 273 1008 1561 1094; baseline 0.002 -21"><span class='ocrx_word' id='word_1_36' title='bbox 273 1011 309 1073; x_wconf 95' lang='lat' dir='ltr'>di</span> <span class='ocrx_word' id='word_1_37' title='bbox 339 1011 368 1073; x_wconf 88' lang='lat' dir='ltr'>si</span> <span class='ocrx_word' id='word_1_38' title='bbox 402 1012 467 1073; x_wconf 91' lang='lat' dir='ltr'>che</span> <span class='ocrx_word' id='word_1_39' title='bbox 501 1008 535 1071; x_wconf 94' lang='lat' dir='ltr'>di</span> <span class='ocrx_word' id='word_1_40' title='bbox 571 1029 649 1075; x_wconf 90' lang='lat' dir='ltr'>no..</span> <span class='ocrx_word' id='word_1_41' title='bbox 694 1008 741 1071; x_wconf 89' lang='lat' dir='ltr'>Et</span> <span class='ocrx_word' id='word_1_42' title='bbox 781 1030 846 1091; x_wconf 90' lang='lat' dir='ltr'>per</span> <span class='ocrx_word' id='word_1_43' title='bbox 880 1021 1006 1090; x_wconf 89' lang='lat' dir='ltr'>potere</span> <span class='ocrx_word' id='word_1_44' title='bbox 1039 1011 1169 1092; x_wconf 83' lang='lat' dir='ltr'>meglio</span> <span class='ocrx_word' id='word_1_45' title='bbox 1202 1022 1392 1077; x_wconf 88' lang='lat' dir='ltr'>executare</span> <span class='ocrx_word' id='word_1_46' title='bbox 1427 1022 1561 1094; x_wconf 89' lang='lat' dir='ltr'>questo</span> 
     </span>
     <span class='ocr_line' id='line_1_6' title="bbox 273 1116 1562 1201; baseline 0.002 -23"><span class='ocrx_word' id='word_1_47' title='bbox 273 1116 422 1199; x_wconf 85' lang='lat' dir='ltr'>disegno</span> <span class='ocrx_word' id='word_1_48' title='bbox 457 1136 544 1179; x_wconf 90' lang='lat' dir='ltr'>sono</span> <span class='ocrx_word' id='word_1_49' title='bbox 576 1116 611 1178; x_wconf 95' lang='lat' dir='ltr'>in</span> <span class='ocrx_word' id='word_1_50' title='bbox 650 1136 777 1199; x_wconf 90' lang='lat' dir='ltr'>parere</span> <span class='ocrx_word' id='word_1_51' title='bbox 819 1117 854 1178; x_wconf 92' lang='lat' dir='ltr'>di</span> <span class='ocrx_word' id='word_1_52' title='bbox 889 1117 1108 1197; x_wconf 86' lang='lat' dir='ltr'>persoadere</span> <span class='ocrx_word' id='word_1_53' title='bbox 1143 1120 1177 1181; x_wconf 91' lang='lat' dir='ltr'>al</span> <span class='ocrx_word' id='word_1_54' title='bbox 1211 1118 1380 1201; x_wconf 82' lang='lat' dir='ltr'>Principe</span> <span class='ocrx_word' id='word_1_55' title='bbox 1412 1121 1482 1181; x_wconf 92' lang='lat' dir='ltr'>che</span> <span class='ocrx_word' id='word_1_56' title='bbox 1519 1138 1562 1181; x_wconf 89' lang='lat' dir='ltr'>ce</span> 
     </span>
     <span class='ocr_line' id='line_1_7' title="bbox 272 1222 1564 1308; baseline 0.001 -22"><span class='ocrx_word' id='word_1_57' title='bbox 272 1223 476 1287; x_wconf 86' lang='lat' dir='ltr'>ritorniamo</span> <span class='ocrx_word' id='word_1_58' title='bbox 501 1225 546 1285; x_wconf 90' lang='lat' dir='ltr'>ad</span> <span class='ocrx_word' id='word_1_59' title='bbox 572 1222 697 1303; x_wconf 90' lang='lat' dir='ltr'>Esling</span> <span class='ocrx_word' id='word_1_60' title='bbox 721 1222 813 1285; x_wconf 92' lang='lat' dir='ltr'>dove</span> <span class='ocrx_word' id='word_1_61' title='bbox 838 1223 855 1285; x_wconf 79' lang='grc' dir='ltr'>ὲ</span> <span class='ocrx_word' id='word_1_62' title='bbox 881 1224 916 1285; x_wconf 85' lang='grc'><strong>10</strong></span> <span class='ocrx_word' id='word_1_63' title='bbox 940 1224 1139 1305; x_wconf 91' lang='lat' dir='ltr'>regimento</span> <span class='ocrx_word' id='word_1_64' title='bbox 1163 1226 1347 1308; x_wconf 88' lang='lat' dir='ltr'>imperiale</span> <span class='ocrx_word' id='word_1_65' title='bbox 1371 1235 1407 1289; x_wconf 89' lang='lat' dir='ltr'>et</span> <span class='ocrx_word' id='word_1_66' title='bbox 1429 1246 1502 1307; x_wconf 91' lang='lat' dir='ltr'>per</span> <span class='ocrx_word' id='word_1_67' title='bbox 1525 1227 1564 1287; x_wconf 88' lang='lat' dir='ltr'>la</span> 
     </span>
     <span class='ocr_line' id='line_1_8' title="bbox 273 1328 1564 1413; baseline 0.002 -21"><span class='ocrx_word' id='word_1_68' title='bbox 273 1330 410 1412; x_wconf 89' lang='lat' dir='ltr'>magior</span> <span class='ocrx_word' id='word_1_69' title='bbox 441 1340 543 1413; x_wconf 89' lang='lat' dir='ltr'>parte</span> <span class='ocrx_word' id='word_1_70' title='bbox 574 1333 694 1393; x_wconf 90' lang='lat' dir='ltr'>buona</span> <span class='ocrx_word' id='word_1_71' title='bbox 724 1338 760 1392; x_wconf 88' lang='lat' dir='ltr'>et</span> <span class='ocrx_word' id='word_1_72' title='bbox 788 1328 911 1410; x_wconf 87' lang='lat' dir='ltr'>fidele,</span> <span class='ocrx_word' id='word_1_73' title='bbox 943 1341 979 1393; x_wconf 92' lang='lat' dir='ltr'>et</span> <span class='ocrx_word' id='word_1_74' title='bbox 1011 1332 1056 1393; x_wconf 91' lang='lat' dir='ltr'>de</span> <span class='ocrx_word' id='word_1_75' title='bbox 1087 1332 1110 1393; x_wconf 95' lang='lat' dir='ltr'>ll</span> <span class='ocrx_word' id='word_1_76' title='bbox 1141 1353 1209 1395; x_wconf 92' lang='lat' dir='ltr'>con</span> <span class='ocrx_word' id='word_1_77' title='bbox 1238 1343 1329 1397; x_wconf 92' lang='lat' dir='ltr'>tutta</span> <span class='ocrx_word' id='word_1_78' title='bbox 1358 1333 1380 1395; x_wconf 90' lang='lat' dir='ltr'>l&#39;</span> <span class='ocrx_word' id='word_1_79' title='bbox 1401 1330 1564 1395; x_wconf 69' lang='lat' dir='ltr'>autor-iti</span> 
     </span>
     <span class='ocr_line' id='line_1_9' title="bbox 274 1436 1564 1521; baseline 0 -22"><span class='ocrx_word' id='word_1_80' title='bbox 274 1438 309 1499; x_wconf 90' lang='lat' dir='ltr'>di</span> <span class='ocrx_word' id='word_1_81' title='bbox 345 1458 424 1501; x_wconf 86' lang='lat' dir='ltr'>esso</span> <span class='ocrx_word' id='word_1_82' title='bbox 460 1438 658 1518; x_wconf 90' lang='lat' dir='ltr'>regimento</span> <span class='ocrx_word' id='word_1_83' title='bbox 695 1438 760 1500; x_wconf 92' lang='lat' dir='ltr'>che</span> <span class='ocrx_word' id='word_1_84' title='bbox 794 1436 874 1499; x_wconf 72' lang='lat' dir='ltr'>sara</span> <span class='ocrx_word' id='word_1_85' title='bbox 910 1439 1024 1500; x_wconf 88' lang='lat' dir='ltr'>ancho</span> <span class='ocrx_word' id='word_1_86' title='bbox 1059 1439 1094 1501; x_wconf 91' lang='lat' dir='ltr'>la</span> <span class='ocrx_word' id='word_1_87' title='bbox 1129 1459 1194 1502; x_wconf 86' lang='lat' dir='ltr'>sua</span> <span class='ocrx_word' id='word_1_88' title='bbox 1217 1440 1376 1521; x_wconf 89' lang='lat' dir='ltr'>magiore</span> <span class='ocrx_word' id='word_1_89' title='bbox 1399 1438 1564 1520; x_wconf 90' lang='lat' dir='ltr'>potrassi</span> 
     </span>
     <span class='ocr_line' id='line_1_10' title="bbox 273 1544 1565 1627; baseline -0.001 -19"><span class='ocrx_word' id='word_1_90' title='bbox 273 1546 404 1627; x_wconf 83' lang='lat' dir='ltr'>meglio</span> <span class='ocrx_word' id='word_1_91' title='bbox 428 1544 569 1623; x_wconf 84' lang='lat' dir='ltr'>seguire</span> <span class='ocrx_word' id='word_1_92' title='bbox 593 1553 630 1607; x_wconf 95' lang='lat' dir='ltr'>et</span> <span class='ocrx_word' id='word_1_93' title='bbox 653 1544 864 1625; x_wconf 90' lang='lat' dir='ltr'>conseguire</span> <span class='ocrx_word' id='word_1_94' title='bbox 889 1553 1015 1625; x_wconf 85' lang='lat' dir='ltr'>questo</span> <span class='ocrx_word' id='word_1_95' title='bbox 1041 1544 1176 1625; x_wconf 86' lang='lat' dir='ltr'>effetto,</span> <span class='ocrx_word' id='word_1_96' title='bbox 1201 1556 1237 1608; x_wconf 92' lang='lat' dir='ltr'>et</span> <span class='ocrx_word' id='word_1_97' title='bbox 1259 1566 1454 1627; x_wconf 85' lang='lat' dir='ltr'>procurare</span> <span class='ocrx_word' id='word_1_98' title='bbox 1480 1565 1565 1626; x_wconf 88' lang='lat' dir='ltr'>spe·</span> 
     </span>
     <span class='ocr_line' id='line_1_11' title="bbox 275 1650 1567 1733; baseline -0.002 -18"><span class='ocrx_word' id='word_1_99' title='bbox 275 1652 456 1715; x_wconf 88' lang='lat' dir='ltr'>tialmente</span> <span class='ocrx_word' id='word_1_100' title='bbox 480 1654 546 1715; x_wconf 89' lang='lat' dir='ltr'>che</span> <span class='ocrx_word' id='word_1_101' title='bbox 571 1660 661 1713; x_wconf 86' lang='lat' dir='ltr'>tutte</span> <span class='ocrx_word' id='word_1_102' title='bbox 686 1652 719 1713; x_wconf 90' lang='lat' dir='ltr'>le</span> <span class='ocrx_word' id='word_1_103' title='bbox 744 1650 829 1713; x_wconf 74' lang='lat' dir='ltr'>citta</span> <span class='ocrx_word' id='word_1_104' title='bbox 854 1660 890 1713; x_wconf 92' lang='lat' dir='ltr'>et</span> <span class='ocrx_word' id='word_1_105' title='bbox 913 1650 994 1714; x_wconf 87' lang='lat' dir='ltr'>altri</span> <span class='ocrx_word' id='word_1_106' title='bbox 1018 1651 1141 1733; x_wconf 90' lang='lat' dir='ltr'>luoghi</span> <span class='ocrx_word' id='word_1_107' title='bbox 1165 1652 1281 1715; x_wconf 87' lang='lat' dir='ltr'>stiano</span> <span class='ocrx_word' id='word_1_108' title='bbox 1306 1673 1350 1715; x_wconf 93' lang='lat' dir='ltr'>ne</span> <span class='ocrx_word' id='word_1_109' title='bbox 1373 1652 1395 1714; x_wconf 88' lang='lat' dir='ltr'>l&#39;</span> <span class='ocrx_word' id='word_1_110' title='bbox 1413 1652 1567 1714; x_wconf 90' lang='lat' dir='ltr'>anticha</span> 
     </span>
     <span class='ocr_line' id='line_1_12' title="bbox 275 1758 1568 1843; baseline 0 -22"><span class='ocrx_word' id='word_1_111' title='bbox 275 1758 506 1822; x_wconf 86' lang='lat' dir='ltr'>observantia</span> <span class='ocrx_word' id='word_1_112' title='bbox 538 1758 657 1821; x_wconf 70' lang='lat' dir='ltr'>sinche</span> <span class='ocrx_word' id='word_1_113' title='bbox 694 1778 758 1841; x_wconf 86' lang='lat' dir='ltr'>per</span> <span class='ocrx_word' id='word_1_114' title='bbox 788 1759 823 1819; x_wconf 89' lang='lat' dir='ltr'>la</span> <span class='ocrx_word' id='word_1_115' title='bbox 858 1758 934 1820; x_wconf 65' lang='lat' dir='ltr'>Mt‘a</span> <span class='ocrx_word' id='word_1_116' title='bbox 966 1758 1043 1822; x_wconf 85' lang='lat' dir='ltr'>Ces¹</span> <span class='ocrx_word' id='word_1_117' title='bbox 1077 1780 1115 1822; x_wconf 88' lang='lat' dir='ltr'>se</span> <span class='ocrx_word' id='word_1_118' title='bbox 1146 1758 1237 1841; x_wconf 90' lang='lat' dir='ltr'>pigli</span> <span class='ocrx_word' id='word_1_119' title='bbox 1272 1760 1492 1843; x_wconf 85' lang='lat' dir='ltr'>expediente</span> <span class='ocrx_word' id='word_1_120' title='bbox 1529 1760 1568 1822; x_wconf 92' lang='lat' dir='ltr'>al</span> 
     </span>
     <span class='ocr_line' id='line_1_13' title="bbox 275 1862 1567 1949; baseline 0.001 -22"><span class='ocrx_word' id='word_1_121' title='bbox 275 1876 366 1928; x_wconf 90' lang='lat' dir='ltr'>tutto</span> <span class='ocrx_word' id='word_1_122' title='bbox 390 1862 536 1928; x_wconf 88' lang='lat' dir='ltr'>insieme</span> <span class='ocrx_word' id='word_1_123' title='bbox 561 1884 626 1927; x_wconf 86' lang='lat' dir='ltr'>con</span> <span class='ocrx_word' id='word_1_124' title='bbox 652 1864 695 1928; x_wconf 90' lang='lat' dir='ltr'>N.</span> <span class='ocrx_word' id='word_1_125' title='bbox 720 1862 756 1928; x_wconf 92' lang='lat' dir='ltr'>S.</span> <span class='ocrx_word' id='word_1_126' title='bbox 791 1864 937 1927; x_wconf 90' lang='lat' dir='ltr'>dandoli</span> <span class='ocrx_word' id='word_1_127' title='bbox 967 1875 1057 1928; x_wconf 89' lang='lat' dir='ltr'>tutte</span> <span class='ocrx_word' id='word_1_128' title='bbox 1082 1868 1199 1947; x_wconf 89' lang='lat' dir='ltr'>quelle</span> <span class='ocrx_word' id='word_1_129' title='bbox 1223 1870 1342 1930; x_wconf 90' lang='lat' dir='ltr'>buone</span> <span class='ocrx_word' id='word_1_130' title='bbox 1371 1868 1503 1949; x_wconf 90' lang='lat' dir='ltr'>parole</span> <span class='ocrx_word' id='word_1_131' title='bbox 1529 1877 1567 1929; x_wconf 90' lang='lat' dir='ltr'>et</span> 
     </span>
     <span class='ocr_line' id='line_1_14' title="bbox 275 1970 1568 2055; baseline 0.002 -21"><span class='ocrx_word' id='word_1_132' title='bbox 275 1971 517 2053; x_wconf 88' lang='lat' dir='ltr'>assignandoli</span> <span class='ocrx_word' id='word_1_133' title='bbox 541 1980 630 2034; x_wconf 88' lang='lat' dir='ltr'>tutte</span> <span class='ocrx_word' id='word_1_134' title='bbox 655 1970 773 2052; x_wconf 92' lang='lat' dir='ltr'>quelle</span> <span class='ocrx_word' id='word_1_135' title='bbox 798 1970 936 2035; x_wconf 85' lang='lat' dir='ltr'>efficaci</span> <span class='ocrx_word' id='word_1_136' title='bbox 960 1972 1097 2054; x_wconf 88' lang='lat' dir='ltr'>ragioni</span> <span class='ocrx_word' id='word_1_137' title='bbox 1122 1974 1188 2035; x_wconf 91' lang='lat' dir='ltr'>che</span> <span class='ocrx_word' id='word_1_138' title='bbox 1221 1994 1374 2037; x_wconf 91' lang='lat' dir='ltr'>saranno</span> <span class='ocrx_word' id='word_1_139' title='bbox 1407 1974 1444 2036; x_wconf 89' lang='lat' dir='ltr'>al</span> <span class='ocrx_word' id='word_1_140' title='bbox 1480 1993 1568 2055; x_wconf 91' lang='lat' dir='ltr'>pro-</span> 
     </span>
     <span class='ocr_line' id='line_1_15' title="bbox 275 2078 1570 2162; baseline 0.002 -21"><span class='ocrx_word' id='word_1_141' title='bbox 275 2079 402 2162; x_wconf 88' lang='lat' dir='ltr'>posito.</span> <span class='ocrx_word' id='word_1_142' title='bbox 450 2078 540 2159; x_wconf 82' lang='lat' dir='ltr'>Quel</span> <span class='ocrx_word' id='word_1_143' title='bbox 564 2079 697 2160; x_wconf 89' lang='lat' dir='ltr'>luogho</span> <span class='ocrx_word' id='word_1_144' title='bbox 722 2097 787 2158; x_wconf 91' lang='lat' dir='ltr'>per</span> <span class='ocrx_word' id='word_1_145' title='bbox 811 2098 909 2140; x_wconf 87' lang='lat' dir='ltr'>esser</span> <span class='ocrx_word' id='word_1_146' title='bbox 932 2079 1034 2159; x_wconf 88' lang='lat' dir='ltr'>quasi</span> <span class='ocrx_word' id='word_1_147' title='bbox 1058 2082 1115 2141; x_wconf 90' lang='lat' dir='ltr'>nel</span> <span class='ocrx_word' id='word_1_148' title='bbox 1148 2100 1264 2143; x_wconf 89' lang='lat' dir='ltr'>mezzo</span> <span class='ocrx_word' id='word_1_149' title='bbox 1296 2080 1333 2144; x_wconf 91' lang='lat' dir='ltr'>di</span> <span class='ocrx_word' id='word_1_150' title='bbox 1364 2079 1570 2143; x_wconf 81' lang='lat' dir='ltr'>Germania</span> 
     </span>
     <span class='ocr_line' id='line_1_16' title="bbox 275 2184 1568 2269; baseline 0.002 -22"><span class='ocrx_word' id='word_1_151' title='bbox 275 2187 476 2268; x_wconf 90' lang='lat' dir='ltr'>propinquo</span> <span class='ocrx_word' id='word_1_152' title='bbox 509 2185 569 2248; x_wconf 92' lang='lat' dir='ltr'>alli</span> <span class='ocrx_word' id='word_1_153' title='bbox 594 2186 673 2248; x_wconf 86' lang='lat' dir='ltr'>altri</span> <span class='ocrx_word' id='word_1_154' title='bbox 698 2184 860 2267; x_wconf 87' lang='lat' dir='ltr'>principi,</span> <span class='ocrx_word' id='word_1_155' title='bbox 885 2184 1003 2247; x_wconf 87' lang='lat' dir='ltr'>iudico</span> <span class='ocrx_word' id='word_1_156' title='bbox 1027 2186 1092 2248; x_wconf 89' lang='lat' dir='ltr'>che</span> <span class='ocrx_word' id='word_1_157' title='bbox 1117 2186 1170 2249; x_wconf 85' lang='lat' dir='ltr'>sia</span> <span class='ocrx_word' id='word_1_158' title='bbox 1193 2188 1302 2249; x_wconf 92' lang='lat' dir='ltr'>molto</span> <span class='ocrx_word' id='word_1_159' title='bbox 1335 2186 1395 2269; x_wconf 73' lang='lat' dir='ltr'>pirl</span> <span class='ocrx_word' id='word_1_160' title='bbox 1424 2206 1448 2249; x_wconf 93' lang='lat' dir='ltr'>a</span> <span class='ocrx_word' id='word_1_161' title='bbox 1479 2207 1568 2269; x_wconf 91' lang='lat' dir='ltr'>pro-</span> 
     </span>
     <span class='ocr_line' id='line_1_17' title="bbox 278 2292 1568 2376; baseline 0.002 -21"><span class='ocrx_word' id='word_1_162' title='bbox 278 2293 395 2375; x_wconf 91' lang='lat' dir='ltr'>posito</span> <span class='ocrx_word' id='word_1_163' title='bbox 421 2295 486 2355; x_wconf 92' lang='lat' dir='ltr'>che</span> <span class='ocrx_word' id='word_1_164' title='bbox 510 2302 636 2373; x_wconf 92' lang='lat' dir='ltr'>questo</span> <span class='ocrx_word' id='word_1_165' title='bbox 662 2292 737 2374; x_wconf 93' lang='lat' dir='ltr'>qui;</span> <span class='ocrx_word' id='word_1_166' title='bbox 768 2292 875 2353; x_wconf 88' lang='lat' dir='ltr'>credo</span> <span class='ocrx_word' id='word_1_167' title='bbox 907 2293 977 2353; x_wconf 92' lang='lat' dir='ltr'>ben</span> <span class='ocrx_word' id='word_1_168' title='bbox 1002 2292 1068 2355; x_wconf 90' lang='lat' dir='ltr'>che</span> <span class='ocrx_word' id='word_1_169' title='bbox 1092 2302 1184 2355; x_wconf 87' lang='lat' dir='ltr'>tutto</span> <span class='ocrx_word' id='word_1_170' title='bbox 1208 2303 1333 2376; x_wconf 90' lang='lat' dir='ltr'>questo</span> <span class='ocrx_word' id='word_1_171' title='bbox 1358 2314 1456 2357; x_wconf 91' lang='lat' dir='ltr'>mese</span> <span class='ocrx_word' id='word_1_172' title='bbox 1481 2314 1568 2375; x_wconf 89' lang='lat' dir='ltr'>pre·</span> 
     </span>
     <span class='ocr_line' id='line_1_18' title="bbox 277 2397 1569 2479; baseline 0 -16"><span class='ocrx_word' id='word_1_173' title='bbox 277 2411 375 2463; x_wconf 88' lang='lat' dir='ltr'>sente</span> <span class='ocrx_word' id='word_1_174' title='bbox 401 2420 471 2461; x_wconf 93' lang='lat' dir='ltr'>non</span> <span class='ocrx_word' id='word_1_175' title='bbox 496 2418 534 2461; x_wconf 90' lang='lat' dir='ltr'>se</span> <span class='ocrx_word' id='word_1_176' title='bbox 558 2398 678 2462; x_wconf 67' lang='lat' dir='ltr'>lever‘a</span> <span class='ocrx_word' id='word_1_177' title='bbox 704 2399 748 2459; x_wconf 91' lang='lat' dir='ltr'>de</span> <span class='ocrx_word' id='word_1_178' title='bbox 773 2397 833 2479; x_wconf 93' lang='lat' dir='ltr'>qui</span> <span class='ocrx_word' id='word_1_179' title='bbox 950 2418 1017 2479; x_wconf 88' lang='lat' dir='ltr'>pur</span> <span class='ocrx_word' id='word_1_180' title='bbox 1040 2398 1074 2460; x_wconf 92' lang='lat' dir='ltr'>io</span> <span class='ocrx_word' id='word_1_181' title='bbox 1103 2420 1174 2463; x_wconf 91' lang='lat' dir='ltr'>non</span> <span class='ocrx_word' id='word_1_182' title='bbox 1198 2402 1390 2463; x_wconf 83' lang='lat' dir='ltr'>manchard</span> <span class='ocrx_word' id='word_1_183' title='bbox 1414 2401 1477 2463; x_wconf 91' lang='lat' dir='ltr'>del</span> <span class='ocrx_word' id='word_1_184' title='bbox 1504 2401 1569 2464; x_wconf 91' lang='lat' dir='ltr'>de·</span> 
     </span>
     <span class='ocr_line' id='line_1_19' title="bbox 276 2505 1569 2589; baseline 0 -19"><span class='ocrx_word' id='word_1_185' title='bbox 276 2508 361 2570; x_wconf 91' lang='lat' dir='ltr'>bito.</span> <span class='ocrx_word' id='word_1_186' title='bbox 409 2506 551 2569; x_wconf 92' lang='lat' dir='ltr'>Intanto</span> <span class='ocrx_word' id='word_1_187' title='bbox 575 2505 710 2569; x_wconf 81' lang='lat' dir='ltr'>vederd</span> <span class='ocrx_word' id='word_1_188' title='bbox 735 2526 756 2566; x_wconf 91' lang='lat' dir='ltr'>a</span> <span class='ocrx_word' id='word_1_189' title='bbox 787 2506 852 2568; x_wconf 89' lang='lat' dir='ltr'>che</span> <span class='ocrx_word' id='word_1_190' title='bbox 886 2505 1035 2568; x_wconf 89' lang='lat' dir='ltr'>termine</span> <span class='ocrx_word' id='word_1_191' title='bbox 1066 2507 1296 2571; x_wconf 87' lang='lat' dir='ltr'>reusciranno</span> <span class='ocrx_word' id='word_1_192' title='bbox 1325 2516 1450 2589; x_wconf 86' lang='lat' dir='ltr'>queste</span> <span class='ocrx_word' id='word_1_193' title='bbox 1476 2528 1569 2571; x_wconf 88' lang='lat' dir='ltr'>cose</span> 
     </span>
     <span class='ocr_line' id='line_1_20' title="bbox 278 2612 1569 2697; baseline 0.003 -22"><span class='ocrx_word' id='word_1_194' title='bbox 278 2617 322 2676; x_wconf 90' lang='lat' dir='ltr'>de</span> <span class='ocrx_word' id='word_1_195' title='bbox 347 2614 510 2695; x_wconf 87' lang='lat' dir='ltr'>Ungaria</span> <span class='ocrx_word' id='word_1_196' title='bbox 534 2621 568 2675; x_wconf 90' lang='lat' dir='ltr'>et</span> <span class='ocrx_word' id='word_1_197' title='bbox 593 2614 637 2675; x_wconf 92' lang='lat' dir='ltr'>de</span> <span class='ocrx_word' id='word_1_198' title='bbox 661 2612 810 2675; x_wconf 88' lang='lat' dir='ltr'>Boemia</span> <span class='ocrx_word' id='word_1_199' title='bbox 834 2620 870 2673; x_wconf 91' lang='lat' dir='ltr'>et</span> <span class='ocrx_word' id='word_1_200' title='bbox 893 2613 964 2675; x_wconf 91' lang='lat' dir='ltr'>alla</span> <span class='ocrx_word' id='word_1_201' title='bbox 992 2613 1156 2693; x_wconf 90' lang='lat' dir='ltr'>giornata</span> <span class='ocrx_word' id='word_1_202' title='bbox 1186 2613 1338 2695; x_wconf 82' lang='lat' dir='ltr'>pigliard</span> <span class='ocrx_word' id='word_1_203' title='bbox 1370 2614 1569 2697; x_wconf 89' lang='lat' dir='ltr'>consiglio.</span> 
     </span>
    </p>

    <p class='ocr_par' dir='ltr' id='par_1_3' title="bbox 276 2718 1579 4939">
     <span class='ocr_line' id='line_1_21' title="bbox 368 2718 1567 2801; baseline 0.002 -18"><span class='ocrx_word' id='word_1_204' title='bbox 368 2720 471 2783; x_wconf 89' lang='lat' dir='ltr'>Circa</span> <span class='ocrx_word' id='word_1_205' title='bbox 501 2722 536 2782; x_wconf 89' lang='lat' dir='ltr'>la</span> <span class='ocrx_word' id='word_1_206' title='bbox 560 2719 722 2781; x_wconf 84' lang='lat' dir='ltr'>matteria</span> <span class='ocrx_word' id='word_1_207' title='bbox 753 2720 811 2781; x_wconf 88' lang='lat' dir='ltr'>del</span> <span class='ocrx_word' id='word_1_208' title='bbox 837 2718 1018 2801; x_wconf 89' lang='lat' dir='ltr'>Consiglio</span> <span class='ocrx_word' id='word_1_209' title='bbox 1052 2723 1220 2801; x_wconf 89' lang='lat' dir='ltr'>generale</span> <span class='ocrx_word' id='word_1_210' title='bbox 1251 2723 1299 2783; x_wconf 88' lang='lat' dir='ltr'>ho</span> <span class='ocrx_word' id='word_1_211' title='bbox 1329 2720 1422 2784; x_wconf 84' lang='lat' dir='ltr'>visto</span> <span class='ocrx_word' id='word_1_212' title='bbox 1455 2723 1494 2783; x_wconf 92' lang='lat' dir='ltr'>la</span> <span class='ocrx_word' id='word_1_213' title='bbox 1520 2723 1567 2785; x_wconf 90' lang='lat' dir='ltr'>si-</span> 
     </span>
     <span class='ocr_line' id='line_1_22' title="bbox 276 2824 1570 2911; baseline 0.002 -21"><span class='ocrx_word' id='word_1_214' title='bbox 276 2840 387 2911; x_wconf 88' lang='lat' dir='ltr'>gnata</span> <span class='ocrx_word' id='word_1_215' title='bbox 411 2827 444 2888; x_wconf 90' lang='lat' dir='ltr'><strong>A</strong></span> <span class='ocrx_word' id='word_1_216' title='bbox 475 2836 509 2889; x_wconf 89' lang='lat' dir='ltr'>et</span> <span class='ocrx_word' id='word_1_217' title='bbox 539 2827 652 2908; x_wconf 88' lang='lat' dir='ltr'>parmi</span> <span class='ocrx_word' id='word_1_218' title='bbox 677 2826 743 2894; x_wconf 87' lang='lat' dir='ltr'>che</span> <span class='ocrx_word' id='word_1_219' title='bbox 768 2827 1064 2907; x_wconf 88' lang='lat' dir='ltr'>prudentemente</span> <span class='ocrx_word' id='word_1_220' title='bbox 1087 2848 1153 2910; x_wconf 89' lang='lat' dir='ltr'>per</span> <span class='ocrx_word' id='word_1_221' title='bbox 1177 2827 1218 2894; x_wconf 75' lang='lat' dir='ltr'>N.</span> <span class='ocrx_word' id='word_1_222' title='bbox 1242 2824 1279 2892; x_wconf 91' lang='lat' dir='ltr'>S.</span> <span class='ocrx_word' id='word_1_223' title='bbox 1304 2848 1342 2892; x_wconf 90' lang='lat' dir='ltr'>se</span> <span class='ocrx_word' id='word_1_224' title='bbox 1366 2828 1419 2892; x_wconf 91' lang='lat' dir='ltr'>sia</span> <span class='ocrx_word' id='word_1_225' title='bbox 1443 2830 1570 2894; x_wconf 90' lang='lat' dir='ltr'>consi-</span> 
     </span>
     <span class='ocr_line' id='line_1_23' title="bbox 278 2933 1572 3015; baseline 0.003 -19"><span class='ocrx_word' id='word_1_226' title='bbox 278 2937 402 2998; x_wconf 88' lang='lat' dir='ltr'>derato</span> <span class='ocrx_word' id='word_1_227' title='bbox 426 2944 517 2998; x_wconf 91' lang='lat' dir='ltr'>tutto</span> <span class='ocrx_word' id='word_1_228' title='bbox 543 2936 661 3014; x_wconf 87' lang='lat' dir='ltr'>quello</span> <span class='ocrx_word' id='word_1_229' title='bbox 686 2933 714 2996; x_wconf 87' lang='lat' dir='ltr'>si</span> <span class='ocrx_word' id='word_1_230' title='bbox 740 2935 830 2996; x_wconf 89' lang='lat' dir='ltr'>deve</span> <span class='ocrx_word' id='word_1_231' title='bbox 856 2943 891 2995; x_wconf 87' lang='lat' dir='ltr'>et</span> <span class='ocrx_word' id='word_1_232' title='bbox 914 2934 1003 3015; x_wconf 83' lang='lat' dir='ltr'>perd</span> <span class='ocrx_word' id='word_1_233' title='bbox 1026 2934 1061 2997; x_wconf 94' lang='lat' dir='ltr'>in</span> <span class='ocrx_word' id='word_1_234' title='bbox 1087 2946 1212 3015; x_wconf 81' lang='lat' dir='ltr'>questa</span> <span class='ocrx_word' id='word_1_235' title='bbox 1245 2935 1393 2997; x_wconf 90' lang='lat' dir='ltr'>materia</span> <span class='ocrx_word' id='word_1_236' title='bbox 1426 2946 1465 2998; x_wconf 90' lang='lat' dir='ltr'>et</span> <span class='ocrx_word' id='word_1_237' title='bbox 1495 2937 1572 3000; x_wconf 90' lang='lat' dir='ltr'>che</span> 
     </span>
     <span class='ocr_line' id='line_1_24' title="bbox 278 3041 1572 3123; baseline 0.001 -18"><span class='ocrx_word' id='word_1_238' title='bbox 278 3043 329 3106; x_wconf 88' lang='lat' dir='ltr'>sia</span> <span class='ocrx_word' id='word_1_239' title='bbox 353 3043 470 3123; x_wconf 87' lang='lat' dir='ltr'>giusta</span> <span class='ocrx_word' id='word_1_240' title='bbox 496 3051 530 3102; x_wconf 84' lang='lat' dir='ltr'>et</span> <span class='ocrx_word' id='word_1_241' title='bbox 555 3051 656 3104; x_wconf 87' lang='lat' dir='ltr'>santa</span> <span class='ocrx_word' id='word_1_242' title='bbox 681 3041 977 3104; x_wconf 86' lang='lat' dir='ltr'>determinatione</span> <span class='ocrx_word' id='word_1_243' title='bbox 1003 3053 1037 3104; x_wconf 91' lang='lat' dir='ltr'>et</span> <span class='ocrx_word' id='word_1_244' title='bbox 1061 3041 1095 3104; x_wconf 93' lang='lat' dir='ltr'>io</span> <span class='ocrx_word' id='word_1_245' title='bbox 1119 3062 1185 3123; x_wconf 85' lang='lat' dir='ltr'>per</span> <span class='ocrx_word' id='word_1_246' title='bbox 1208 3041 1233 3103; x_wconf 92' lang='lat' dir='ltr'>il</span> <span class='ocrx_word' id='word_1_247' title='bbox 1256 3042 1408 3123; x_wconf 91' lang='lat' dir='ltr'>bisogno</span> <span class='ocrx_word' id='word_1_248' title='bbox 1432 3062 1493 3105; x_wconf 92' lang='lat' dir='ltr'>me</span> <span class='ocrx_word' id='word_1_249' title='bbox 1520 3063 1572 3106; x_wconf 89' lang='lat' dir='ltr'>ne</span> 
     </span>
     <span class='ocr_line' id='line_1_25' title="bbox 278 3147 1572 3229; baseline 0.001 -17"><span class='ocrx_word' id='word_1_250' title='bbox 278 3150 429 3222; x_wconf 86' lang='lat' dir='ltr'>serviro;</span> <span class='ocrx_word' id='word_1_251' title='bbox 462 3158 497 3210; x_wconf 92' lang='lat' dir='ltr'>et</span> <span class='ocrx_word' id='word_1_252' title='bbox 530 3147 649 3229; x_wconf 90' lang='lat' dir='ltr'>perch&#39;</span> <span class='ocrx_word' id='word_1_253' title='bbox 668 3147 702 3209; x_wconf 93' lang='lat' dir='ltr'>io</span> <span class='ocrx_word' id='word_1_254' title='bbox 738 3168 851 3229; x_wconf 85' lang='lat' dir='ltr'>penso</span> <span class='ocrx_word' id='word_1_255' title='bbox 885 3150 950 3210; x_wconf 91' lang='lat' dir='ltr'>che</span> <span class='ocrx_word' id='word_1_256' title='bbox 979 3149 1095 3228; x_wconf 91' lang='lat' dir='ltr'>questi</span> <span class='ocrx_word' id='word_1_257' title='bbox 1119 3147 1314 3211; x_wconf 86' lang='lat' dir='ltr'>Lutherani</span> <span class='ocrx_word' id='word_1_258' title='bbox 1346 3157 1381 3210; x_wconf 90' lang='lat' dir='ltr'>et</span> <span class='ocrx_word' id='word_1_259' title='bbox 1404 3150 1484 3211; x_wconf 92' lang='lat' dir='ltr'>loro</span> <span class='ocrx_word' id='word_1_260' title='bbox 1512 3171 1572 3213; x_wconf 87' lang='lat' dir='ltr'>se·</span> 
     </span>
     <span class='ocr_line' id='line_1_26' title="bbox 278 3253 1572 3338; baseline 0 -18"><span class='ocrx_word' id='word_1_261' title='bbox 278 3257 382 3338; x_wconf 90' lang='lat' dir='ltr'>quaci</span> <span class='ocrx_word' id='word_1_262' title='bbox 403 3275 503 3318; x_wconf 92' lang='lat' dir='ltr'>come</span> <span class='ocrx_word' id='word_1_263' title='bbox 528 3254 720 3317; x_wconf 89' lang='lat' dir='ltr'>intendono</span> <span class='ocrx_word' id='word_1_264' title='bbox 746 3275 783 3317; x_wconf 90' lang='lat' dir='ltr'>se</span> <span class='ocrx_word' id='word_1_265' title='bbox 807 3253 943 3316; x_wconf 86' lang='lat' dir='ltr'>rivochi</span> <span class='ocrx_word' id='word_1_266' title='bbox 968 3264 1094 3336; x_wconf 88' lang='lat' dir='ltr'>questa</span> <span class='ocrx_word' id='word_1_267' title='bbox 1126 3255 1219 3317; x_wconf 89' lang='lat' dir='ltr'>dieta</span> <span class='ocrx_word' id='word_1_268' title='bbox 1253 3254 1288 3316; x_wconf 89' lang='lat' dir='ltr'>di</span> <span class='ocrx_word' id='word_1_269' title='bbox 1313 3253 1418 3335; x_wconf 85' lang='lat' dir='ltr'>Spira</span> <span class='ocrx_word' id='word_1_270' title='bbox 1442 3255 1572 3336; x_wconf 88' lang='lat' dir='ltr'>grida·</span> 
     </span>
     <span class='ocr_line' id='line_1_27' title="bbox 277 3360 1568 3444; baseline -0.001 -17"><span class='ocrx_word' id='word_1_271' title='bbox 277 3384 388 3428; x_wconf 85' lang='lat' dir='ltr'>ranno</span> <span class='ocrx_word' id='word_1_272' title='bbox 413 3364 459 3425; x_wconf 89' lang='lat' dir='ltr'>ad</span> <span class='ocrx_word' id='word_1_273' title='bbox 483 3362 614 3444; x_wconf 87' lang='lat' dir='ltr'>sydera</span> <span class='ocrx_word' id='word_1_274' title='bbox 638 3373 673 3422; x_wconf 92' lang='lat' dir='ltr'>et</span> <span class='ocrx_word' id='word_1_275' title='bbox 696 3360 879 3423; x_wconf 83' lang='lat' dir='ltr'>farannosi</span> <span class='ocrx_word' id='word_1_276' title='bbox 901 3360 1079 3442; x_wconf 89' lang='lat' dir='ltr'>gagliardi</span> <span class='ocrx_word' id='word_1_277' title='bbox 1103 3381 1170 3424; x_wconf 92' lang='lat' dir='ltr'>con</span> <span class='ocrx_word' id='word_1_278' title='bbox 1195 3360 1219 3423; x_wconf 94' lang='lat' dir='ltr'>li</span> <span class='ocrx_word' id='word_1_279' title='bbox 1244 3360 1368 3443; x_wconf 92' lang='lat' dir='ltr'>populi</span> <span class='ocrx_word' id='word_1_280' title='bbox 1390 3360 1458 3422; x_wconf 92' lang='lat' dir='ltr'>che</span> <span class='ocrx_word' id='word_1_281' title='bbox 1483 3381 1568 3426; x_wconf 90' lang='lat' dir='ltr'>non</span> 
     </span>
     <span class='ocr_line' id='line_1_28' title="bbox 279 3467 1571 3553; baseline -0.002 -19"><span class='ocrx_word' id='word_1_282' title='bbox 279 3470 457 3553; x_wconf 86' lang='lat' dir='ltr'>vogliamo</span> <span class='ocrx_word' id='word_1_283' title='bbox 481 3469 510 3531; x_wconf 89' lang='lat' dir='ltr'>si</span> <span class='ocrx_word' id='word_1_284' title='bbox 534 3469 627 3530; x_wconf 91' lang='lat' dir='ltr'>veda</span> <span class='ocrx_word' id='word_1_285' title='bbox 650 3469 693 3530; x_wconf 73' lang='lat' dir='ltr'>nc</span> <span class='ocrx_word' id='word_1_286' title='bbox 718 3468 865 3530; x_wconf 90' lang='lat' dir='ltr'>intenda</span> <span class='ocrx_word' id='word_1_287' title='bbox 889 3468 923 3529; x_wconf 91' lang='lat' dir='ltr'>la</span> <span class='ocrx_word' id='word_1_288' title='bbox 946 3468 1060 3530; x_wconf 78' lang='lat' dir='ltr'>verita</span> <span class='ocrx_word' id='word_1_289' title='bbox 1072 3517 1080 3547; x_wconf 88' lang='lat'><em>,</em></span> <span class='ocrx_word' id='word_1_290' title='bbox 1109 3488 1167 3530; x_wconf 90' lang='lat' dir='ltr'>ma</span> <span class='ocrx_word' id='word_1_291' title='bbox 1189 3477 1395 3530; x_wconf 89' lang='lat' dir='ltr'>mantenere</span> <span class='ocrx_word' id='word_1_292' title='bbox 1418 3467 1454 3529; x_wconf 93' lang='lat' dir='ltr'>le</span> <span class='ocrx_word' id='word_1_293' title='bbox 1478 3488 1571 3531; x_wconf 90' lang='lat' dir='ltr'>con·</span> 
     </span>
     <span class='ocr_line' id='line_1_29' title="bbox 279 3573 1574 3655; baseline -0.002 -15"><span class='ocrx_word' id='word_1_294' title='bbox 279 3576 451 3640; x_wconf 86' lang='lat' dir='ltr'>stitutioni</span> <span class='ocrx_word' id='word_1_295' title='bbox 466 3577 619 3638; x_wconf 89' lang='lat' dir='ltr'>humane</span> <span class='ocrx_word' id='word_1_296' title='bbox 636 3585 760 3638; x_wconf 90' lang='lat' dir='ltr'>contra</span> <span class='ocrx_word' id='word_1_297' title='bbox 777 3575 809 3636; x_wconf 93' lang='lat' dir='ltr'>le</span> <span class='ocrx_word' id='word_1_298' title='bbox 834 3574 1052 3655; x_wconf 85' lang='lat' dir='ltr'>evangelice,</span> <span class='ocrx_word' id='word_1_299' title='bbox 1078 3585 1114 3636; x_wconf 93' lang='lat' dir='ltr'>et</span> <span class='ocrx_word' id='word_1_300' title='bbox 1137 3576 1246 3636; x_wconf 87' lang='lat' dir='ltr'>multa</span> <span class='ocrx_word' id='word_1_301' title='bbox 1270 3573 1305 3635; x_wconf 92' lang='lat' dir='ltr'>in</span> <span class='ocrx_word' id='word_1_302' title='bbox 1330 3575 1397 3635; x_wconf 93' lang='lat' dir='ltr'>hoc</span> <span class='ocrx_word' id='word_1_303' title='bbox 1421 3593 1574 3654; x_wconf 85' lang='lat' dir='ltr'>genere</span> 
     </span>
     <span class='ocr_line' id='line_1_30' title="bbox 278 3679 1575 3767; baseline 0 -21"><span class='ocrx_word' id='word_1_304' title='bbox 278 3705 368 3767; x_wconf 85' lang='lat' dir='ltr'>quae</span> <span class='ocrx_word' id='word_1_305' title='bbox 393 3694 473 3746; x_wconf 86' lang='lat' dir='ltr'>sunt</span> <span class='ocrx_word' id='word_1_306' title='bbox 498 3681 530 3744; x_wconf 90' lang='lat' dir='ltr'>ei</span> <span class='ocrx_word' id='word_1_307' title='bbox 555 3681 662 3744; x_wconf 87' lang='lat' dir='ltr'>obvia</span> <span class='ocrx_word' id='word_1_308' title='bbox 687 3703 706 3744; x_wconf 92' lang='lat' dir='ltr'>a</span> <span class='ocrx_word' id='word_1_309' title='bbox 730 3685 832 3744; x_wconf 90' lang='lat' dir='ltr'>trebo</span> <span class='ocrx_word' id='word_1_310' title='bbox 858 3683 902 3744; x_wconf 91' lang='lat' dir='ltr'>de</span> <span class='ocrx_word' id='word_1_311' title='bbox 927 3681 1091 3764; x_wconf 88' lang='lat' dir='ltr'>populari</span> <span class='ocrx_word' id='word_1_312' title='bbox 1123 3691 1159 3744; x_wconf 89' lang='lat' dir='ltr'>et</span> <span class='ocrx_word' id='word_1_313' title='bbox 1191 3682 1235 3743; x_wconf 94' lang='lat' dir='ltr'>de</span> <span class='ocrx_word' id='word_1_314' title='bbox 1263 3679 1461 3762; x_wconf 76' lang='lat' dir='ltr'>ignoranti:</span> <span class='ocrx_word' id='word_1_315' title='bbox 1495 3702 1575 3745; x_wconf 89' lang='lat' dir='ltr'>con</span> 
     </span>
     <span class='ocr_line' id='line_1_31' title="bbox 279 3785 1575 3868; baseline -0.002 -14"><span class='ocrx_word' id='word_1_316' title='bbox 279 3791 400 3854; x_wconf 87' lang='lat' dir='ltr'>debita</span> <span class='ocrx_word' id='word_1_317' title='bbox 435 3787 640 3852; x_wconf 88' lang='lat' dir='ltr'>reverentia</span> <span class='ocrx_word' id='word_1_318' title='bbox 671 3787 865 3850; x_wconf 89' lang='lat' dir='ltr'>ricordarei</span> <span class='ocrx_word' id='word_1_319' title='bbox 900 3809 920 3850; x_wconf 94' lang='lat' dir='ltr'>a</span> <span class='ocrx_word' id='word_1_320' title='bbox 955 3786 991 3850; x_wconf 80' lang='lat' dir='ltr'>S.</span> <span class='ocrx_word' id='word_1_321' title='bbox 1023 3785 1075 3849; x_wconf 58' lang='lat' dir='ltr'>S‘i</span> <span class='ocrx_word' id='word_1_322' title='bbox 1103 3789 1172 3849; x_wconf 88' lang='lat' dir='ltr'>due</span> <span class='ocrx_word' id='word_1_323' title='bbox 1206 3806 1289 3848; x_wconf 91' lang='lat' dir='ltr'>cose</span> <span class='ocrx_word' id='word_1_324' title='bbox 1322 3786 1367 3848; x_wconf 92' lang='lat' dir='ltr'>de</span> <span class='ocrx_word' id='word_1_325' title='bbox 1398 3787 1432 3848; x_wconf 91' lang='lat' dir='ltr'>le</span> <span class='ocrx_word' id='word_1_326' title='bbox 1464 3788 1575 3868; x_wconf 88' lang='lat' dir='ltr'>quali</span> 
     </span>
     <span class='ocr_line' id='line_1_32' title="bbox 279 3891 1574 3976; baseline -0.002 -15"><span class='ocrx_word' id='word_1_327' title='bbox 279 3899 387 3962; x_wconf 89' lang='lat' dir='ltr'>credo</span> <span class='ocrx_word' id='word_1_328' title='bbox 413 3899 501 3958; x_wconf 89' lang='lat' dir='ltr'>altre</span> <span class='ocrx_word' id='word_1_329' title='bbox 527 3897 622 3957; x_wconf 86' lang='lat' dir='ltr'>volte</span> <span class='ocrx_word' id='word_1_330' title='bbox 647 3896 804 3958; x_wconf 89' lang='lat' dir='ltr'>haverne</span> <span class='ocrx_word' id='word_1_331' title='bbox 822 3895 944 3958; x_wconf 86' lang='lat' dir='ltr'>scritto</span> <span class='ocrx_word' id='word_1_332' title='bbox 968 3895 1119 3976; x_wconf 86' lang='lat' dir='ltr'>qualche</span> <span class='ocrx_word' id='word_1_333' title='bbox 1143 3913 1237 3956; x_wconf 88' lang='lat' dir='ltr'>cosa.</span> <span class='ocrx_word' id='word_1_334' title='bbox 1276 3893 1414 3956; x_wconf 73' lang='lat' dir='ltr'>Perche</span> <span class='ocrx_word' id='word_1_335' title='bbox 1429 3891 1467 3957; x_wconf 91' lang='lat' dir='ltr'>S.</span> <span class='ocrx_word' id='word_1_336' title='bbox 1483 3895 1574 3959; x_wconf 82' lang='lat' dir='ltr'>Bne</span> 
     </span>
     <span class='ocr_line' id='line_1_33' title="bbox 279 3999 1575 4087; baseline -0.004 -19"><span class='ocrx_word' id='word_1_337' title='bbox 279 4003 534 4087; x_wconf 90' lang='lat' dir='ltr'>quamprimum</span> <span class='ocrx_word' id='word_1_338' title='bbox 556 4022 767 4083; x_wconf 88' lang='lat' dir='ltr'>procurasse</span> <span class='ocrx_word' id='word_1_339' title='bbox 800 4003 835 4064; x_wconf 92' lang='lat' dir='ltr'>di</span> <span class='ocrx_word' id='word_1_340' title='bbox 860 4004 992 4064; x_wconf 88' lang='lat' dir='ltr'>havere</span> <span class='ocrx_word' id='word_1_341' title='bbox 1015 4021 1085 4063; x_wconf 93' lang='lat' dir='ltr'>uno</span> <span class='ocrx_word' id='word_1_342' title='bbox 1114 4021 1136 4063; x_wconf 93' lang='lat' dir='ltr'>o</span> <span class='ocrx_word' id='word_1_343' title='bbox 1160 4000 1220 4062; x_wconf 94' lang='lat' dir='ltr'>doi</span> <span class='ocrx_word' id='word_1_344' title='bbox 1244 3999 1376 4063; x_wconf 89' lang='lat' dir='ltr'>oratori</span> <span class='ocrx_word' id='word_1_345' title='bbox 1407 4000 1454 4062; x_wconf 91' lang='lat' dir='ltr'>de</span> <span class='ocrx_word' id='word_1_346' title='bbox 1478 4002 1575 4065; x_wconf 88' lang='lat' dir='ltr'>tutti</span> 
     </span>
     <span class='ocr_line' id='line_1_34' title="bbox 279 4105 1574 4193; baseline -0.002 -18"><span class='ocrx_word' id='word_1_347' title='bbox 279 4113 302 4175; x_wconf 90' lang='lat' dir='ltr'>li</span> <span class='ocrx_word' id='word_1_348' title='bbox 328 4111 514 4193; x_wconf 89' lang='lat' dir='ltr'>principali</span> <span class='ocrx_word' id='word_1_349' title='bbox 541 4109 621 4191; x_wconf 89' lang='lat' dir='ltr'>capi</span> <span class='ocrx_word' id='word_1_350' title='bbox 646 4109 690 4170; x_wconf 92' lang='lat' dir='ltr'>de</span> <span class='ocrx_word' id='word_1_351' title='bbox 716 4108 936 4171; x_wconf 76' lang='lat' dir='ltr'>christianita</span> <span class='ocrx_word' id='word_1_352' title='bbox 965 4119 1001 4170; x_wconf 91' lang='lat' dir='ltr'>et</span> <span class='ocrx_word' id='word_1_353' title='bbox 1032 4107 1203 4189; x_wconf 88' lang='lat' dir='ltr'>precipue</span> <span class='ocrx_word' id='word_1_354' title='bbox 1236 4107 1271 4168; x_wconf 93' lang='lat' dir='ltr'>di</span> <span class='ocrx_word' id='word_1_355' title='bbox 1296 4105 1492 4170; x_wconf 87' lang='lat' dir='ltr'>Germania</span> <span class='ocrx_word' id='word_1_356' title='bbox 1520 4111 1574 4173; x_wconf 93' lang='lat' dir='ltr'>de</span> 
     </span>
     <span class='ocr_line' id='line_1_35' title="bbox 278 4215 1575 4300; baseline -0.002 -18"><span class='ocrx_word' id='word_1_357' title='bbox 278 4221 302 4282; x_wconf 93' lang='lat' dir='ltr'>li</span> <span class='ocrx_word' id='word_1_358' title='bbox 327 4218 478 4300; x_wconf 88' lang='lat' dir='ltr'>principi</span> <span class='ocrx_word' id='word_1_359' title='bbox 504 4215 736 4278; x_wconf 89' lang='lat' dir='ltr'>ecclesiastici</span> <span class='ocrx_word' id='word_1_360' title='bbox 761 4225 797 4277; x_wconf 88' lang='lat' dir='ltr'>et</span> <span class='ocrx_word' id='word_1_361' title='bbox 813 4215 964 4278; x_wconf 90' lang='lat' dir='ltr'>seculari</span> <span class='ocrx_word' id='word_1_362' title='bbox 982 4235 1091 4278; x_wconf 91' lang='lat' dir='ltr'>ancor</span> <span class='ocrx_word' id='word_1_363' title='bbox 1106 4217 1171 4277; x_wconf 89' lang='lat' dir='ltr'>che</span> <span class='ocrx_word' id='word_1_364' title='bbox 1187 4216 1337 4277; x_wconf 86' lang='lat' dir='ltr'>dovesse</span> <span class='ocrx_word' id='word_1_365' title='bbox 1363 4233 1383 4275; x_wconf 87' lang='lat' dir='ltr'>a</span> <span class='ocrx_word' id='word_1_366' title='bbox 1408 4216 1575 4294; x_wconf 87' lang='lat' dir='ltr'>qualche</span> 
     </span>
     <span class='ocr_line' id='line_1_36' title="bbox 278 4322 1577 4405; baseline -0.001 -16"><span class='ocrx_word' id='word_1_367' title='bbox 278 4348 348 4389; x_wconf 94' lang='lat' dir='ltr'>uno</span> <span class='ocrx_word' id='word_1_368' title='bbox 374 4323 518 4388; x_wconf 65' lang='lat' dir='ltr'>offerlrli</span> <span class='ocrx_word' id='word_1_369' title='bbox 544 4324 567 4384; x_wconf 95' lang='lat' dir='ltr'>il</span> <span class='ocrx_word' id='word_1_370' title='bbox 592 4322 721 4386; x_wconf 90' lang='lat' dir='ltr'>viatico</span> <span class='ocrx_word' id='word_1_371' title='bbox 739 4332 832 4386; x_wconf 88' lang='lat' dir='ltr'>sotto</span> <span class='ocrx_word' id='word_1_372' title='bbox 857 4334 983 4404; x_wconf 89' lang='lat' dir='ltr'>questo</span> <span class='ocrx_word' id='word_1_373' title='bbox 1008 4330 1175 4405; x_wconf 88' lang='lat' dir='ltr'>presento</span> <span class='ocrx_word' id='word_1_374' title='bbox 1208 4323 1273 4383; x_wconf 90' lang='lat' dir='ltr'>che</span> <span class='ocrx_word' id='word_1_375' title='bbox 1304 4340 1376 4383; x_wconf 94' lang='lat' dir='ltr'>non</span> <span class='ocrx_word' id='word_1_376' title='bbox 1408 4325 1577 4388; x_wconf 84' lang='lat' dir='ltr'>essendo</span> 
     </span>
     <span class='ocr_line' id='line_1_37' title="bbox 279 4427 1579 4508; baseline 0.001 -14"><span class='ocrx_word' id='word_1_377' title='bbox 279 4431 514 4494; x_wconf 89' lang='lat' dir='ltr'>conveniente</span> <span class='ocrx_word' id='word_1_378' title='bbox 539 4431 604 4492; x_wconf 91' lang='lat' dir='ltr'>che</span> <span class='ocrx_word' id='word_1_379' title='bbox 629 4430 662 4491; x_wconf 90' lang='lat' dir='ltr'>le</span> <span class='ocrx_word' id='word_1_380' title='bbox 691 4449 773 4492; x_wconf 93' lang='lat' dir='ltr'>cose</span> <span class='ocrx_word' id='word_1_381' title='bbox 798 4430 842 4492; x_wconf 94' lang='lat' dir='ltr'>de</span> <span class='ocrx_word' id='word_1_382' title='bbox 875 4432 910 4490; x_wconf 91' lang='lat' dir='ltr'>la</span> <span class='ocrx_word' id='word_1_383' title='bbox 940 4429 1022 4492; x_wconf 89' lang='lat' dir='ltr'>fede</span> <span class='ocrx_word' id='word_1_384' title='bbox 1054 4450 1093 4491; x_wconf 92' lang='lat' dir='ltr'>se</span> <span class='ocrx_word' id='word_1_385' title='bbox 1121 4430 1266 4491; x_wconf 88' lang='lat' dir='ltr'>trattino</span> <span class='ocrx_word' id='word_1_386' title='bbox 1300 4429 1335 4490; x_wconf 92' lang='lat' dir='ltr'>in</span> <span class='ocrx_word' id='word_1_387' title='bbox 1367 4427 1579 4508; x_wconf 88' lang='lat' dir='ltr'>particolar</span> 
     </span>
     <span class='ocr_line' id='line_1_38' title="bbox 279 4533 1578 4617; baseline 0 -15"><span class='ocrx_word' id='word_1_388' title='bbox 279 4547 456 4604; x_wconf 88' lang='lat' dir='ltr'>convento</span> <span class='ocrx_word' id='word_1_389' title='bbox 481 4538 525 4599; x_wconf 93' lang='lat' dir='ltr'>de</span> <span class='ocrx_word' id='word_1_390' title='bbox 550 4557 621 4598; x_wconf 91' lang='lat' dir='ltr'>una</span> <span class='ocrx_word' id='word_1_391' title='bbox 645 4536 789 4598; x_wconf 88' lang='lat' dir='ltr'>natione</span> <span class='ocrx_word' id='word_1_392' title='bbox 813 4545 849 4597; x_wconf 92' lang='lat' dir='ltr'>et</span> <span class='ocrx_word' id='word_1_393' title='bbox 872 4556 937 4617; x_wconf 92' lang='lat' dir='ltr'>per</span> <span class='ocrx_word' id='word_1_394' title='bbox 961 4535 1096 4598; x_wconf 89' lang='lat' dir='ltr'>evitare</span> <span class='ocrx_word' id='word_1_395' title='bbox 1120 4537 1269 4597; x_wconf 93' lang='lat' dir='ltr'>tumulto</span> <span class='ocrx_word' id='word_1_396' title='bbox 1301 4543 1337 4597; x_wconf 90' lang='lat' dir='ltr'>et</span> <span class='ocrx_word' id='word_1_397' title='bbox 1368 4533 1468 4596; x_wconf 85' lang='lat' dir='ltr'>accio</span> <span class='ocrx_word' id='word_1_398' title='bbox 1495 4538 1578 4602; x_wconf 87' lang='lat' dir='ltr'>che</span> 
     </span>
     <span class='ocr_line' id='line_1_39' title="bbox 279 4641 1578 4726; baseline -0.002 -17"><span class='ocrx_word' id='word_1_399' title='bbox 279 4649 312 4709; x_wconf 90' lang='lat' dir='ltr'>le</span> <span class='ocrx_word' id='word_1_400' title='bbox 337 4665 420 4709; x_wconf 87' lang='lat' dir='ltr'>cose</span> <span class='ocrx_word' id='word_1_401' title='bbox 444 4645 649 4726; x_wconf 87' lang='lat' dir='ltr'>procedano</span> <span class='ocrx_word' id='word_1_402' title='bbox 674 4663 739 4706; x_wconf 93' lang='lat' dir='ltr'>con</span> <span class='ocrx_word' id='word_1_403' title='bbox 765 4642 930 4705; x_wconf 76' lang='lat' dir='ltr'>maturita</span> <span class='ocrx_word' id='word_1_404' title='bbox 955 4654 990 4705; x_wconf 92' lang='lat' dir='ltr'>et</span> <span class='ocrx_word' id='word_1_405' title='bbox 1014 4643 1081 4705; x_wconf 92' lang='lat' dir='ltr'>che</span> <span class='ocrx_word' id='word_1_406' title='bbox 1105 4641 1236 4704; x_wconf 89' lang='lat' dir='ltr'>Cesare</span> <span class='ocrx_word' id='word_1_407' title='bbox 1264 4642 1578 4723; x_wconf 86' lang='lat' dir='ltr'>prudentemente</span> 
     </span>
     <span class='ocr_line' id='line_1_40' title="bbox 279 4747 1578 4830; baseline -0.002 -15"><span class='ocrx_word' id='word_1_408' title='bbox 279 4773 351 4816; x_wconf 91' lang='lat' dir='ltr'>non</span> <span class='ocrx_word' id='word_1_409' title='bbox 375 4753 421 4814; x_wconf 92' lang='lat' dir='ltr'>ha</span> <span class='ocrx_word' id='word_1_410' title='bbox 444 4753 566 4814; x_wconf 84' lang='lat' dir='ltr'>voluto</span> <span class='ocrx_word' id='word_1_411' title='bbox 591 4752 657 4812; x_wconf 89' lang='lat' dir='ltr'>che</span> <span class='ocrx_word' id='word_1_412' title='bbox 682 4749 710 4812; x_wconf 91' lang='lat' dir='ltr'>si</span> <span class='ocrx_word' id='word_1_413' title='bbox 735 4748 847 4810; x_wconf 79' lang='lat' dir='ltr'>faccia</span> <span class='ocrx_word' id='word_1_414' title='bbox 872 4751 970 4811; x_wconf 89' lang='lat' dir='ltr'>detta</span> <span class='ocrx_word' id='word_1_415' title='bbox 994 4748 1101 4828; x_wconf 89' lang='lat' dir='ltr'>dieta,</span> <span class='ocrx_word' id='word_1_416' title='bbox 1126 4769 1183 4810; x_wconf 86' lang='lat' dir='ltr'>ma</span> <span class='ocrx_word' id='word_1_417' title='bbox 1199 4749 1229 4812; x_wconf 88' lang='lat' dir='ltr'>si</span> <span class='ocrx_word' id='word_1_418' title='bbox 1244 4747 1381 4830; x_wconf 83' lang='lat' dir='ltr'>expetti</span> <span class='ocrx_word' id='word_1_419' title='bbox 1396 4747 1421 4809; x_wconf 91' lang='lat' dir='ltr'>il</span> <span class='ocrx_word' id='word_1_420' title='bbox 1438 4755 1578 4830; x_wconf 86' lang='lat' dir='ltr'>tempo</span> 
     </span>
     <span class='ocr_line' id='line_1_41' title="bbox 282 4855 1576 4939; baseline -0.003 -14"><span class='ocrx_word' id='word_1_421' title='bbox 282 4871 318 4926; x_wconf 88' lang='lat' dir='ltr'>et</span> <span class='ocrx_word' id='word_1_422' title='bbox 341 4857 555 4923; x_wconf 73' lang='lat' dir='ltr'>commodita</span> <span class='ocrx_word' id='word_1_423' title='bbox 579 4857 615 4920; x_wconf 91' lang='lat' dir='ltr'>di</span> <span class='ocrx_word' id='word_1_424' title='bbox 639 4877 709 4920; x_wconf 93' lang='lat' dir='ltr'>uno</span> <span class='ocrx_word' id='word_1_425' title='bbox 733 4855 886 4920; x_wconf 91' lang='lat' dir='ltr'>concilio</span> <span class='ocrx_word' id='word_1_426' title='bbox 910 4857 1080 4938; x_wconf 89' lang='lat' dir='ltr'>generale</span> <span class='ocrx_word' id='word_1_427' title='bbox 1104 4855 1163 4919; x_wconf 91' lang='lat' dir='ltr'>nel</span> <span class='ocrx_word' id='word_1_428' title='bbox 1196 4855 1300 4938; x_wconf 91' lang='lat' dir='ltr'>quale</span> <span class='ocrx_word' id='word_1_429' title='bbox 1328 4873 1452 4918; x_wconf 85' lang='lat' dir='ltr'>omnes</span> <span class='ocrx_word' id='word_1_430' title='bbox 1475 4874 1576 4939; x_wconf 88' lang='lat' dir='ltr'>quo·</span> 
     </span>
    </p>
   </div>
   <div class='ocr_carea' id='block_1_3' title="bbox 0 0 1728 5700">
    <p class='ocr_par' dir='ltr' id='par_1_4' title="bbox 0 0 1728 5700">
     <span class='ocr_line' id='line_1_42' title="bbox 0 0 1728 5700; baseline 0 0"><span class='ocrx_word' id='word_1_431' title='bbox 0 0 1728 5700; x_wconf 95' lang='lat' dir='ltr'> </span> 
     </span>
    </p>
   </div>
  </div>
 </body>
</html>
