3425 5700
799 574 857 630 ⁰43
899 575 949 627 llil
989 572 1046 627 [3³0

280 743 350 804 que
373 743 471 785 suam
500 740 698 803 agnoscere
728 722 856 801 vellet,
888 720 909 782 ὲ·
939 720 1043 784 nobis
1074 732 1225 803 paterna
1257 724 1435 788 charitate
1468 725 1559 787 obla·

280 839 352 893 tam
384 828 527 911 penitus
559 828 780 910 neglexerit,
814 837 850 889 et
884 829 929 891 ad
963 849 1027 891 nos
1059 828 1165 893 etiam
1190 833 1254 894 sub
1279 833 1560 895 salvoconductu

281 936 436 1018 benigne
449 945 609 1016 vocatus,
634 944 670 997 et
692 934 863 998 invitatus
879 935 1002 999 venire
1027 936 1169 999 omnino
1195 944 1427 1017 recusaverit,
1452 960 1559 1001 suam-

280 1061 350 1125 que
382 1043 418 1105 in
452 1063 517 1106 nos
549 1041 835 1105 maledicentiam
869 1062 910 1104 ac
944 1043 1108 1106 heresum
1144 1044 1377 1125 pertinaciam
1408 1045 1560 1108 auxerit:

281 1150 386 1231 Quod
413 1171 499 1213 vero
531 1148 715 1231 subiungit
743 1148 876 1212 frustra
897 1149 997 1231 pacis
1022 1150 1245 1214 conditiones
1273 1170 1496 1234 proponere,
1528 1152 1561 1214 id

280 1278 351 1320 non
375 1256 581 1339 simpliciter
605 1255 738 1318 dictum
762 1258 827 1319 sed
856 1276 902 1318 ex
933 1255 1066 1319 intimis
1097 1258 1286 1340 superbiae
1317 1258 1481 1321 archanis
1504 1259 1560 1321 de-

280 1373 483 1446 promptum
507 1375 576 1443 est,
601 1362 703 1444 quasi
726 1362 842 1425 victor
867 1362 944 1445 ipse
969 1361 1022 1445 (ut
1045 1384 1161 1427 serum
1186 1385 1272 1446 sepe
1296 1365 1450 1449 vigilans
1474 1386 1559 1429 som·

280 1471 368 1551 niat)
393 1470 633 1534 condiccionis
657 1470 757 1552 pacis
782 1470 885 1533 nobis
910 1469 1057 1551 offerre,
1090 1492 1162 1534 non
1196 1482 1314 1535 autem
1346 1472 1441 1536 humi
1465 1493 1560 1555 pros-

280 1589 392 1642 tratus
416 1578 613 1640 facinorum
638 1598 679 1639 ac
704 1579 879 1640 scelerum
904 1597 1047 1641 suorum
1071 1578 1268 1660 supplicem
1285 1580 1426 1643 veniam
1450 1589 1486 1643 et
1509 1600 1559 1643 sa-

279 1687 429 1748 lutarem
452 1684 711 1766 poenitentiam
735 1707 756 1746 a
780 1684 884 1747 nobis
906 1694 1031 1767 petere
1056 1686 1229 1750 debuerit.
1277 1686 1373 1749 Dicit
1395 1688 1500 1751 etiam
1525 1696 1562 1751 ut

281 1791 488 1856 modestiam
513 1792 662 1873 simulet,
686 1813 724 1854 se
740 1792 873 1855 frustra
890 1792 1023 1855 erudiri
1038 1793 1185 1857 meliora
1200 1796 1393 1875 postulare,
1420 1816 1498 1857 cum
1526 1794 1559 1856 in

280 1900 447 1979 diversis,
482 1899 587 1964 etiam
611 1902 657 1963 ad
681 1920 746 1962 nos
770 1898 945 1980 epistolis,
971 1908 1007 1962 et
1030 1900 1109 1963 aliis
1132 1900 1261 1963 libellis
1285 1900 1378 1983 suis,
1402 1902 1560 1963 dictante

279 2006 346 2069 sibi
370 2007 520 2070 lucifero
544 2006 694 2089 scriptis,
719 2008 837 2088 palam
863 2014 899 2069 et
922 2017 1046 2088 aperte
1071 2016 1221 2071 testatus
1244 2007 1368 2088 fuerit,
1402 2028 1444 2071 ea
1468 2028 1561 2089 quae

280 2113 370 2176 dixit
394 2136 433 2178 se
467 2136 535 2179 non
569 2114 748 2193 dubitare,
782 2113 847 2176 sed
881 2123 1044 2195 paratum
1078 2134 1156 2177 esse
1190 2112 1308 2197 ignem
1343 2125 1378 2178 et
1410 2126 1561 2179 mortem

279 2221 460 2303 suscipere
490 2243 555 2305 pro
586 2221 671 2302 illis,
705 2229 741 2283 et
772 2220 967 2283 hereticum
1002 2240 1163 2284 asserere
1188 2242 1327 2285 omnem
1351 2220 1411 2303 qui
1435 2233 1563 2285 contra

279 2330 448 2409 sapuerit,
473 2349 538 2391 nec
561 2350 599 2391 se
616 2337 829 2391 mutaturum
844 2326 1067 2409 sententiam,
1092 2320 1175 2409 quia
1197 2328 1386 2391 veritatem
1402 2329 1562 2392 divinam

278 2436 463 2516 loquatur,
495 2445 530 2497 et
559 2437 662 2518 plura
693 2433 894 2497 huiusmodi
918 2434 1105 2516 stultitiae,
1131 2444 1166 2497 et
1190 2436 1418 2518 arrogantiae
1441 2437 1563 2517 plena,

279 2562 489 2625 omnemque
525 2564 644 2605 sanam
679 2541 878 2604 doctrinam
914 2540 1129 2623 respuentia.
1185 2542 1342 2625 Quorum
1377 2542 1459 2606 licet
1492 2542 1564 2606 sibi

280 2652 325 2713 sit
349 2648 522 2728 conscius,
547 2657 663 2711 tamen
687 2656 726 2710 ut
751 2647 942 2711 falsitatem
967 2668 1066 2713 suam
1091 2648 1252 2713 omnibus
1276 2660 1396 2714 notam
1410 2649 1563 2730 faceret,

278 2755 456 2839 Majestati
480 2755 578 2817 Tuae
600 2754 733 2817 frustra
756 2753 925 2837 illudere,
950 2776 992 2818 ac
1017 2776 1055 2819 se
1079 2756 1305 2819 innocentem
1327 2756 1495 2820 humilem
1528 2768 1565 2819 et

278 2864 476 2927 modestum
510 2861 645 2943 fingere
681 2883 723 2925 ac
760 2862 925 2926 simulare
965 2864 1107 2945 nititur,
1143 2884 1222 2927 cum
1263 2885 1442 2946 nunquam
1479 2865 1564 2928 talis

279 2971 387 3034 luerit
410 2972 468 3033 vel
493 2990 571 3032 esse
595 2969 784 3051 curaverit,
809 2971 965 3052 quinimo
990 2971 1169 3034 contraria
1185 2971 1239 3034 his
1256 2971 1445 3035 virtutibus
1461 2972 1564 3050 vitia,

279 3078 367 3141 sicut
392 3078 467 3140 eius
491 3095 602 3160 opera
626 3087 661 3139 et
684 3078 820 3160 scripta
844 3081 1017 3160 probant,
1051 3099 1192 3160 semper
1225 3081 1410 3161 amplexus
1440 3079 1563 3142 fuerit.

280 3185 407 3247 Utrum
429 3205 517 3247 vero
540 3184 679 3246 stultius
703 3205 748 3247 an
773 3186 962 3266 superbius
987 3186 1073 3248 illud
1102 3195 1170 3266 est,
1202 3186 1298 3267 quod
1322 3185 1387 3267 ait,
1419 3185 1454 3248 in
1479 3207 1566 3249 eum

278 3293 408 3374 parari,
432 3302 471 3355 ut
494 3291 724 3373 extinguatur
749 3312 827 3355 cum
848 3292 1061 3374 evangelio?
1086 3291 1186 3373 quasi
1202 3295 1338 3374 absque
1361 3293 1440 3375 ipso
1462 3295 1565 3356 nullo

277 3413 383 3481 pacto
408 3410 502 3462 stare
527 3409 650 3480 queat,
681 3410 717 3462 et
741 3421 820 3463 cum
844 3401 922 3482 ipso
948 3399 1109 3482 protinus
1133 3400 1355 3463 interiturum
1380 3401 1424 3464 sit
1449 3421 1563 3464 evan·

278 3507 426 3589 galium,
461 3505 520 3589 qui
548 3507 577 3569 si
602 3508 694 3570 adeo
718 3516 814 3571 totus
838 3507 1068 3590 evangelicus
1091 3518 1161 3589 est,
1197 3517 1235 3570 ut
1259 3528 1337 3570 esse
1361 3506 1567 3590 profitetur,

278 3637 318 3677 ac
342 3635 409 3696 pro
433 3636 476 3679 eo
500 3614 660 3697 martyrii
684 3615 836 3696 gloriam
859 3614 960 3696 quasi
985 3614 1147 3695 affectat,
1179 3634 1240 3678 cur
1272 3623 1459 3697 tantopere
1493 3615 1567 3679 sibi

278 3732 398 3803 cavet,
432 3731 472 3783 ut
503 3742 569 3785 nec
594 3723 696 3784 salvo
721 3722 900 3784 conductu
924 3721 1099 3803 munituS,
1123 3723 1169 3785 ad
1194 3741 1260 3786 nos
1283 3742 1435 3803 unquam
1460 3743 1567 3788 acce-

278 3829 380 3910 dere,
413 3827 523 3892 fuerit
555 3851 675 3911 ausus,
711 3841 746 3892 et
770 3850 815 3892 ne
840 3849 931 3892 nunc
957 3828 1101 3911 quidem
1125 3851 1244 3894 coram
1268 3829 1349 3893 ullis
1371 3829 1568 3912 iudicibuS,

278 3934 343 3998 nisi
368 3955 439 3998 non
463 3936 638 4018 suspectis
662 3947 698 3999 et
732 3940 798 3999 sub
829 3936 901 4000 fide
936 3936 1080 4019 publica
1115 3937 1261 4018 idonea,
1298 3945 1335 4001 et
1369 3936 1570 4002 sufficienti

278 4045 454 4106 conductu
487 4043 601 4106 libero
636 4042 689 4130 (ut
719 4045 795 4126 ipse
819 4043 986 4126 loquitur)
1011 4063 1049 4106 se
1078 4043 1353 4126 comperiturum
1386 4049 1570 4107 testatur?

278 4149 371 4231 Quid
407 4161 461 4214 est
496 4151 591 4232 quod
627 4151 725 4213 illum
760 4151 852 4213 adeo
888 4149 1048 4213 timidum
1085 4160 1121 4213 et
1154 4151 1385 4233 suspiciosum
1418 4153 1571 4215 reddit?

276 4257 363 4321 nihil
387 4256 484 4320 aliud
508 4258 680 4341 profecto
698 4278 804 4339 quam
828 4258 920 4320 mala
944 4256 1056 4340 ipsius
1082 4259 1305 4323 conscientia
1329 4258 1572 4342 nefariaeque

277 4364 529 4448 cogitationes,
561 4387 653 4447 quae
684 4366 780 4428 illum
812 4365 890 4427 dies
921 4375 1116 4447 noctesque
1143 4364 1192 4428 ita
1216 4365 1419 4448 exagitant,
1451 4376 1572 4449 atque

278 4473 475 4553 deterrent,
505 4483 544 4536 ut
577 4493 621 4535 ea
644 4493 785 4555 quoque
816 4472 956 4553 timeat,
989 4492 1083 4554 quae
1114 4471 1201 4538 nihil
1232 4473 1374 4536 omnino
1407 4484 1488 4536 sunt
1526 4476 1571 4538 ti-

278 4581 423 4658 menda,
460 4601 525 4643 nec
561 4600 716 4662 unquam
750 4578 835 4643 satis
865 4588 962 4642 tutus
995 4580 1062 4642 sibi
1092 4579 1159 4662 ipsi
1191 4579 1372 4660 videatur,
1408 4601 1448 4642 ac
1480 4601 1572 4662 pro-

277 4696 420 4768 pterea,
464 4708 501 4749 se
539 4687 575 4749 in
615 4687 826 4750 secularium
867 4685 1046 4768 Pricipum
1086 4689 1287 4751 clientelam
1329 4687 1484 4769 dederit,
1532 4703 1574 4754 et

277 4812 355 4855 cum
380 4793 524 4855 Huteno
554 4793 787 4875 pluribusque
819 4793 899 4856 aliis
930 4793 1157 4875 facinorosiS,
1189 4805 1224 4858 et
1249 4795 1461 4858 seditionum
1485 4793 1573 4860 fau-

277 4900 413 4964 toribus
440 4899 718 4965 coniurationem
745 4914 781 4964 et
811 4901 938 4964 foedus
971 4900 1105 4974 inierit;
1138 4901 1204 4984 Qui
1236 4903 1265 4965 si
1293 4913 1388 4966 esset
1414 4912 1452 4964 ut
1479 4924 1575 4972 eum

1687 455 1695 574 l

1689 587 1692 596 ’
