3425 5700
648 525 895 582 *otono*

732 673 807 738 184.
1044 681 1052 720 i

560 777 774 882 campagus
802 778 976 862 sodoloto.

516 906 688 980 munitat.
707 907 858 968 German.
877 907 953 966 m
971 907 1024 980 44.)

599 1009 652 1074 (29.
672 1011 829 1059 Decembris
852 1009 941 1077 1524.)

217 1173 246 1188 ..
264 1171 272 1186 .
296 1123 431 1186 Bench'
449 1123 484 1187 io
508 1123 601 1187 stimi
625 1125 691 1188 che
707 1125 729 1187 'l
753 1125 883 1188 noncio
900 1126 945 1188 de
962 1123 1136 1209 Inspruck
1159 1127 1275 1191 scriva
1290 1130 1409 1209 quello

138 1232 196 1292 che
219 1230 251 1292 la
275 1233 365 1293 oitre
378 1219 420 1293 'si
443 1231 480 1294 ia
504 1242 540 1296 et
561 1232 717 1313 intende,
743 1231 863 1296 niente
888 1232 924 1295 di
939 1253 1044 1296 meno
1060 1231 1137 1296 dirb
1154 1253 1242 1316 pure
1259 1233 1361 1297 anch’
1375 1235 1409 1298 io

139 1338 210 1418 quel
239 1337 292 1400 ch'
310 1337 345 1400 io
376 1359 422 1401 ne
452 1348 564 1401 sento.
612 1338 654 1403 El
684 1339 884 1422 regimento
908 1338 1093 1421 imperiale
1125 1339 1161 1402 in
1185 1339 1332 1424 Eslinga
1364 1345 1410 1406 ha

139 1443 294 1507 mandato
319 1446 353 1507 al
377 1445 544 1528 Principe
577 1447 612 1509 la
634 1446 853 1510 resolutione
887 1447 944 1509 del
968 1467 1076 1528 parer
1099 1467 1163 1511 suo
1187 1448 1223 1511 di
1247 1448 1409 1513 intimare

139 1570 222 1613 nova
247 1551 345 1614 dieta
369 1573 390 1614 a
413 1549 483 1615 San
507 1553 644 1634 Jacopo
670 1554 715 1616 de
739 1553 868 1635 Luglio
893 1561 929 1617 et
953 1555 1019 1616 che
1043 1553 1072 1616 si
1096 1553 1213 1616 scriva
1236 1574 1257 1617 a
1279 1553 1410 1619 Cesare

139 1659 195 1719 che
217 1655 253 1721 S.
276 1657 325 1720 M.
350 1660 386 1721 la
408 1657 619 1739 instituisca,
649 1668 685 1722 et
707 1659 856 1722 intendo
880 1658 946 1722 che
970 1661 1016 1722 ha
1039 1661 1207 1724 mandato
1231 1681 1302 1724 una
1325 1672 1410 1725 nota
1516 1723 1520 1730 .

140 1765 178 1825 de
199 1765 231 1826 le
249 1784 334 1828 cose
358 1767 424 1828 che
448 1787 470 1827 a
492 1767 570 1829 loro
592 1786 727 1849 perenn
751 1765 780 1830 si
797 1767 965 1830 debbano
982 1775 1130 1831 trattare
1147 1765 1183 1829 in
1198 1767 1288 1831 ditta
1302 1767 1409 1832 dieta.

139 1869 163 1931 Π
183 1871 343 1954 principe
365 1874 414 1935 ha
436 1882 614 1936 accettato
638 1874 673 1936 el
696 1891 824 1955 parere
848 1876 937 1954 lor0,
961 1895 1019 1936 ma
1039 1874 1131 1937 inter
1147 1873 1218 1937 alia
1232 1877 1409 1937 vorrebbe

139 1978 196 2039 che
225 1979 339 2060 prima
361 2000 400 2042 se
432 1998 477 2041 ne
506 1980 623 2042 scriva
653 1999 675 2042 a
699 1979 830 2042 Crsare
862 1981 928 2042 che
959 1981 993 2042 al
1017 1981 1116 2043 detto
1147 1990 1267 2064 tempo
1292 1981 1410 2045 indica

138 2084 168 2145 la
188 2083 291 2166 dieta,
317 2096 353 2148 et
375 2085 590 2150 conformasi
614 2107 683 2150 con
707 2085 776 2150 essi
799 2085 943 2150 mutatis
967 2087 1105 2169 paucis;
1131 2088 1166 2149 el
1188 2089 1322 2170 luogho
1347 2107 1410 2153 soa

137 2189 281 2253 serenita
310 2195 491 2256 vorrebbe
522 2194 588 2256 che
621 2193 718 2256 fusse
743 2193 911 2274 Augusta
941 2203 977 2256 et
1007 2196 1040 2256 el
1063 2192 1261 2274 regimento
1294 2194 1408 2256 scrive

137 2317 198 2359 non
221 2317 299 2361 esse
324 2302 529 2363 mutandum
559 2302 676 2362 locum
701 2297 845 2382 Spirae,
882 2319 938 2363 ma
962 2300 986 2363 il
1010 2299 1172 2383 principe
1201 2300 1247 2362 ad
1270 2310 1408 2380 partem

138 2405 282 2468 scrivere
312 2427 334 2468 a
359 2405 490 2470 Cesare
520 2427 586 2490 per
616 2409 788 2470 obtenere
820 2408 887 2469 che
918 2405 947 2470 si
977 2405 1099 2474 faccia¹
1115 2406 1151 2468 in
1177 2407 1341 2486 Augusta
1373 2417 1409 2470 et

137 2510 248 2575 iaciasi
271 2533 374 2576 come
398 2514 433 2577 di
457 2512 603 2578 volont⁸a
627 2513 663 2576 di
682 2510 758 2576 Sua
773 2513 922 2597 Maesta,
947 2522 984 2577 et
1006 2533 1077 2577 non
1102 2533 1167 2595 per
1190 2512 1406 2576 movimento

138 2619 190 2682 del
204 2620 368 2702 Principe
392 2640 458 2702 per
481 2639 553 2683 non
577 2640 705 2702 parere
730 2618 765 2683 di
790 2621 1038 2683 contravenire
1063 2622 1133 2683 alla
1158 2620 1324 2702 opinione
1349 2621 1408 2683 del

136 2725 341 2807 regimento:
367 2736 403 2789 et
426 2748 491 2809 per
515 2727 664 2809 rispetto
689 2728 736 2789 de
759 2727 783 2789 li
808 2725 964 2810 Principi
981 2727 1159 2808 Rhenani,
1184 2727 1243 2790 alli
1268 2727 1365 2808 quali
1388 2725 1408 2789 e

136 2831 189 2912 piu
212 2833 396 2897 commoda
419 2831 533 2916 Spira,
558 2843 594 2898 et
616 2833 710 2898 inter
734 2834 803 2898 alia
827 2834 1035 2899 ricerchano
1060 2856 1081 2897 a
1104 2833 1235 2899 Cesare
1259 2836 1325 2898 che
1349 2835 1406 2898 ad·

136 2938 235 3023 iunga
266 2941 325 3005 doi
356 2940 514 3023 Principi
545 2940 715 3006 Germani
746 2944 779 3004 al
808 2942 976 3023 Principe
1006 2962 1072 3023 per
1103 2940 1179 3004 suoi
1210 2940 1341 3003 oratori
1372 2942 1407 3003 in

136 3050 232 3112 rebus
256 3049 452 3111 tractandis
476 3059 512 3111 et
535 3069 606 3111 non
632 3048 730 3113 sieno
755 3050 787 3111 d'
805 3051 897 3112 altra
921 3048 1065 3111 natione
1090 3060 1125 3110 et
1149 3046 1199 3131 gli
1216 3048 1407 3111 nominano

135 3172 155 3215 a
176 3154 302 3219 Cesare
326 3151 426 3218 accid
451 3157 517 3217 che
542 3155 659 3237 elegia
682 3156 739 3218 chi
764 3155 823 3238 piri
848 3155 899 3236 gli
923 3154 1050 3237 pareri
1074 3154 1110 3218 in
1134 3155 1337 3237 proposit0‚
1372 3167 1407 3217 et

136 3280 214 3325 sono
245 3261 360 3344 questi
384 3262 546 3325 Marchio
569 3261 758 3345 Philippus
782 3262 974 3343 Badensis,
1006 3261 1208 3325 Fridericus
1233 3262 1316 3324 Dux
1341 3263 1406 3326 Ba·

134 3370 245 3432 variae
269 3369 382 3431 frater
397 3368 581 3443 electoris;
607 3366 786 3451 Georgius
802 3369 886 3432 Dux
902 3369 1100 3443 Saxoniae;
1125 3368 1348 3451 GuglieImus
1372 3382 1408 3432 et

135 3473 329 3540 Ludovicus
359 3476 503 3539 Fratres
526 3476 647 3539 Duces
670 3475 863 3550 Bavariae;
899 3476 1089 3539 Casimirus
1113 3475 1273 3539 Marchio
1298 3477 1407 3538 Bran-

135 3578 414 3664 demburgensis,
438 3582 615 3645 Henricus
639 3583 723 3645 Dux
746 3582 1099 3665 Meclrleburgensis,
1124 3581 1300 3645 Henricus
1325 3584 1408 3646 Dux

134 3685 407 3753 Brunsvicensis.
454 3687 657 3752 Sollicitarb
689 3710 755 3753 con
779 3692 875 3752 buon
900 3692 1006 3752 modo
1037 3691 1148 3751 haver
1172 3692 1207 3752 la
1231 3698 1316 3751 nota
1348 3690 1407 3753 dal

134 3794 346 3879 Regimento
370 3796 559 3879 Imperiale
583 3797 628 3859 de
652 3799 760 3859 rebus
784 3798 935 3879 agendis
959 3807 994 3859 et
1018 3796 1213 3859 tractandis
1237 3795 1272 3858 in
1290 3796 1407 3874 Dicta,

135 3904 257 3981 perche
281 3901 462 3986 possiamo
486 3904 618 3965 vedere
643 3923 810 3984 quorsum
833 3904 993 3967 tendant.

216 4008 313 4074 Sono
349 4010 504 4091 avisat0,
541 4011 607 4073 che
643 4010 785 4073 l'homo
821 4012 989 4073 mandato
1022 4030 1088 4092 per
1120 4011 1143 4072 il
1172 4009 1339 4092 Principe
1372 4009 1408 4070 al

135 4112 338 4198 Mogontino
369 4116 503 4181 ritornb
534 4118 580 4179 ad
611 4116 787 4200 inspruck
822 4126 858 4179 et
888 4137 954 4199 per
984 4120 1051 4180 doe
1084 4118 1170 4180 hore
1201 4118 1298 4179 solus
1328 4135 1406 4178 cum

135 4223 205 4284 solo
227 4224 389 4306 principe
412 4225 513 4305 parlb
538 4226 581 4287 ne
611 4222 640 4285 si
664 4244 711 4305 po
735 4224 922 4288 intendere
947 4224 1064 4307 quello
1089 4223 1199 4285 habbi
1222 4223 1407 4304 riportat0,

135 4327 255 4392 dicono
286 4333 353 4394 che
383 4330 484 4393 finito
508 4330 686 4412 colloquio
711 4330 885 4412 Princeps
916 4339 1060 4413 praeter
1088 4350 1203 4393 mores
1234 4328 1329 4393 visus
1354 4340 1408 4392 est

136 4447 282 4500 moestus
315 4439 511 4520 perplexus
539 4436 802 4519 cogitabundus
834 4446 870 4500 et
894 4446 989 4499 totus
1013 4436 1174 4518 stupidus
1206 4446 1242 4499 et
1272 4436 1407 4499 chime

135 4560 178 4605 ne
200 4543 313 4624 avisa,
345 4545 424 4607 dice
448 4547 527 4607 chel
552 4554 725 4626 seguente
749 4542 878 4626 giorno
901 4543 1014 4607 intese
1038 4543 1135 4606 illum
1165 4562 1290 4625 parum
1313 4544 1408 4605 laeta

135 4650 367 4715 renunciasse.
405 4652 446 4713 In
470 4650 590 4733 specie
614 4670 685 4713 non
709 4650 739 4712 si
763 4663 895 4732 poteva
919 4650 1105 4713 intendere
1123 4651 1228 4723 altro;
1253 4651 1288 4712 la
1301 4647 1406 4729 fama,

135 4756 198 4819 ebe
227 4758 317 4820 andb
341 4756 363 4820 l'
380 4758 473 4820 altro
497 4756 622 4838 giorno
647 4766 784 4819 mentre
816 4777 936 4820 eramo
967 4758 1002 4821 in
1029 4754 1186 4835 Vienna,
1217 4755 1262 4818 de
1293 4756 1407 4818 salute

135 4860 280 4945 Cesaris,
303 4866 480 4948 potrebbe
503 4863 611 4926 tirare
636 4864 671 4926 la
693 4863 883 4945 phantasia
907 4882 1036 4927 senon
1060 4864 1126 4925 che
1149 4882 1221 4925 non
1245 4880 1333 4944 pare
1348 4881 1405 4927 ve-
