3425 5700
636 575 882 634 ῡ-Μδιθῦή

144 727 255 792 ditione
278 747 316 790 se
341 745 412 790 non
438 725 497 788 del
519 733 611 787 tutto
636 724 872 802 frustratoria,
897 726 1036 788 almeno
1059 728 1169 789 molto
1183 726 1397 810 imperfetta.

143 837 201 899 Sua
221 835 350 898 Maesti
380 833 411 896 ci
436 833 581 902 ordene,
607 833 673 895 che
697 831 757 894 nui
781 831 1043 914 expectassimo
1074 831 1109 895 in
1142 834 1286 915 palazo,
1321 834 1397 898 sino

142 943 378 1006 cheltornasse
393 941 452 1004 dal
468 948 645 1002 convento
669 938 715 1001 de
732 936 907 1021 Principi,
931 940 965 1002 el
989 942 1071 1020 qual
1095 939 1125 1002 si
1149 941 1266 1003 adona
1289 940 1323 1002 in
1349 940 1397 1002 di-

142 1069 226 1112 verso
248 1051 337 1127 loco,
363 1051 428 1111 che
452 1048 595 1110 tandem
621 1045 871 1108 vederessemo
896 1047 979 1127 quel
998 1047 1063 1108 che
1086 1045 1135 1108 lui
1160 1067 1221 1109 era
1244 1066 1310 1127 per
1332 1047 1397 1112 lar.

142 1157 172 1218 ln
191 1158 223 1219 la
243 1155 349 1218 Dieta
372 1153 447 1218 Sua
470 1153 608 1216 Maesta
637 1152 809 1233 ringratio
839 1152 868 1234 ‚li
892 1151 1049 1234 Principi
1082 1153 1140 1214 del
1170 1155 1242 1215 bon
1276 1155 1398 1218 volere

141 1267 202 1326 loro
231 1273 264 1326 et
294 1265 328 1326 la
359 1265 455 1326 bona
487 1259 692 1323 obedientia
716 1259 879 1342 prestita,
912 1268 948 1322 et
971 1259 994 1320 li
1020 1258 1142 1321 auxilii
1165 1261 1340 1340 promessi
1362 1271 1399 1324 et

141 1370 205 1432 altri
227 1371 288 1433 atti
312 1369 397 1433 nelli
420 1368 515 1451 quali
539 1365 654 1454 (como
679 1366 708 1430 si
732 1367 823 1448 dice)
848 1375 974 1448 questa
995 1366 1139 1430 natione
1162 1368 1209 1429 ha
1223 1366 1313 1430 fatto
1337 1369 1397 1450 piit

140 1481 166 1539 al
186 1489 264 1540 nuto
288 1487 324 1540 et
348 1479 448 1538 voler
472 1478 516 1538 de
541 1483 666 1556 questo
692 1473 801 1537 Cesar
825 1475 891 1536 che
915 1473 974 1553 gia
998 1474 1092 1536 assai
1116 1483 1235 1556 tempo
1260 1486 1296 1536 et
1312 1475 1399 1537 torsi

139 1583 194 1646 mai
216 1585 257 1647 de
281 1585 409 1647 alcuno
433 1584 535 1646 altro.
583 1581 749 1644 Vicissim
772 1581 797 1643 li
820 1580 972 1662 principi
996 1590 1032 1642 et
1050 1580 1133 1642 stati
1150 1581 1398 1662 rengratiorno

139 1687 199 1752 Sua
220 1689 354 1753 Maesta
385 1701 421 1754 et
449 1689 542 1753 cossi
573 1688 610 1752 fu
641 1709 758 1752 messo
788 1697 914 1769 questo
938 1686 997 1768 gia
1021 1687 1067 1749 da
1091 1687 1172 1749 tutti
1195 1687 1398 1752 desiderato

138 1795 195 1860 line
209 1798 274 1860 alla
298 1797 404 1862 dieta.
452 1795 528 1859 Con
544 1804 670 1878 questo
688 1803 805 1858 tamen
830 1796 897 1858 che
921 1794 967 1856 ad
992 1794 1161 1858 instantia
1185 1795 1221 1856 di
1238 1791 1311 1858 Sua
1325 1796 1398 1859 Ma·

139 1905 200 1966 esti
228 1905 335 1968 niuno
371 1903 401 1967 si
424 1902 576 1985 partisse
599 1922 666 1984 per
689 1911 831 1984 quattro
856 1900 974 1984 giomi
1004 1902 1049 1964 de
1081 1901 1158 1983 qui,
1194 1903 1327 1983 perche
1347 1924 1398 1996 ⁸se

136 2011 282 2075 haveano
313 2032 335 2075 a
365 2010 422 2073 far
450 2011 577 2073 alcune
602 2019 737 2072 cosette
762 2007 1045 2071 extraordinarie
1069 2028 1173 2071 cerea
1196 2010 1231 2072 la
1255 2029 1386 2073 concor

138 2119 186 2182 dia
207 2131 239 2183 et
261 2139 352 2202 pace
376 2119 421 2181 de
444 2117 563 2181 alcuni
588 2116 796 2198 querelanti.
844 2116 911 2178 Poi
927 2115 1036 2179 Cesar
1060 2117 1204 2179 retorno
1229 2138 1250 2179 a
1266 2116 1396 2179 Palazo

136 2235 399 2308 accompagnato
424 2226 471 2287 da
494 2223 594 2287 multi
618 2223 775 2306 Principi
799 2233 834 2286 et
857 2223 892 2285 in
918 2223 1040 2304 primis
1071 2225 1118 2285 da
1141 2233 1283 2314 quattro
1308 2226 1397 2287 elec-

136 2332 208 2412 tori,
236 2334 259 2395 li
283 2343 338 2397 tre
363 2331 593 2395 ecclesiastici
618 2341 653 2393 et
676 2331 934 2412 Brandeburg,
959 2330 1089 2411 perche
1115 2333 1147 2392 el
1167 2329 1313 2393 Saxone
1337 2331 1398 2412 gia

136 2439 184 2500 doi
212 2441 244 2503 di
279 2461 341 2504 era
372 2439 520 2522 partito,
553 2446 588 2500 et
622 2438 654 2500 el
686 2437 844 2519 palatino
879 2458 941 2500 era
964 2437 1014 2500 ito
1038 2457 1104 2518 per
1126 2458 1274 2501 recever
1299 2441 1397 2501 detto

136 2545 264 2610 Saxone
288 2548 322 2610 in
349 2545 619 2627 Heidelbergha
641 2564 707 2626 per
730 2547 823 2608 dove
848 2545 869 2606 l'
884 2565 946 2608 era
969 2564 1034 2627 per
1064 2565 1200 2626 passer.
1248 2544 1397 2608 Havean

134 2661 236 2716 tamen
260 2655 321 2736 qui
345 2655 371 2716 11
394 2655 471 2715 loro
495 2651 722 2715 locutenenti.
771 2651 876 2732 Quivi
900 2651 1010 2715 Cesar
1040 2672 1086 2714 ne
1109 2652 1189 2714 fece
1211 2652 1398 2715 rechieder

133 2757 161 2822 in
184 2763 214 2824 la
236 2763 324 2824 salla
348 2763 442 2824 dove
466 2779 575 2823 erano
600 2762 692 2822 oltra
715 2759 739 2822 li
763 2759 918 2838 predetti
942 2757 1094 2839 principi
1113 2757 1282 2821 Germani
1307 2768 1397 2820 tutta

133 2867 161 2928 la
182 2866 344 2951 Signoria
367 2868 573 2951 Hispanica,
598 2882 634 2931 et
657 2866 751 2931 assai
775 2866 1022 2948 gentilhomini
1046 2867 1157 2929 nostri
1182 2867 1337 2944 Italiani,
1363 2876 1398 2929 et

132 2986 344 3053 presentamo
368 2976 481 3058 primo
507 2976 539 3038 el
564 2978 674 3037 breve
698 2994 719 3035 a
744 2974 816 3037 Sua
829 2973 978 3054 Maesta,
1003 2975 1039 3035 la
1062 2976 1145 3055 qual
1159 2973 1231 3036 fino
1248 2994 1269 3035 a
1284 2974 1396 3055 quest’

132 3081 208 3145 hora
230 3084 345 3146 havea
368 3083 491 3144 voluto
523 3082 590 3144 che
619 3079 678 3144 noi
703 3081 736 3142 el
760 3100 1022 3143 reservassemo
1046 3100 1068 3142 a
1092 3082 1314 3162 presentarlo
1338 3102 1396 3144 an·

131 3206 205 3251 cora
226 3192 292 3255 che
315 3188 387 3253 fino
413 3188 558 3270 giovedi
582 3188 631 3252 lui
655 3189 805 3251 havesse
829 3189 917 3250 letto
943 3196 978 3249 et
1001 3187 1116 3249 inteso
1140 3190 1175 3250 la
1198 3188 1397 3250 substantia

132 3294 169 3356 de
191 3298 285 3359 detto
306 3300 427 3378 breve,
452 3296 583 3377 perche
608 3295 726 3358 subito
750 3294 771 3357 l'
788 3295 878 3357 altro
903 3294 1030 3375 giorno
1055 3304 1225 3375 receputa
1249 3315 1313 3375 per
1337 3296 1396 3357 noi

130 3400 406 3485 laenpeditione
438 3401 475 3464 di
505 3402 624 3465 Roma
656 3404 866 3466 andessemo
898 3421 920 3463 a
952 3411 1074 3463 trovar
1098 3397 1170 3464 Sua
1194 3399 1332 3464 Maesta
1362 3412 1398 3464 et

129 3510 369 3585 presentamoli
401 3512 434 3572 el
466 3512 576 3572 breve
600 3510 728 3589 latin0,
760 3517 796 3570 et
826 3508 924 3569 accio
956 3507 1061 3570 melio
1091 3509 1330 3571 l'intendesse
1362 3511 1396 3573 io

128 3612 146 3672 l’
159 3616 268 3680 havea
291 3618 500 3679 translatato
524 3614 559 3678 in
577 3614 751 3695 francese,
775 3634 860 3677 cosa
876 3634 897 3676 a
914 3612 988 3677 Sua
1003 3615 1146 3677 Maesta·
1159 3618 1267 3679 molto
1281 3627 1396 3700 grata,

127 3738 183 3799 per
204 3723 369 3788 intendet
392 3723 497 3786 melio
522 3724 556 3787 lo
582 3724 648 3785 che
673 3724 706 3785 le
730 3722 751 3783 e
774 3724 907 3801 scritto,
931 3733 967 3783 et
991 3723 1102 3784 allora
1127 3723 1222 3785 disse
1237 3725 1269 3785 el
1287 3727 1396 3787 breve

127 3826 226 3891 latino
250 3832 429 3893 servatelo
453 3828 524 3893 fine
549 3830 614 3891 che
631 3830 665 3891 io
683 3830 718 3891 vi
734 3829 812 3891 diro
834 3829 976 3911 quando
1000 3829 1021 3891 l'
1034 3831 1156 3891 harete
1173 3850 1194 3891 a
1211 3841 1397 3912 presentat

127 3944 156 3993 et
177 3937 307 3999 datemi
339 3946 465 4019 questo
495 3938 651 3998 tradotto
686 3937 751 3997 che
775 3936 907 4017 meglio
932 3936 967 3998 lo
990 3935 1177 3999 intendero
1202 3948 1238 3998 et
1261 3939 1395 4000 hatone

127 4039 259 4119 piacere
284 4045 439 4125 grande;
465 4053 500 4106 et
525 4053 651 4125 questo
677 4056 775 4106 certo
799 4064 891 4105 vene
915 4046 1008 4105 bene
1026 4064 1047 4105 a
1063 4044 1248 4126 proposito
1263 4048 1394 4125 perche

126 4166 216 4212 como
239 4151 387 4213 intendo
412 4151 458 4213 da
481 4150 557 4212 suoi
581 4150 692 4212 intimi
717 4152 751 4212 lo
775 4151 868 4213 lesse
891 4149 950 4232 pio
976 4149 1011 4211 di
1035 4160 1088 4211 tre
1112 4148 1211 4230 flate,
1241 4162 1276 4213 et
1299 4172 1393 4213 mon·

126 4264 235 4318 strava
259 4260 392 4321 havere
416 4278 506 4339 gran
533 4256 676 4337 piacere
701 4258 745 4318 de
770 4256 934 4321 intendet
958 4259 992 4319 el
1015 4259 1087 4319 bon
1102 4259 1254 4320 voleret
1278 4259 1394 4322 animo

126 4360 176 4423 del
199 4362 441 4428 Sanctissimo.
488 4364 554 4427 Poi
578 4365 653 4427 heri
671 4368 784 4445 (como
800 4366 846 4427 ho
864 4362 978 4448 detto)
992 4377 1218 4446 presentamo
1236 4368 1268 4427 el
1284 4370 1394 4428 breve

126 4468 243 4551 latin0‚
276 4476 308 4535 el
341 4474 446 4554 quale
478 4472 516 4534 111
547 4473 634 4535 letto
667 4472 725 4533 dal
757 4490 846 4553 gran
872 4458 1082 4534 Cancellieri
1107 4474 1179 4533 alta
1203 4493 1291 4535 voce
1316 4494 1393 4535 cum

126 4594 203 4653 gran
227 4580 403 4643 attention
427 4581 472 4641 de
497 4580 521 4641 li
546 4578 703 4659 Principi
728 4577 899 4661 germani,
925 4590 959 4640 et
971 4578 1181 4659 jubilatione
1206 4581 1251 4641 de
1275 4580 1299 4641 li
1315 4578 1393 4662 Sig-

125 4683 191 4745 nori
214 4685 295 4750 Itali
320 4696 355 4748 et
380 4686 551 4768 Hispani,
582 4684 713 4767 perche
742 4706 781 4747 re
805 4705 892 4747 vera
917 4687 949 4747 el
974 4688 1083 4747 breve
1108 4706 1170 4748 era
1194 4688 1393 4750 excellente

125 4798 155 4849 et
181 4794 273 4856 bene
305 4814 326 4857 a
349 4793 544 4875 proposit0,
569 4794 628 4874 poi
654 4805 881 4874 presentamo
905 4793 940 4854 in
966 4792 1145 4873 presentia
1169 4795 1215 4856 de
1239 4794 1348 4857 Cesar
1372 4816 1394 4857 a

123 4894 353 4963 ciascheduno
377 4903 423 4964 de
448 4900 595 4964 electori
627 4902 659 4963 el
691 4920 770 4979 suo,
804 4900 900 4980 quali
931 4920 1009 4961 cum
1040 4900 1162 4962 debita
1191 4899 1393 4964 reverentia
