<?xml version="1.0" encoding="UTF-8"?>
<!DOCTYPE html PUBLIC "-//W3C//DTD XHTML 1.0 Transitional//EN"
    "http://www.w3.org/TR/xhtml1/DTD/xhtml1-transitional.dtd">
<html xmlns="http://www.w3.org/1999/xhtml" xml:lang="en" lang="en">
 <head>
  <title>
</title>
<meta http-equiv="Content-Type" content="text/html;charset=utf-8" />
  <meta name='ocr-system' content='tesseract 3.04.00' />
  <meta name='ocr-capabilities' content='ocr_page ocr_carea ocr_par ocr_line ocrx_word'/>
</head>
<body>
  <div class='ocr_page' id='page_1' title='image "./monumentareform00unkngoog_0272.png"; bbox 0 0 3425 5700; ppageno 0'>
   <div class='ocr_carea' id='block_1_1' title="bbox 931 881 985 946">
    <p class='ocr_par' dir='ltr' id='par_1_1' title="bbox 931 881 985 946">
     <span class='ocr_line' id='line_1_1' title="bbox 931 881 985 946; baseline 0.056 -3"><span class='ocrx_word' id='word_1_1' title='bbox 931 881 985 946; x_wconf 81' lang='lat'>93.</span> 
     </span>
    </p>
   </div>
   <div class='ocr_carea' id='block_1_2' title="bbox 657 995 1266 1078">
    <p class='ocr_par' dir='ltr' id='par_1_2' title="bbox 657 995 1266 1078">
     <span class='ocr_line' id='line_1_2' title="bbox 657 995 1266 1078; baseline -0.002 -1"><span class='ocrx_word' id='word_1_2' title='bbox 657 997 865 1078; x_wconf 78' lang='lat' dir='ltr'>Aloander</span> <span class='ocrx_word' id='word_1_3' title='bbox 893 995 1266 1076; x_wconf 71' lang='lat' dir='ltr'>vicecancellario.</span> 
     </span>
    </p>
   </div>
   <div class='ocr_carea' id='block_1_3' title="bbox 719 1142 1202 1332">
    <p class='ocr_par' dir='ltr' id='par_1_3' title="bbox 719 1142 1202 1332">
     <span class='ocr_line' id='line_1_3' title="bbox 719 1142 1202 1216; baseline -0.002 -13"><span class='ocrx_word' id='word_1_4' title='bbox 719 1144 887 1216; x_wconf 65' lang='lat' dir='ltr'>mundat.</span> <span class='ocrx_word' id='word_1_5' title='bbox 907 1143 1055 1202; x_wconf 63' lang='lat' dir='ltr'>German„</span> <span class='ocrx_word' id='word_1_6' title='bbox 1073 1142 1104 1202; x_wconf 71' lang='lat' dir='ltr'>Ii.</span> <span class='ocrx_word' id='word_1_7' title='bbox 1123 1143 1202 1214; x_wconf 77' lang='lat' dir='ltr'>itt.)</span> 
     </span>
     <span class='ocr_line' id='line_1_4' title="bbox 826 1260 1094 1332; baseline 0 -19"><span class='ocrx_word' id='word_1_8' title='bbox 826 1265 900 1332; x_wconf 87' lang='lat'>(22.?</span> <span class='ocrx_word' id='word_1_9' title='bbox 920 1265 985 1313; x_wconf 82' lang='lat' dir='ltr'>Maii</span> <span class='ocrx_word' id='word_1_10' title='bbox 1008 1260 1094 1332; x_wconf 79' lang='lat'>1521.)</span> 
     </span>
    </p>
   </div>
   <div class='ocr_carea' id='block_1_4' title="bbox 281 1387 1610 5002">
    <p class='ocr_par' dir='ltr' id='par_1_4' title="bbox 281 1387 1610 5002">
     <span class='ocr_line' id='line_1_5' title="bbox 410 1387 1593 1470; baseline 0 -20"><span class='ocrx_word' id='word_1_11' title='bbox 410 1387 658 1451; x_wconf 88' lang='lat' dir='ltr'>Continuando</span> <span class='ocrx_word' id='word_1_12' title='bbox 693 1409 714 1450; x_wconf 87' lang='lat' dir='ltr'>a</span> <span class='ocrx_word' id='word_1_13' title='bbox 739 1389 820 1470; x_wconf 90' lang='lat' dir='ltr'>quel</span> <span class='ocrx_word' id='word_1_14' title='bbox 856 1389 922 1452; x_wconf 89' lang='lat' dir='ltr'>che</span> <span class='ocrx_word' id='word_1_15' title='bbox 947 1389 1065 1452; x_wconf 90' lang='lat' dir='ltr'>scrissi</span> <span class='ocrx_word' id='word_1_16' title='bbox 1091 1388 1149 1452; x_wconf 84' lang='lat' dir='ltr'>alli</span> <span class='ocrx_word' id='word_1_17' title='bbox 1174 1389 1248 1450; x_wconf 87' lang='lat' dir='ltr'>XV</span> <span class='ocrx_word' id='word_1_18' title='bbox 1272 1387 1476 1470; x_wconf 74' lang='lat' dir='ltr'>significari)</span> <span class='ocrx_word' id='word_1_19' title='bbox 1501 1408 1593 1451; x_wconf 89' lang='lat' dir='ltr'>como</span> 
     </span>
     <span class='ocr_line' id='line_1_6' title="bbox 320 1495 1593 1577; baseline 0 -20"><span class='ocrx_word' id='word_1_20' title='bbox 320 1516 451 1559; x_wconf 86' lang='lat' dir='ltr'>ancora</span> <span class='ocrx_word' id='word_1_21' title='bbox 487 1516 557 1559; x_wconf 91' lang='lat' dir='ltr'>non</span> <span class='ocrx_word' id='word_1_22' title='bbox 593 1517 681 1558; x_wconf 89' lang='lat' dir='ltr'>sono</span> <span class='ocrx_word' id='word_1_23' title='bbox 715 1495 875 1577; x_wconf 87' lang='lat' dir='ltr'>expediti</span> <span class='ocrx_word' id='word_1_24' title='bbox 906 1496 1021 1577; x_wconf 87' lang='lat' dir='ltr'><strong>questi</strong></span> <span class='ocrx_word' id='word_1_25' title='bbox 1044 1495 1201 1560; x_wconf 89' lang='lat' dir='ltr'>mandati</span> <span class='ocrx_word' id='word_1_26' title='bbox 1227 1516 1297 1558; x_wconf 91' lang='lat' dir='ltr'>non</span> <span class='ocrx_word' id='word_1_27' title='bbox 1321 1495 1381 1577; x_wconf 68' lang='lat' dir='ltr'>gia</span> <span class='ocrx_word' id='word_1_28' title='bbox 1405 1516 1472 1577; x_wconf 90' lang='lat' dir='ltr'>per</span> <span class='ocrx_word' id='word_1_29' title='bbox 1495 1496 1593 1576; x_wconf 86' lang='lat' dir='ltr'>colpa</span> 
     </span>
     <span class='ocr_line' id='line_1_7' title="bbox 320 1602 1594 1684; baseline 0 -20"><span class='ocrx_word' id='word_1_30' title='bbox 320 1613 460 1683; x_wconf 88' lang='lat' dir='ltr'>nostra,</span> <span class='ocrx_word' id='word_1_31' title='bbox 493 1603 517 1664; x_wconf 89' lang='lat' dir='ltr'>li</span> <span class='ocrx_word' id='word_1_32' title='bbox 549 1603 644 1683; x_wconf 86' lang='lat' dir='ltr'>quali</span> <span class='ocrx_word' id='word_1_33' title='bbox 673 1602 810 1664; x_wconf 88' lang='lat' dir='ltr'>faeemo</span> <span class='ocrx_word' id='word_1_34' title='bbox 841 1611 933 1666; x_wconf 88' lang='lat' dir='ltr'>tutte</span> <span class='ocrx_word' id='word_1_35' title='bbox 958 1603 990 1665; x_wconf 90' lang='lat' dir='ltr'>le</span> <span class='ocrx_word' id='word_1_36' title='bbox 1014 1603 1181 1666; x_wconf 82' lang='lat' dir='ltr'>instantio</span> <span class='ocrx_word' id='word_1_37' title='bbox 1205 1624 1226 1665; x_wconf 86' lang='lat' dir='ltr'>a</span> <span class='ocrx_word' id='word_1_38' title='bbox 1250 1603 1309 1666; x_wconf 91' lang='lat' dir='ltr'>noi</span> <span class='ocrx_word' id='word_1_39' title='bbox 1333 1603 1515 1684; x_wconf 79' lang='lat' dir='ltr'>possibili,</span> <span class='ocrx_word' id='word_1_40' title='bbox 1545 1623 1594 1665; x_wconf 88' lang='lat' dir='ltr'>ma</span> 
     </span>
     <span class='ocr_line' id='line_1_8' title="bbox 320 1708 1594 1792; baseline -0.001 -20"><span class='ocrx_word' id='word_1_41' title='bbox 320 1708 452 1790; x_wconf 74' lang='lat' dir='ltr'>perche</span> <span class='ocrx_word' id='word_1_42' title='bbox 476 1709 586 1772; x_wconf 88' lang='lat' dir='ltr'>Cesar</span> <span class='ocrx_word' id='word_1_43' title='bbox 610 1709 688 1772; x_wconf 91' lang='lat' dir='ltr'>dice</span> <span class='ocrx_word' id='word_1_44' title='bbox 712 1712 813 1772; x_wconf 89' lang='lat' dir='ltr'>voler</span> <span class='ocrx_word' id='word_1_45' title='bbox 837 1710 980 1773; x_wconf 92' lang='lat' dir='ltr'>omnino</span> <span class='ocrx_word' id='word_1_46' title='bbox 1005 1711 1270 1774; x_wconf 90' lang='lat' dir='ltr'>communicarli</span> <span class='ocrx_word' id='word_1_47' title='bbox 1303 1731 1370 1772; x_wconf 92' lang='lat' dir='ltr'>con</span> <span class='ocrx_word' id='word_1_48' title='bbox 1399 1710 1424 1772; x_wconf 94' lang='lat' dir='ltr'>li</span> <span class='ocrx_word' id='word_1_49' title='bbox 1448 1710 1594 1792; x_wconf 81' lang='lat' dir='ltr'>principi</span> 
     </span>
     <span class='ocr_line' id='line_1_9' title="bbox 321 1815 1595 1898; baseline -0.001 -20"><span class='ocrx_word' id='word_1_50' title='bbox 321 1827 355 1878; x_wconf 92' lang='lat' dir='ltr'>et</span> <span class='ocrx_word' id='word_1_51' title='bbox 380 1819 445 1879; x_wconf 87' lang='lat' dir='ltr'>che</span> <span class='ocrx_word' id='word_1_52' title='bbox 471 1837 540 1877; x_wconf 91' lang='lat' dir='ltr'>non</span> <span class='ocrx_word' id='word_1_53' title='bbox 566 1815 772 1894; x_wconf 87' lang='lat' dir='ltr'>dubitiamo,</span> <span class='ocrx_word' id='word_1_54' title='bbox 796 1815 930 1898; x_wconf 75' lang='lat' dir='ltr'>perche</span> <span class='ocrx_word' id='word_1_55' title='bbox 954 1817 1073 1880; x_wconf 88' lang='lat' dir='ltr'>avanti</span> <span class='ocrx_word' id='word_1_56' title='bbox 1103 1819 1181 1880; x_wconf 89' lang='lat' dir='ltr'>chel</span> <span class='ocrx_word' id='word_1_57' title='bbox 1206 1817 1235 1879; x_wconf 92' lang='lat' dir='ltr'>si</span> <span class='ocrx_word' id='word_1_58' title='bbox 1259 1817 1352 1898; x_wconf 88' lang='lat' dir='ltr'>parti</span> <span class='ocrx_word' id='word_1_59' title='bbox 1377 1819 1478 1880; x_wconf 90' lang='lat' dir='ltr'>dela</span> <span class='ocrx_word' id='word_1_60' title='bbox 1506 1817 1595 1878; x_wconf 88' lang='lat' dir='ltr'>dieta</span> 
     </span>
     <span class='ocr_line' id='line_1_10' title="bbox 321 1923 1593 2006; baseline -0.002 -22"><span class='ocrx_word' id='word_1_61' title='bbox 321 1923 398 1984; x_wconf 74' lang='lat' dir='ltr'>fara</span> <span class='ocrx_word' id='word_1_62' title='bbox 423 1923 573 2003; x_wconf 86' lang='lat' dir='ltr'>expedir</span> <span class='ocrx_word' id='word_1_63' title='bbox 598 1933 634 1985; x_wconf 91' lang='lat' dir='ltr'>et</span> <span class='ocrx_word' id='word_1_64' title='bbox 657 1923 820 2004; x_wconf 88' lang='lat' dir='ltr'>publicar</span> <span class='ocrx_word' id='word_1_65' title='bbox 844 1937 880 1986; x_wconf 94' lang='lat' dir='ltr'>et</span> <span class='ocrx_word' id='word_1_66' title='bbox 905 1925 1055 2005; x_wconf 79' lang='lat' dir='ltr'>exequir</span> <span class='ocrx_word' id='word_1_67' title='bbox 1077 1924 1219 2006; x_wconf 88' lang='lat' dir='ltr'>publice</span> <span class='ocrx_word' id='word_1_68' title='bbox 1244 1926 1291 1985; x_wconf 91' lang='lat' dir='ltr'>ob</span> <span class='ocrx_word' id='word_1_69' title='bbox 1315 1924 1438 1986; x_wconf 90' lang='lat' dir='ltr'>oculos</span> <span class='ocrx_word' id='word_1_70' title='bbox 1461 1943 1544 1986; x_wconf 92' lang='lat' dir='ltr'>suos</span> <span class='ocrx_word' id='word_1_71' title='bbox 1566 1923 1593 1984; x_wconf 94' lang='lat' dir='ltr'>el</span> 
     </span>
     <span class='ocr_line' id='line_1_11' title="bbox 320 2029 1594 2112; baseline -0.002 -19"><span class='ocrx_word' id='word_1_72' title='bbox 320 2031 487 2093; x_wconf 84' lang='lat' dir='ltr'>mandato</span> <span class='ocrx_word' id='word_1_73' title='bbox 511 2029 546 2091; x_wconf 91' lang='lat' dir='ltr'>in</span> <span class='ocrx_word' id='word_1_74' title='bbox 571 2031 758 2108; x_wconf 84' lang='lat' dir='ltr'>alemanno</span> <span class='ocrx_word' id='word_1_75' title='bbox 784 2039 819 2092; x_wconf 86' lang='lat' dir='ltr'>et</span> <span class='ocrx_word' id='word_1_76' title='bbox 833 2030 954 2111; x_wconf 79' lang='lat' dir='ltr'>latino,</span> <span class='ocrx_word' id='word_1_77' title='bbox 979 2030 1143 2093; x_wconf 86' lang='lat' dir='ltr'>francese</span> <span class='ocrx_word' id='word_1_78' title='bbox 1159 2038 1194 2092; x_wconf 89' lang='lat' dir='ltr'>et</span> <span class='ocrx_word' id='word_1_79' title='bbox 1208 2029 1433 2112; x_wconf 85' lang='lat' dir='ltr'>fiammengo,</span> <span class='ocrx_word' id='word_1_80' title='bbox 1456 2029 1481 2092; x_wconf 89' lang='lat' dir='ltr'>li</span> <span class='ocrx_word' id='word_1_81' title='bbox 1505 2029 1594 2112; x_wconf 89' lang='lat' dir='ltr'>quali</span> 
     </span>
     <span class='ocr_line' id='line_1_12' title="bbox 320 2136 1595 2219; baseline -0.002 -21"><span class='ocrx_word' id='word_1_82' title='bbox 320 2136 368 2198; x_wconf 91' lang='lat' dir='ltr'>lui</span> <span class='ocrx_word' id='word_1_83' title='bbox 393 2140 474 2199; x_wconf 87' lang='lat' dir='ltr'>vole</span> <span class='ocrx_word' id='word_1_84' title='bbox 499 2137 564 2200; x_wconf 91' lang='lat' dir='ltr'>che</span> <span class='ocrx_word' id='word_1_85' title='bbox 589 2137 731 2200; x_wconf 90' lang='lat' dir='ltr'>omnino</span> <span class='ocrx_word' id='word_1_86' title='bbox 753 2159 791 2199; x_wconf 91' lang='lat' dir='ltr'>se</span> <span class='ocrx_word' id='word_1_87' title='bbox 816 2138 1069 2219; x_wconf 84' lang='lat' dir='ltr'>expediscano.</span> <span class='ocrx_word' id='word_1_88' title='bbox 1107 2137 1149 2198; x_wconf 87' lang='lat' dir='ltr'>El</span> <span class='ocrx_word' id='word_1_89' title='bbox 1174 2136 1377 2200; x_wconf 89' lang='lat' dir='ltr'>cancellieri</span> <span class='ocrx_word' id='word_1_90' title='bbox 1394 2147 1430 2200; x_wconf 92' lang='lat' dir='ltr'>et</span> <span class='ocrx_word' id='word_1_91' title='bbox 1445 2137 1528 2199; x_wconf 87' lang='lat' dir='ltr'>tutti</span> <span class='ocrx_word' id='word_1_92' title='bbox 1543 2137 1595 2198; x_wconf 89' lang='lat' dir='ltr'>del</span> 
     </span>
     <span class='ocr_line' id='line_1_13' title="bbox 322 2243 1595 2325; baseline -0.002 -19"><span class='ocrx_word' id='word_1_93' title='bbox 322 2244 478 2306; x_wconf 88' lang='lat' dir='ltr'>conselio</span> <span class='ocrx_word' id='word_1_94' title='bbox 511 2244 638 2306; x_wconf 89' lang='lat' dir='ltr'>dicono</span> <span class='ocrx_word' id='word_1_95' title='bbox 670 2246 735 2306; x_wconf 89' lang='lat' dir='ltr'>che</span> <span class='ocrx_word' id='word_1_96' title='bbox 769 2244 794 2306; x_wconf 88' lang='lat' dir='ltr'>li</span> <span class='ocrx_word' id='word_1_97' title='bbox 818 2244 1065 2325; x_wconf 87' lang='lat' dir='ltr'>expediranno</span> <span class='ocrx_word' id='word_1_98' title='bbox 1090 2243 1232 2324; x_wconf 87' lang='lat' dir='ltr'>quando</span> <span class='ocrx_word' id='word_1_99' title='bbox 1255 2264 1277 2305; x_wconf 85' lang='lat' dir='ltr'>a</span> <span class='ocrx_word' id='word_1_100' title='bbox 1301 2244 1361 2306; x_wconf 93' lang='lat' dir='ltr'>noi</span> <span class='ocrx_word' id='word_1_101' title='bbox 1384 2244 1544 2325; x_wconf 76' lang='lat' dir='ltr'>piacera‚</span> <span class='ocrx_word' id='word_1_102' title='bbox 1568 2244 1595 2304; x_wconf 89' lang='lat' dir='ltr'>el</span> 
     </span>
     <span class='ocr_line' id='line_1_14' title="bbox 321 2349 1597 2432; baseline -0.001 -20"><span class='ocrx_word' id='word_1_103' title='bbox 321 2353 386 2412; x_wconf 87' lang='lat' dir='ltr'>che</span> <span class='ocrx_word' id='word_1_104' title='bbox 418 2350 530 2431; x_wconf 79' lang='lat' dir='ltr'>perho</span> <span class='ocrx_word' id='word_1_105' title='bbox 557 2371 626 2413; x_wconf 91' lang='lat' dir='ltr'>non</span> <span class='ocrx_word' id='word_1_106' title='bbox 651 2352 790 2413; x_wconf 91' lang='lat' dir='ltr'>volemo</span> <span class='ocrx_word' id='word_1_107' title='bbox 815 2371 853 2413; x_wconf 91' lang='lat' dir='ltr'>se</span> <span class='ocrx_word' id='word_1_108' title='bbox 878 2371 949 2413; x_wconf 93' lang='lat' dir='ltr'>non</span> <span class='ocrx_word' id='word_1_109' title='bbox 973 2351 1029 2414; x_wconf 89' lang='lat' dir='ltr'>all&#39;</span> <span class='ocrx_word' id='word_1_110' title='bbox 1054 2350 1176 2413; x_wconf 87' lang='lat' dir='ltr'>ultimo</span> <span class='ocrx_word' id='word_1_111' title='bbox 1206 2349 1349 2430; x_wconf 88' lang='lat' dir='ltr'>quando</span> <span class='ocrx_word' id='word_1_112' title='bbox 1373 2370 1513 2413; x_wconf 87' lang='lat' dir='ltr'>saremo</span> <span class='ocrx_word' id='word_1_113' title='bbox 1537 2370 1597 2432; x_wconf 88' lang='lat' dir='ltr'>per</span> 
     </span>
     <span class='ocr_line' id='line_1_15' title="bbox 321 2457 1596 2539; baseline 0 -20"><span class='ocrx_word' id='word_1_114' title='bbox 321 2458 433 2539; x_wconf 85' lang='lat' dir='ltr'>partir</span> <span class='ocrx_word' id='word_1_115' title='bbox 457 2458 501 2520; x_wconf 91' lang='lat' dir='ltr'>de</span> <span class='ocrx_word' id='word_1_116' title='bbox 533 2461 590 2538; x_wconf 82' lang='lat' dir='ltr'>qui</span> <span class='ocrx_word' id='word_1_117' title='bbox 616 2457 768 2538; x_wconf 77' lang='lat' dir='ltr'>perche,</span> <span class='ocrx_word' id='word_1_118' title='bbox 801 2479 872 2520; x_wconf 90' lang='lat' dir='ltr'>non</span> <span class='ocrx_word' id='word_1_119' title='bbox 897 2458 1078 2538; x_wconf 88' lang='lat' dir='ltr'>giovando</span> <span class='ocrx_word' id='word_1_120' title='bbox 1103 2457 1165 2520; x_wconf 83' lang='lat' dir='ltr'>tati</span> <span class='ocrx_word' id='word_1_121' title='bbox 1188 2457 1346 2519; x_wconf 88' lang='lat' dir='ltr'>mandati</span> <span class='ocrx_word' id='word_1_122' title='bbox 1370 2463 1428 2538; x_wconf 88' lang='lat' dir='ltr'>qui</span> <span class='ocrx_word' id='word_1_123' title='bbox 1453 2457 1488 2520; x_wconf 92' lang='lat' dir='ltr'>in</span> <span class='ocrx_word' id='word_1_124' title='bbox 1515 2457 1596 2521; x_wconf 87' lang='lat' dir='ltr'>Ger·</span> 
     </span>
     <span class='ocr_line' id='line_1_16' title="bbox 321 2563 1599 2646; baseline 0 -20"><span class='ocrx_word' id='word_1_125' title='bbox 321 2564 447 2644; x_wconf 85' lang='lat' dir='ltr'>mania,</span> <span class='ocrx_word' id='word_1_126' title='bbox 472 2573 613 2627; x_wconf 87' lang='lat' dir='ltr'>tenemo</span> <span class='ocrx_word' id='word_1_127' title='bbox 637 2565 707 2627; x_wconf 92' lang='lat' dir='ltr'>imo</span> <span class='ocrx_word' id='word_1_128' title='bbox 731 2564 923 2627; x_wconf 87' lang='lat' dir='ltr'>habbiamo</span> <span class='ocrx_word' id='word_1_129' title='bbox 947 2563 1049 2645; x_wconf 84' lang='lat' dir='ltr'>quasi</span> <span class='ocrx_word' id='word_1_130' title='bbox 1067 2584 1133 2645; x_wconf 90' lang='lat' dir='ltr'>per</span> <span class='ocrx_word' id='word_1_131' title='bbox 1148 2575 1246 2626; x_wconf 87' lang='lat' dir='ltr'>certo</span> <span class='ocrx_word' id='word_1_132' title='bbox 1261 2567 1327 2627; x_wconf 90' lang='lat' dir='ltr'>che</span> <span class='ocrx_word' id='word_1_133' title='bbox 1344 2576 1514 2646; x_wconf 82' lang='lat' dir='ltr'>questore</span> <span class='ocrx_word' id='word_1_134' title='bbox 1538 2585 1599 2646; x_wconf 89' lang='lat' dir='ltr'>per</span> 
     </span>
     <span class='ocr_line' id='line_1_17' title="bbox 321 2670 1598 2751; baseline 0 -19"><span class='ocrx_word' id='word_1_135' title='bbox 321 2673 466 2734; x_wconf 83' lang='lat' dir='ltr'>haverci</span> <span class='ocrx_word' id='word_1_136' title='bbox 482 2691 652 2734; x_wconf 86' lang='lat' dir='ltr'>concesso</span> <span class='ocrx_word' id='word_1_137' title='bbox 670 2670 757 2733; x_wconf 87' lang='lat' dir='ltr'>detti</span> <span class='ocrx_word' id='word_1_138' title='bbox 773 2670 941 2751; x_wconf 85' lang='lat' dir='ltr'>mandati,</span> <span class='ocrx_word' id='word_1_139' title='bbox 965 2681 1167 2734; x_wconf 88' lang='lat' dir='ltr'>monstreno</span> <span class='ocrx_word' id='word_1_140' title='bbox 1186 2673 1230 2733; x_wconf 91' lang='lat' dir='ltr'>de</span> <span class='ocrx_word' id='word_1_141' title='bbox 1254 2672 1400 2734; x_wconf 88' lang='lat' dir='ltr'>haverci</span> <span class='ocrx_word' id='word_1_142' title='bbox 1424 2671 1598 2735; x_wconf 82' lang='lat' dir='ltr'>satisfatto</span> 
     </span>
     <span class='ocr_line' id='line_1_18' title="bbox 323 2777 1601 2861; baseline -0.001 -21"><span class='ocrx_word' id='word_1_143' title='bbox 323 2789 357 2840; x_wconf 90' lang='lat' dir='ltr'>et</span> <span class='ocrx_word' id='word_1_144' title='bbox 381 2779 449 2859; x_wconf 80' lang='lat' dir='ltr'>&#39;poi</span> <span class='ocrx_word' id='word_1_145' title='bbox 474 2799 543 2840; x_wconf 92' lang='lat' dir='ltr'>non</span> <span class='ocrx_word' id='word_1_146' title='bbox 571 2777 701 2840; x_wconf 85' lang='lat' dir='ltr'>lassino</span> <span class='ocrx_word' id='word_1_147' title='bbox 727 2778 879 2861; x_wconf 80' lang='lat' dir='ltr'>expedit</span> <span class='ocrx_word' id='word_1_148' title='bbox 901 2777 923 2840; x_wconf 92' lang='lat' dir='ltr'>l&#39;</span> <span class='ocrx_word' id='word_1_149' title='bbox 939 2780 1102 2840; x_wconf 84' lang='lat' dir='ltr'>alemano</span> <span class='ocrx_word' id='word_1_150' title='bbox 1131 2788 1166 2840; x_wconf 88' lang='lat' dir='ltr'>et</span> <span class='ocrx_word' id='word_1_151' title='bbox 1189 2779 1339 2840; x_wconf 89' lang='lat' dir='ltr'>mandar</span> <span class='ocrx_word' id='word_1_152' title='bbox 1362 2780 1432 2841; x_wconf 82' lang='lat' dir='ltr'>alle</span> <span class='ocrx_word' id='word_1_153' title='bbox 1456 2778 1544 2841; x_wconf 72' lang='lat' dir='ltr'>citta</span> <span class='ocrx_word' id='word_1_154' title='bbox 1566 2787 1601 2840; x_wconf 87' lang='lat' dir='ltr'>et</span> 
     </span>
     <span class='ocr_line' id='line_1_19' title="bbox 321 2885 1599 2968; baseline 0.001 -20"><span class='ocrx_word' id='word_1_155' title='bbox 321 2885 415 2949; x_wconf 89' lang='lat' dir='ltr'>lochi</span> <span class='ocrx_word' id='word_1_156' title='bbox 440 2888 484 2948; x_wconf 93' lang='lat' dir='ltr'>de</span> <span class='ocrx_word' id='word_1_157' title='bbox 500 2885 694 2948; x_wconf 85' lang='lat' dir='ltr'>Germania</span> <span class='ocrx_word' id='word_1_158' title='bbox 718 2887 837 2949; x_wconf 91' lang='lat' dir='ltr'>donde</span> <span class='ocrx_word' id='word_1_159' title='bbox 863 2886 881 2948; x_wconf 81' lang='grc' dir='ltr'>ὲ</span> <span class='ocrx_word' id='word_1_160' title='bbox 905 2885 1066 2948; x_wconf 88' lang='lat' dir='ltr'>nasciuto</span> <span class='ocrx_word' id='word_1_161' title='bbox 1090 2885 1115 2947; x_wconf 92' lang='lat' dir='ltr'>il</span> <span class='ocrx_word' id='word_1_162' title='bbox 1132 2887 1223 2948; x_wconf 90' lang='lat' dir='ltr'>male</span> <span class='ocrx_word' id='word_1_163' title='bbox 1240 2896 1276 2947; x_wconf 89' lang='lat' dir='ltr'>et</span> <span class='ocrx_word' id='word_1_164' title='bbox 1293 2886 1386 2948; x_wconf 90' lang='lat' dir='ltr'>dove</span> <span class='ocrx_word' id='word_1_165' title='bbox 1403 2885 1423 2949; x_wconf 79' lang='grc' dir='ltr'>ὲ</span> <span class='ocrx_word' id='word_1_166' title='bbox 1439 2889 1599 2968; x_wconf 85' lang='lat' dir='ltr'>besogno</span> 
     </span>
     <span class='ocr_line' id='line_1_20' title="bbox 321 2992 1601 3076; baseline 0 -23"><span class='ocrx_word' id='word_1_167' title='bbox 321 2993 385 3054; x_wconf 88' lang='lat' dir='ltr'>dar</span> <span class='ocrx_word' id='word_1_168' title='bbox 409 2992 580 3055; x_wconf 82' lang='lat' dir='ltr'>remedio</span> <span class='ocrx_word' id='word_1_169' title='bbox 631 2993 675 3054; x_wconf 90' lang='lat' dir='ltr'>Et</span> <span class='ocrx_word' id='word_1_170' title='bbox 698 2992 734 3054; x_wconf 91' lang='lat' dir='ltr'>in</span> <span class='ocrx_word' id='word_1_171' title='bbox 758 2995 807 3056; x_wconf 81' lang='lat' dir='ltr'>tal</span> <span class='ocrx_word' id='word_1_172' title='bbox 824 3013 907 3055; x_wconf 86' lang='lat' dir='ltr'>caso</span> <span class='ocrx_word' id='word_1_173' title='bbox 925 2992 949 3054; x_wconf 93' lang='lat' dir='ltr'>li</span> <span class='ocrx_word' id='word_1_174' title='bbox 963 2993 1139 3055; x_wconf 81' lang='lat' dir='ltr'>lutherani</span> <span class='ocrx_word' id='word_1_175' title='bbox 1156 2992 1403 3074; x_wconf 88' lang='lat' dir='ltr'>piliarebbeno</span> <span class='ocrx_word' id='word_1_176' title='bbox 1420 2992 1481 3076; x_wconf 78' lang='lat' dir='ltr'>piu</span> <span class='ocrx_word' id='word_1_177' title='bbox 1495 2993 1601 3074; x_wconf 81' lang='lat' dir='ltr'>piade</span> 
     </span>
     <span class='ocr_line' id='line_1_21' title="bbox 322 3096 1601 3182; baseline 0.001 -22"><span class='ocrx_word' id='word_1_178' title='bbox 322 3101 387 3160; x_wconf 91' lang='lat' dir='ltr'>che</span> <span class='ocrx_word' id='word_1_179' title='bbox 413 3096 441 3161; x_wconf 93' lang='lat' dir='ltr'>si</span> <span class='ocrx_word' id='word_1_180' title='bbox 467 3100 549 3162; x_wconf 89' lang='lat' dir='ltr'>null&#39;</span> <span class='ocrx_word' id='word_1_181' title='bbox 575 3102 665 3161; x_wconf 87' lang='lat' dir='ltr'>altro</span> <span class='ocrx_word' id='word_1_182' title='bbox 689 3100 785 3163; x_wconf 84' lang='lat' dir='ltr'>fusse</span> <span class='ocrx_word' id='word_1_183' title='bbox 810 3100 981 3182; x_wconf 85' lang='lat' dir='ltr'>expedito</span> <span class='ocrx_word' id='word_1_184' title='bbox 990 3148 999 3178; x_wconf 89' lang='lat'><em>‚</em></span> <span class='ocrx_word' id='word_1_185' title='bbox 1030 3101 1142 3182; x_wconf 76' lang='lat' dir='ltr'>perho</span> <span class='ocrx_word' id='word_1_186' title='bbox 1166 3098 1257 3162; x_wconf 81' lang='lat' dir='ltr'>sisa</span> <span class='ocrx_word' id='word_1_187' title='bbox 1280 3120 1345 3181; x_wconf 89' lang='lat' dir='ltr'>per</span> <span class='ocrx_word' id='word_1_188' title='bbox 1368 3100 1428 3163; x_wconf 90' lang='lat' dir='ltr'>noi</span> <span class='ocrx_word' id='word_1_189' title='bbox 1453 3109 1546 3162; x_wconf 89' lang='lat' dir='ltr'>tutta</span> <span class='ocrx_word' id='word_1_190' title='bbox 1569 3103 1601 3161; x_wconf 91' lang='lat' dir='ltr'>la</span> 
     </span>
     <span class='ocr_line' id='line_1_22' title="bbox 322 3206 1602 3288; baseline 0.002 -21"><span class='ocrx_word' id='word_1_191' title='bbox 322 3206 489 3268; x_wconf 89' lang='lat' dir='ltr'>instantia</span> <span class='ocrx_word' id='word_1_192' title='bbox 514 3208 579 3269; x_wconf 89' lang='lat' dir='ltr'>che</span> <span class='ocrx_word' id='word_1_193' title='bbox 605 3207 664 3269; x_wconf 92' lang='lat' dir='ltr'>noi</span> <span class='ocrx_word' id='word_1_194' title='bbox 688 3206 853 3270; x_wconf 90' lang='lat' dir='ltr'>habiamo</span> <span class='ocrx_word' id='word_1_195' title='bbox 870 3208 919 3269; x_wconf 89' lang='lat' dir='ltr'>tal</span> <span class='ocrx_word' id='word_1_196' title='bbox 937 3206 1168 3288; x_wconf 83' lang='lat' dir='ltr'>expeditione</span> <span class='ocrx_word' id='word_1_197' title='bbox 1184 3206 1219 3270; x_wconf 90' lang='lat' dir='ltr'>in</span> <span class='ocrx_word' id='word_1_198' title='bbox 1237 3207 1343 3287; x_wconf 85' lang='lat' dir='ltr'>dieta,</span> <span class='ocrx_word' id='word_1_199' title='bbox 1367 3206 1391 3269; x_wconf 92' lang='lat' dir='ltr'>il</span> <span class='ocrx_word' id='word_1_200' title='bbox 1409 3209 1476 3271; x_wconf 90' lang='lat' dir='ltr'>che</span> <span class='ocrx_word' id='word_1_201' title='bbox 1492 3208 1602 3271; x_wconf 87' lang='lat' dir='ltr'>Cesar</span> 
     </span>
     <span class='ocr_line' id='line_1_23' title="bbox 322 3313 1602 3395; baseline -0.001 -19"><span class='ocrx_word' id='word_1_202' title='bbox 322 3332 383 3376; x_wconf 92' lang='lat' dir='ltr'>ore</span> <span class='ocrx_word' id='word_1_203' title='bbox 409 3334 471 3375; x_wconf 92' lang='lat' dir='ltr'>suo</span> <span class='ocrx_word' id='word_1_204' title='bbox 497 3314 600 3376; x_wconf 90' lang='lat' dir='ltr'>nobis</span> <span class='ocrx_word' id='word_1_205' title='bbox 625 3316 799 3377; x_wconf 91' lang='lat' dir='ltr'>ambobus</span> <span class='ocrx_word' id='word_1_206' title='bbox 823 3314 936 3392; x_wconf 85' lang='lat' dir='ltr'>simul,</span> <span class='ocrx_word' id='word_1_207' title='bbox 962 3324 997 3376; x_wconf 89' lang='lat' dir='ltr'>et</span> <span class='ocrx_word' id='word_1_208' title='bbox 1020 3324 1147 3395; x_wconf 89' lang='lat' dir='ltr'>postea</span> <span class='ocrx_word' id='word_1_209' title='bbox 1168 3313 1251 3375; x_wconf 93' lang='lat' dir='ltr'>mihi</span> <span class='ocrx_word' id='word_1_210' title='bbox 1274 3314 1331 3376; x_wconf 91' lang='lat' dir='ltr'>bis</span> <span class='ocrx_word' id='word_1_211' title='bbox 1348 3314 1507 3395; x_wconf 88' lang='lat' dir='ltr'>seorsim,</span> <span class='ocrx_word' id='word_1_212' title='bbox 1532 3324 1568 3377; x_wconf 91' lang='lat' dir='ltr'>et</span> <span class='ocrx_word' id='word_1_213' title='bbox 1582 3334 1602 3375; x_wconf 90' lang='lat' dir='ltr'>a</span> 
     </span>
     <span class='ocr_line' id='line_1_24' title="bbox 323 3420 1602 3502; baseline 0.001 -20"><span class='ocrx_word' id='word_1_214' title='bbox 323 3420 420 3483; x_wconf 87' lang='lat' dir='ltr'>molti</span> <span class='ocrx_word' id='word_1_215' title='bbox 445 3421 525 3483; x_wconf 91' lang='lat' dir='ltr'>altri</span> <span class='ocrx_word' id='word_1_216' title='bbox 550 3422 596 3482; x_wconf 90' lang='lat' dir='ltr'>ha</span> <span class='ocrx_word' id='word_1_217' title='bbox 620 3441 803 3502; x_wconf 87' lang='lat' dir='ltr'>promesso</span> <span class='ocrx_word' id='word_1_218' title='bbox 834 3420 879 3483; x_wconf 92' lang='lat' dir='ltr'>de</span> <span class='ocrx_word' id='word_1_219' title='bbox 903 3420 968 3483; x_wconf 87' lang='lat' dir='ltr'>far.</span> <span class='ocrx_word' id='word_1_220' title='bbox 1015 3421 1068 3482; x_wconf 91' lang='lat' dir='ltr'>La</span> <span class='ocrx_word' id='word_1_221' title='bbox 1098 3440 1206 3483; x_wconf 91' lang='lat' dir='ltr'>causa</span> <span class='ocrx_word' id='word_1_222' title='bbox 1231 3422 1275 3483; x_wconf 90' lang='lat' dir='ltr'>de</span> <span class='ocrx_word' id='word_1_223' title='bbox 1300 3423 1334 3483; x_wconf 89' lang='lat' dir='ltr'>la</span> <span class='ocrx_word' id='word_1_224' title='bbox 1358 3433 1528 3502; x_wconf 88' lang='lat' dir='ltr'>presente</span> <span class='ocrx_word' id='word_1_225' title='bbox 1552 3443 1602 3484; x_wconf 88' lang='lat' dir='ltr'>re·</span> 
     </span>
     <span class='ocr_line' id='line_1_25' title="bbox 321 3527 1602 3609; baseline 0.002 -20"><span class='ocrx_word' id='word_1_226' title='bbox 321 3527 520 3591; x_wconf 88' lang='lat' dir='ltr'>tardatione</span> <span class='ocrx_word' id='word_1_227' title='bbox 545 3529 578 3589; x_wconf 89' lang='lat' dir='ltr'>el</span> <span class='ocrx_word' id='word_1_228' title='bbox 603 3527 814 3590; x_wconf 84' lang='lat' dir='ltr'>cancelliere</span> <span class='ocrx_word' id='word_1_229' title='bbox 843 3527 924 3589; x_wconf 91' lang='lat' dir='ltr'>dice</span> <span class='ocrx_word' id='word_1_230' title='bbox 948 3529 1014 3589; x_wconf 90' lang='lat' dir='ltr'>che</span> <span class='ocrx_word' id='word_1_231' title='bbox 1038 3528 1195 3608; x_wconf 89' lang='lat' dir='ltr'>procede</span> <span class='ocrx_word' id='word_1_232' title='bbox 1219 3527 1351 3609; x_wconf 76' lang='lat' dir='ltr'>perche</span> <span class='ocrx_word' id='word_1_233' title='bbox 1376 3549 1441 3591; x_wconf 91' lang='lat' dir='ltr'>sua</span> <span class='ocrx_word' id='word_1_234' title='bbox 1463 3528 1602 3593; x_wconf 76' lang='lat' dir='ltr'>Maesti</span> 
     </span>
     <span class='ocr_line' id='line_1_26' title="bbox 323 3634 1603 3717; baseline 0.002 -22"><span class='ocrx_word' id='word_1_235' title='bbox 323 3644 431 3697; x_wconf 87' lang='lat' dir='ltr'>tratta</span> <span class='ocrx_word' id='word_1_236' title='bbox 455 3636 582 3699; x_wconf 85' lang='lat' dir='ltr'>alcune</span> <span class='ocrx_word' id='word_1_237' title='bbox 606 3656 668 3697; x_wconf 90' lang='lat' dir='ltr'>sue</span> <span class='ocrx_word' id='word_1_238' title='bbox 693 3655 776 3697; x_wconf 87' lang='lat' dir='ltr'>cose</span> <span class='ocrx_word' id='word_1_239' title='bbox 801 3655 880 3697; x_wconf 89' lang='lat' dir='ltr'>cum</span> <span class='ocrx_word' id='word_1_240' title='bbox 903 3635 926 3697; x_wconf 93' lang='lat' dir='ltr'>li</span> <span class='ocrx_word' id='word_1_241' title='bbox 951 3634 1115 3717; x_wconf 89' lang='lat' dir='ltr'>principi,</span> <span class='ocrx_word' id='word_1_242' title='bbox 1140 3636 1173 3697; x_wconf 88' lang='lat' dir='ltr'>le</span> <span class='ocrx_word' id='word_1_243' title='bbox 1197 3637 1302 3716; x_wconf 88' lang='lat' dir='ltr'>quale</span> <span class='ocrx_word' id='word_1_244' title='bbox 1325 3634 1397 3698; x_wconf 88' lang='lat' dir='ltr'>fino</span> <span class='ocrx_word' id='word_1_245' title='bbox 1422 3638 1489 3699; x_wconf 90' lang='lat' dir='ltr'>che</span> <span class='ocrx_word' id='word_1_246' title='bbox 1514 3637 1603 3700; x_wconf 90' lang='lat' dir='ltr'>siino</span> 
     </span>
     <span class='ocr_line' id='line_1_27' title="bbox 323 3740 1604 3824; baseline 0.002 -21"><span class='ocrx_word' id='word_1_247' title='bbox 323 3740 491 3823; x_wconf 89' lang='lat' dir='ltr'>expedite</span> <span class='ocrx_word' id='word_1_248' title='bbox 517 3743 640 3804; x_wconf 89' lang='lat' dir='ltr'>dubita</span> <span class='ocrx_word' id='word_1_249' title='bbox 664 3761 846 3824; x_wconf 86' lang='lat' dir='ltr'>proponer</span> <span class='ocrx_word' id='word_1_250' title='bbox 870 3751 996 3823; x_wconf 85' lang='lat' dir='ltr'>questa</span> <span class='ocrx_word' id='word_1_251' title='bbox 1020 3762 1104 3804; x_wconf 86' lang='lat' dir='ltr'>cosa</span> <span class='ocrx_word' id='word_1_252' title='bbox 1128 3752 1259 3824; x_wconf 89' lang='lat' dir='ltr'>nostra,</span> <span class='ocrx_word' id='word_1_253' title='bbox 1284 3743 1353 3805; x_wconf 85' lang='lat' dir='ltr'>alla</span> <span class='ocrx_word' id='word_1_254' title='bbox 1379 3747 1463 3824; x_wconf 81' lang='lat' dir='ltr'>qual</span> <span class='ocrx_word' id='word_1_255' title='bbox 1489 3764 1560 3806; x_wconf 92' lang='lat' dir='ltr'>non</span> <span class='ocrx_word' id='word_1_256' title='bbox 1585 3742 1604 3805; x_wconf 78' lang='grc' dir='ltr'>ὸ</span> 
     </span>
     <span class='ocr_line' id='line_1_28' title="bbox 324 3848 1606 3913; baseline 0.002 -3"><span class='ocrx_word' id='word_1_257' title='bbox 324 3849 432 3911; x_wconf 91' lang='lat' dir='ltr'>dubio</span> <span class='ocrx_word' id='word_1_258' title='bbox 458 3850 523 3911; x_wconf 89' lang='lat' dir='ltr'>che</span> <span class='ocrx_word' id='word_1_259' title='bbox 547 3849 646 3911; x_wconf 88' lang='lat' dir='ltr'>molti</span> <span class='ocrx_word' id='word_1_260' title='bbox 670 3870 758 3912; x_wconf 90' lang='lat' dir='ltr'>sono</span> <span class='ocrx_word' id='word_1_261' title='bbox 783 3848 951 3911; x_wconf 81' lang='lat' dir='ltr'>contrarii</span> <span class='ocrx_word' id='word_1_262' title='bbox 975 3857 1011 3911; x_wconf 88' lang='lat' dir='ltr'>et</span> <span class='ocrx_word' id='word_1_263' title='bbox 1035 3852 1126 3911; x_wconf 82' lang='lat' dir='ltr'>cossi</span> <span class='ocrx_word' id='word_1_264' title='bbox 1142 3848 1383 3912; x_wconf 86' lang='lat' dir='ltr'>intricarebbe</span> <span class='ocrx_word' id='word_1_265' title='bbox 1401 3860 1437 3912; x_wconf 91' lang='lat' dir='ltr'>et</span> <span class='ocrx_word' id='word_1_266' title='bbox 1459 3852 1548 3913; x_wconf 88' lang='lat' dir='ltr'>luna</span> <span class='ocrx_word' id='word_1_267' title='bbox 1571 3860 1606 3913; x_wconf 89' lang='lat' dir='ltr'>et</span> 
     </span>
     <span class='ocr_line' id='line_1_29' title="bbox 323 3956 1605 4037; baseline 0.001 -20"><span class='ocrx_word' id='word_1_268' title='bbox 323 3957 436 4019; x_wconf 86' lang='lat' dir='ltr'>laltra.</span> <span class='ocrx_word' id='word_1_269' title='bbox 484 3956 523 4017; x_wconf 93' lang='lat' dir='ltr'>Io</span> <span class='ocrx_word' id='word_1_270' title='bbox 557 3958 626 4017; x_wconf 91' lang='lat' dir='ltr'>ben</span> <span class='ocrx_word' id='word_1_271' title='bbox 663 3957 756 4018; x_wconf 91' lang='lat' dir='ltr'>vedo</span> <span class='ocrx_word' id='word_1_272' title='bbox 790 3958 855 4019; x_wconf 91' lang='lat' dir='ltr'>che</span> <span class='ocrx_word' id='word_1_273' title='bbox 887 3958 995 4018; x_wconf 87' lang='lat' dir='ltr'>molto</span> <span class='ocrx_word' id='word_1_274' title='bbox 1019 3956 1090 4018; x_wconf 88' lang='lat' dir='ltr'>mal</span> <span class='ocrx_word' id='word_1_275' title='bbox 1113 3956 1148 4018; x_wconf 90' lang='lat' dir='ltr'>in</span> <span class='ocrx_word' id='word_1_276' title='bbox 1172 3964 1284 4037; x_wconf 91' lang='lat' dir='ltr'>punto</span> <span class='ocrx_word' id='word_1_277' title='bbox 1308 3959 1342 4020; x_wconf 89' lang='lat' dir='ltr'>al</span> <span class='ocrx_word' id='word_1_278' title='bbox 1365 3956 1456 4020; x_wconf 87' lang='lat' dir='ltr'>fatto</span> <span class='ocrx_word' id='word_1_279' title='bbox 1483 3969 1605 4021; x_wconf 86' lang='lat' dir='ltr'>nostro</span> 
     </span>
     <span class='ocr_line' id='line_1_30' title="bbox 325 4062 1605 4144; baseline 0.001 -19"><span class='ocrx_word' id='word_1_280' title='bbox 325 4072 448 4125; x_wconf 91' lang='lat' dir='ltr'>contro</span> <span class='ocrx_word' id='word_1_281' title='bbox 474 4062 608 4125; x_wconf 87' lang='lat' dir='ltr'>Luther</span> <span class='ocrx_word' id='word_1_282' title='bbox 631 4083 696 4125; x_wconf 90' lang='lat' dir='ltr'>son</span> <span class='ocrx_word' id='word_1_283' title='bbox 720 4062 842 4129; x_wconf 91' lang='lat' dir='ltr'>venuti</span> <span class='ocrx_word' id='word_1_284' title='bbox 866 4062 981 4144; x_wconf 89' lang='lat' dir='ltr'>questi</span> <span class='ocrx_word' id='word_1_285' title='bbox 999 4062 1082 4125; x_wconf 88' lang='lat' dir='ltr'>novi</span> <span class='ocrx_word' id='word_1_286' title='bbox 1105 4062 1191 4126; x_wconf 88' lang='lat' dir='ltr'>moti</span> <span class='ocrx_word' id='word_1_287' title='bbox 1215 4063 1260 4125; x_wconf 90' lang='lat' dir='ltr'>de</span> <span class='ocrx_word' id='word_1_288' title='bbox 1277 4063 1414 4126; x_wconf 87' lang='lat' dir='ltr'>Franza</span> <span class='ocrx_word' id='word_1_289' title='bbox 1439 4074 1475 4126; x_wconf 92' lang='lat' dir='ltr'>et</span> <span class='ocrx_word' id='word_1_290' title='bbox 1500 4084 1605 4128; x_wconf 87' lang='lat' dir='ltr'>verso</span> 
     </span>
     <span class='ocr_line' id='line_1_31' title="bbox 324 4169 1606 4251; baseline 0.002 -19"><span class='ocrx_word' id='word_1_291' title='bbox 324 4170 485 4232; x_wconf 89' lang='lat' dir='ltr'>Navarra</span> <span class='ocrx_word' id='word_1_292' title='bbox 517 4180 552 4233; x_wconf 90' lang='lat' dir='ltr'>et</span> <span class='ocrx_word' id='word_1_293' title='bbox 576 4170 636 4251; x_wconf 91' lang='lat' dir='ltr'>qui</span> <span class='ocrx_word' id='word_1_294' title='bbox 667 4170 728 4233; x_wconf 87' lang='lat' dir='ltr'>alli</span> <span class='ocrx_word' id='word_1_295' title='bbox 750 4171 845 4233; x_wconf 87' lang='lat' dir='ltr'>lochi</span> <span class='ocrx_word' id='word_1_296' title='bbox 868 4170 905 4231; x_wconf 91' lang='lat' dir='ltr'>di</span> <span class='ocrx_word' id='word_1_297' title='bbox 929 4171 1110 4250; x_wconf 85' lang='lat' dir='ltr'>Roberto‚</span> <span class='ocrx_word' id='word_1_298' title='bbox 1135 4169 1267 4251; x_wconf 77' lang='lat' dir='ltr'>perche</span> <span class='ocrx_word' id='word_1_299' title='bbox 1292 4181 1460 4251; x_wconf 88' lang='lat' dir='ltr'>questoro</span> <span class='ocrx_word' id='word_1_300' title='bbox 1485 4174 1606 4235; x_wconf 87' lang='lat' dir='ltr'>hanno</span> 
     </span>
     <span class='ocr_line' id='line_1_32' title="bbox 324 4276 1607 4361; baseline 0.002 -21"><span class='ocrx_word' id='word_1_301' title='bbox 324 4287 484 4358; x_wconf 87' lang='lat' dir='ltr'>sospetto</span> <span class='ocrx_word' id='word_1_302' title='bbox 508 4284 600 4339; x_wconf 88' lang='lat' dir='ltr'>tutto</span> <span class='ocrx_word' id='word_1_303' title='bbox 624 4277 648 4340; x_wconf 92' lang='lat' dir='ltr'>il</span> <span class='ocrx_word' id='word_1_304' title='bbox 674 4278 814 4359; x_wconf 90' lang='lat' dir='ltr'>mond0,</span> <span class='ocrx_word' id='word_1_305' title='bbox 840 4288 876 4340; x_wconf 89' lang='lat' dir='ltr'>et</span> <span class='ocrx_word' id='word_1_306' title='bbox 900 4288 1068 4358; x_wconf 88' lang='lat' dir='ltr'>quantum</span> <span class='ocrx_word' id='word_1_307' title='bbox 1093 4299 1139 4341; x_wconf 86' lang='lat' dir='ltr'>ex</span> <span class='ocrx_word' id='word_1_308' title='bbox 1163 4276 1282 4340; x_wconf 88' lang='lat' dir='ltr'>multis</span> <span class='ocrx_word' id='word_1_309' title='bbox 1314 4298 1437 4340; x_wconf 90' lang='lat' dir='ltr'>eorum</span> <span class='ocrx_word' id='word_1_310' title='bbox 1461 4280 1607 4361; x_wconf 82' lang='lat' dir='ltr'>colligo,</span> 
     </span>
     <span class='ocr_line' id='line_1_33' title="bbox 324 4382 1607 4464; baseline 0.002 -19"><span class='ocrx_word' id='word_1_311' title='bbox 324 4382 359 4445; x_wconf 90' lang='lat' dir='ltr'>in</span> <span class='ocrx_word' id='word_1_312' title='bbox 385 4383 506 4464; x_wconf 88' lang='lat' dir='ltr'>primis</span> <span class='ocrx_word' id='word_1_313' title='bbox 531 4386 562 4447; x_wconf 89' lang='lat' dir='ltr'>el</span> <span class='ocrx_word' id='word_1_314' title='bbox 588 4396 693 4447; x_wconf 61' lang='lat' dir='ltr'>serm.</span> <span class='ocrx_word' id='word_1_315' title='bbox 741 4385 780 4447; x_wconf 94' lang='lat' dir='ltr'>Io</span> <span class='ocrx_word' id='word_1_316' title='bbox 804 4388 875 4447; x_wconf 92' lang='lat' dir='ltr'>ben</span> <span class='ocrx_word' id='word_1_317' title='bbox 900 4386 925 4447; x_wconf 91' lang='lat' dir='ltr'>li</span> <span class='ocrx_word' id='word_1_318' title='bbox 949 4385 1029 4448; x_wconf 89' lang='lat' dir='ltr'>dico</span> <span class='ocrx_word' id='word_1_319' title='bbox 1046 4405 1142 4448; x_wconf 88' lang='lat' dir='ltr'>esser</span> <span class='ocrx_word' id='word_1_320' title='bbox 1157 4384 1349 4447; x_wconf 87' lang='lat' dir='ltr'>falsissima</span> <span class='ocrx_word' id='word_1_321' title='bbox 1371 4385 1406 4447; x_wconf 90' lang='lat' dir='ltr'>la</span> <span class='ocrx_word' id='word_1_322' title='bbox 1430 4386 1510 4450; x_wconf 89' lang='lat' dir='ltr'>loro</span> <span class='ocrx_word' id='word_1_323' title='bbox 1535 4407 1607 4448; x_wconf 89' lang='lat' dir='ltr'>sus·</span> 
     </span>
     <span class='ocr_line' id='line_1_34' title="bbox 325 4490 1608 4573; baseline 0.002 -20"><span class='ocrx_word' id='word_1_324' title='bbox 325 4490 459 4573; x_wconf 91' lang='lat' dir='ltr'>pitione</span> <span class='ocrx_word' id='word_1_325' title='bbox 480 4502 515 4553; x_wconf 87' lang='lat' dir='ltr'>et</span> <span class='ocrx_word' id='word_1_326' title='bbox 539 4494 605 4554; x_wconf 88' lang='lat' dir='ltr'>che</span> <span class='ocrx_word' id='word_1_327' title='bbox 629 4513 693 4555; x_wconf 83' lang='lat' dir='ltr'>sua</span> <span class='ocrx_word' id='word_1_328' title='bbox 717 4490 769 4553; x_wconf 58' lang='lat' dir='ltr'>Si*</span> <span class='ocrx_word' id='word_1_329' title='bbox 794 4512 865 4555; x_wconf 91' lang='lat' dir='ltr'>non</span> <span class='ocrx_word' id='word_1_330' title='bbox 888 4491 908 4554; x_wconf 77' lang='lat' dir='ltr'>e</span> <span class='ocrx_word' id='word_1_331' title='bbox 933 4512 998 4573; x_wconf 89' lang='lat' dir='ltr'>per</span> <span class='ocrx_word' id='word_1_332' title='bbox 1022 4512 1104 4553; x_wconf 90' lang='lat' dir='ltr'>usar</span> <span class='ocrx_word' id='word_1_333' title='bbox 1127 4513 1166 4555; x_wconf 91' lang='lat' dir='ltr'>se</span> <span class='ocrx_word' id='word_1_334' title='bbox 1189 4511 1260 4555; x_wconf 90' lang='lat' dir='ltr'>non</span> <span class='ocrx_word' id='word_1_335' title='bbox 1284 4492 1307 4555; x_wconf 93' lang='lat' dir='ltr'>l&#39;</span> <span class='ocrx_word' id='word_1_336' title='bbox 1318 4490 1439 4556; x_wconf 82' lang='lat' dir='ltr'>officio</span> <span class='ocrx_word' id='word_1_337' title='bbox 1464 4496 1510 4556; x_wconf 91' lang='lat' dir='ltr'>de</span> <span class='ocrx_word' id='word_1_338' title='bbox 1534 4496 1608 4556; x_wconf 93' lang='lat' dir='ltr'>bon</span> 
     </span>
     <span class='ocr_line' id='line_1_35' title="bbox 325 4598 1609 4681; baseline 0.002 -21"><span class='ocrx_word' id='word_1_339' title='bbox 325 4609 444 4681; x_wconf 89' lang='lat' dir='ltr'>patre,</span> <span class='ocrx_word' id='word_1_340' title='bbox 478 4600 611 4681; x_wconf 75' lang='lat' dir='ltr'>purche</span> <span class='ocrx_word' id='word_1_341' title='bbox 644 4602 720 4661; x_wconf 89' lang='lat' dir='ltr'>loro</span> <span class='ocrx_word' id='word_1_342' title='bbox 744 4598 884 4661; x_wconf 81' lang='lat' dir='ltr'>saccino</span> <span class='ocrx_word' id='word_1_343' title='bbox 908 4599 942 4660; x_wconf 91' lang='lat' dir='ltr'>el</span> <span class='ocrx_word' id='word_1_344' title='bbox 965 4598 1087 4661; x_wconf 87' lang='lat' dir='ltr'>debito</span> <span class='ocrx_word' id='word_1_345' title='bbox 1111 4598 1147 4661; x_wconf 92' lang='lat' dir='ltr'>in</span> <span class='ocrx_word' id='word_1_346' title='bbox 1170 4600 1207 4661; x_wconf 89' lang='lat' dir='ltr'>la</span> <span class='ocrx_word' id='word_1_347' title='bbox 1229 4599 1378 4662; x_wconf 89' lang='lat' dir='ltr'>materia</span> <span class='ocrx_word' id='word_1_348' title='bbox 1402 4599 1447 4662; x_wconf 91' lang='lat' dir='ltr'>de</span> <span class='ocrx_word' id='word_1_349' title='bbox 1472 4601 1609 4664; x_wconf 88' lang='lat' dir='ltr'>Luther</span> 
     </span>
     <span class='ocr_line' id='line_1_36' title="bbox 326 4704 1609 4791; baseline 0.002 -24"><span class='ocrx_word' id='word_1_350' title='bbox 326 4707 361 4767; x_wconf 82' lang='lat' dir='ltr'>la</span> <span class='ocrx_word' id='word_1_351' title='bbox 384 4706 467 4786; x_wconf 89' lang='lat' dir='ltr'>qual</span> <span class='ocrx_word' id='word_1_352' title='bbox 491 4705 786 4789; x_wconf 87' lang='lat' dir='ltr'>principalmente</span> <span class='ocrx_word' id='word_1_353' title='bbox 811 4716 914 4767; x_wconf 87' lang='lat' dir='ltr'>tocca</span> <span class='ocrx_word' id='word_1_354' title='bbox 938 4707 972 4767; x_wconf 88' lang='lat' dir='ltr'>la</span> <span class='ocrx_word' id='word_1_355' title='bbox 995 4705 1089 4769; x_wconf 84' lang='lat' dir='ltr'>sede.</span> <span class='ocrx_word' id='word_1_356' title='bbox 1135 4706 1243 4768; x_wconf 88' lang='lat' dir='ltr'>Tutta</span> <span class='ocrx_word' id='word_1_357' title='bbox 1267 4708 1366 4769; x_wconf 86' lang='lat' dir='ltr'>volta</span> <span class='ocrx_word' id='word_1_358' title='bbox 1389 4706 1470 4790; x_wconf 75' lang='lat' dir='ltr'>(nisi</span> <span class='ocrx_word' id='word_1_359' title='bbox 1486 4704 1609 4791; x_wconf 80' lang='lat' dir='ltr'>fallor)</span> 
     </span>
     <span class='ocr_line' id='line_1_37' title="bbox 281 4812 1610 4893; baseline 0.001 -19"><span class='ocrx_word' id='word_1_360' title='bbox 281 4885 283 4889; x_wconf 11' lang='grc' dir='ltr'><em>Α</em></span> <span class='ocrx_word' id='word_1_361' title='bbox 326 4812 468 4893; x_wconf 90' lang='lat' dir='ltr'>suspico</span> <span class='ocrx_word' id='word_1_362' title='bbox 491 4812 601 4890; x_wconf 85' lang='lat' dir='ltr'>assai,</span> <span class='ocrx_word' id='word_1_363' title='bbox 632 4812 699 4874; x_wconf 91' lang='lat' dir='ltr'>che</span> <span class='ocrx_word' id='word_1_364' title='bbox 730 4813 779 4874; x_wconf 85' lang='lat' dir='ltr'>tal</span> <span class='ocrx_word' id='word_1_365' title='bbox 803 4814 880 4874; x_wconf 91' lang='lat' dir='ltr'>loro</span> <span class='ocrx_word' id='word_1_366' title='bbox 904 4812 1137 4893; x_wconf 88' lang='lat' dir='ltr'>impressione</span> <span class='ocrx_word' id='word_1_367' title='bbox 1161 4812 1320 4893; x_wconf 85' lang='lat' dir='ltr'>intrichi‚</span> <span class='ocrx_word' id='word_1_368' title='bbox 1353 4834 1375 4877; x_wconf 95' lang='lat' dir='ltr'>o</span> <span class='ocrx_word' id='word_1_369' title='bbox 1406 4814 1544 4877; x_wconf 74' lang='lat' dir='ltr'>tetardi</span> <span class='ocrx_word' id='word_1_370' title='bbox 1574 4817 1610 4875; x_wconf 82' lang='lat' dir='ltr'>la</span> 
     </span>
     <span class='ocr_line' id='line_1_38' title="bbox 326 4918 1609 5002; baseline 0.002 -21"><span class='ocrx_word' id='word_1_371' title='bbox 326 4920 533 5000; x_wconf 85' lang='lat' dir='ltr'>expedition</span> <span class='ocrx_word' id='word_1_372' title='bbox 575 4921 621 4980; x_wconf 88' lang='lat' dir='ltr'>da</span> <span class='ocrx_word' id='word_1_373' title='bbox 658 4918 717 4981; x_wconf 90' lang='lat' dir='ltr'>noi</span> <span class='ocrx_word' id='word_1_374' title='bbox 756 4918 949 5001; x_wconf 84' lang='lat' dir='ltr'>rechiesta‚</span> <span class='ocrx_word' id='word_1_375' title='bbox 988 4919 1012 4981; x_wconf 91' lang='lat' dir='ltr'>il</span> <span class='ocrx_word' id='word_1_376' title='bbox 1043 4922 1109 4982; x_wconf 90' lang='lat' dir='ltr'>che</span> <span class='ocrx_word' id='word_1_377' title='bbox 1140 4922 1253 5002; x_wconf 79' lang='lat' dir='ltr'>perho</span> <span class='ocrx_word' id='word_1_378' title='bbox 1282 4922 1360 4983; x_wconf 87' lang='lat' dir='ltr'>loro</span> <span class='ocrx_word' id='word_1_379' title='bbox 1392 4922 1503 4985; x_wconf 84' lang='lat' dir='ltr'>fanno</span> <span class='ocrx_word' id='word_1_380' title='bbox 1527 4942 1609 4983; x_wconf 90' lang='lat' dir='ltr'>cum</span> 
     </span>
    </p>
   </div>
   <div class='ocr_carea' id='block_1_5' title="bbox 0 0 1737 5700">
    <p class='ocr_par' dir='ltr' id='par_1_5' title="bbox 0 0 1737 5700">
     <span class='ocr_line' id='line_1_39' title="bbox 0 0 1737 5700; baseline 0 0"><span class='ocrx_word' id='word_1_381' title='bbox 0 0 1737 5700; x_wconf 95' lang='lat' dir='ltr'> </span> 
     </span>
    </p>
   </div>
  </div>
 </body>
</html>
