3425 5700
757 901 830 967 158.

186 1016 400 1117 Exemplum
429 1015 587 1117 capituli
614 1017 822 1098 litterarum
849 1017 1011 1099 (lassaris
1039 1019 1085 1099 ad
1112 1019 1244 1099 Ducem
1272 1019 1395 1101 Sessar

520 1145 556 1222 el
583 1143 674 1222 alios
702 1148 860 1223 oratores
886 1142 927 1222 in
956 1144 1058 1224 Urbe.

552 1290 672 1360 (mur.
690 1288 739 1347 n.
759 1289 820 1364 dap.
838 1289 900 1348 m
919 1290 953 1350 il.
971 1291 1025 1362 28.)

637 1411 723 1473 (Circa
743 1412 843 1460 Maium
867 1414 952 1473 1524.)

241 1552 384 1615 Ancora
401 1552 433 1615 ci
448 1554 495 1616 ha
514 1552 637 1616 scritto
652 1552 709 1617 un’
723 1554 814 1617 altro
832 1555 943 1616 breve
965 1573 1073 1636 supra
1089 1557 1122 1618 le
1138 1575 1221 1619 cose
1238 1556 1282 1619 de
1299 1556 1432 1619 Luther

147 1669 187 1721 ot
209 1661 245 1721 la
268 1660 496 1723 conclusione
520 1661 587 1723 che
610 1680 648 1723 se
673 1661 690 1723 ἐ
715 1669 822 1741 presa
845 1662 904 1724 nel
928 1659 1051 1724 ultima
1072 1661 1170 1724 dieta
1188 1661 1371 1745 imperiale
1394 1663 1431 1725 in

145 1764 389 1847 Nurimberga
411 1786 478 1829 con
505 1770 539 1830 la
562 1766 782 1830 intimatione
807 1767 843 1829 di
867 1787 985 1830 nuova
1009 1767 1105 1831 dieta
1129 1789 1151 1831 a
1175 1765 1281 1851 Spira
1306 1787 1371 1850 per
1398 1770 1432 1831 la

147 1874 407 1939 convocatione
432 1874 467 1936 di
491 1884 582 1937 tutta
606 1877 641 1939 la
664 1874 808 1938 natione
824 1872 1048 1956 Germanica,
1072 1895 1138 1959 per
1159 1876 1346 1939 attendere
1361 1876 1431 1939 alle

145 2000 232 2043 cose
257 1982 301 2045 de
326 1980 421 2044 dicto
445 1981 601 2045 Martino
625 1982 760 2045 Luther
777 1991 824 2058 ¹et
848 1979 938 2045 altre
963 1982 1022 2045 del
1046 1983 1163 2047 Turco
1188 1992 1224 2045 et
1248 1982 1343 2045 dello
1366 1983 1430 2045 lm-

144 2086 250 2169 perio
275 2088 403 2153 dirette
427 2110 448 2152 a
472 2088 545 2152 Sua
569 2086 719 2171 Santita,
745 2091 810 2153 che
835 2088 868 2152 ci
892 2088 913 2151 e
937 2089 1059 2152 doluta
1083 2089 1177 2153 assai
1202 2098 1327 2172 questa
1351 2110 1428 2153 con-

145 2194 337 2261 vocatione
369 2207 405 2259 et
429 2196 656 2261 conclusione
688 2217 753 2279 per
778 2199 843 2261 che
869 2195 1032 2261 vediamo
1064 2198 1129 2259 che
1158 2196 1194 2259 di
1217 2197 1336 2279 quella
1359 2217 1429 2260 non

144 2304 220 2383 pud
244 2302 365 2383 seguir
389 2323 427 2367 se
452 2324 521 2366 non
546 2302 723 2385 maggiori
746 2303 907 2367 scandali
931 2313 967 2366 et
992 2302 1121 2385 errori,
1157 2303 1217 2366 alli
1241 2302 1337 2385 quali
1361 2304 1430 2366 Dio

145 2428 189 2469 sa
212 2418 343 2489 quanto
369 2410 427 2472 noi
451 2430 651 2475 vorremmo
675 2432 742 2474 con
766 2421 856 2475 tutte
881 2413 915 2474 le
939 2420 1060 2474 nostre
1084 2408 1181 2472 forze
1206 2411 1370 2491 ovviare,
1395 2421 1430 2474 et

144 2534 214 2597 per
246 2526 371 2597 questo
406 2516 528 2581 effetto
561 2520 753 2584 habbiamo
787 2520 1001 2581 comandato
1036 2518 1101 2579 che
1136 2516 1172 2579 di
1200 2527 1367 2599 presente
1400 2518 1431 2579 si

144 2621 302 2685 scrivino
326 2625 453 2687 lettere
478 2628 511 2689 al
535 2625 775 2689 Illustrissimo
791 2626 933 2689 Infante
958 2634 1081 2688 nostro
1104 2623 1258 2704 fratello,
1282 2627 1316 2687 al
1332 2624 1430 2706 Reg-

144 2729 317 2811 gimento,
343 2732 403 2793 alli
428 2732 577 2796 Elettori
601 2732 758 2815 Principi
784 2744 819 2797 et
843 2730 936 2795 Stati
962 2733 1019 2794 del
1044 2731 1185 2812 Impero
1210 2730 1371 2814 generali
1395 2741 1431 2794 et

143 2836 363 2919 particulari,
388 2840 422 2903 la
446 2840 549 2923 copia
569 2841 662 2905 delle
681 2840 777 2923 quali
792 2861 945 2904 saranno
963 2862 1029 2904 con
1047 2843 1081 2904 la
1100 2850 1269 2923 presente
1286 2863 1307 2904 a
1322 2861 1430 2904 causa

144 2947 182 3006 le
212 2945 369 3026 possiate
393 2956 566 3010 mostrare
597 2968 618 3009 a
643 2945 716 3010 Sua
740 2946 896 3020 Santita;
934 2959 968 3010 et
1000 2947 1132 3030 perche
1164 2947 1280 3030 potria
1311 2969 1430 3011 essere

144 3051 214 3113 che
243 3052 339 3114 dette
364 3053 468 3115 lettre
492 3073 562 3116 non
586 3053 764 3118 facessino
788 3054 809 3117 l'
825 3053 949 3118 offerto
979 3057 1045 3118 che
1070 3054 1256 3118 converria
1280 3075 1352 3137 per.
1369 3055 1429 3118 im·

143 3159 272 3240 pedire
295 3163 330 3222 la
355 3161 453 3223 detta
477 3161 745 3242 convocatione,
771 3170 806 3224 et
830 3182 851 3224 a
874 3161 934 3226 noi
958 3181 1003 3224 ne
1027 3161 1145 3243 potria
1166 3162 1308 3242 seguire
1334 3182 1428 3244 mag-

143 3263 226 3346 gior
257 3266 480 3348 displicentia
510 3268 545 3330 in
576 3288 647 3332 non
672 3267 823 3331 obbedir
853 3270 922 3332 alle
947 3279 1067 3331 nostre
1092 3270 1197 3332 lettre
1228 3289 1328 3332 come
1359 3269 1428 3333 fec·

144 3371 251 3436 ciono
284 3374 378 3438 dello
403 3374 514 3437 editto
539 3383 639 3438 tanto
667 3376 935 3438 solennemente
966 3377 1193 3457 promulgato
1225 3376 1321 3438 nella
1345 3375 1428 3439 citra

145 3479 184 3541 di
209 3479 447 3561 Wuormatia,
483 3491 519 3545 et
548 3481 713 3545 vedendo
745 3484 811 3546 che
842 3492 969 3563 questo
1000 3483 1091 3545 male
1115 3501 1237 3544 cresce
1261 3491 1361 3545 tanto
1393 3492 1429 3545 et

142 3584 258 3668 piglia
281 3589 330 3650 tal
356 3589 480 3672 vigore
512 3591 577 3652 che
601 3609 672 3652 non
696 3588 726 3651 si
750 3589 867 3671 potrie
891 3588 1088 3670 extirparlo
1120 3609 1225 3652 senza
1249 3610 1319 3652 uno
1343 3590 1428 3653 delli

145 3693 208 3756 dui
232 3695 388 3776 remedii,
413 3716 434 3758 o
459 3716 525 3760 con
550 3699 585 3760 la
608 3696 789 3778 presentia
814 3705 936 3758 nostra
959 3716 1024 3778 per
1048 3694 1234 3778 gastigerli
1253 3695 1428 3777 rigorosa-

142 3811 274 3883 mente,
299 3804 334 3868 la
357 3805 440 3885 qual
464 3823 535 3866 non
559 3803 677 3884 potria
701 3823 819 3866 essere
844 3812 944 3866 tanto
960 3811 1095 3885 preste,
1119 3822 1141 3865 o
1162 3803 1227 3864 che
1244 3803 1272 3866 si
1289 3802 1428 3866 facesse

144 3929 217 3972 una
239 3910 497 3976 convocatione
522 3911 555 3973 d'
570 3929 616 3973 un
641 3908 793 3972 concilio
817 3910 987 3991 generale
1007 3929 1073 3991 per
1097 3909 1279 3972 eradicare
1302 3919 1428 3991 questa

143 4026 245 4086 setta
262 4037 329 4082 con
353 4016 502 4107 ragione
526 4029 562 4080 et
585 4015 754 4098 giustitia,
779 4019 811 4079 el
835 4018 919 4098 qual
943 4015 1054 4079 siamo
1078 4016 1224 4078 resoluti
1247 4015 1427 4078 rimettere

143 4145 168 4186 a
191 4122 264 4188 Sua
288 4121 443 4206 Santita,
475 4123 643 4187 aecioche
668 4143 788 4206 vegga
820 4133 855 4186 et
886 4143 1042 4186 conosca
1070 4124 1151 4204 quel
1175 4123 1241 4185 che
1273 4121 1297 4185 li
1320 4124 1427 4203 parri

143 4230 276 4313 meglio
308 4231 498 4294 debbiamo
529 4229 584 4294 lar
607 4232 667 4294 dal
695 4241 799 4294 canto
824 4239 947 4292 nostro
977 4229 1109 4311 perche
1139 4248 1211 4290 non
1235 4229 1426 4292 habbiamo

142 4359 167 4402 a
191 4351 355 4402 mancare
387 4358 453 4402 con
486 4339 521 4402 la
544 4341 676 4418 robba,
712 4358 778 4399 con
803 4338 826 4400 li
851 4337 935 4398 stati
965 4346 1002 4400 et
1025 4345 1148 4400 nostra
1170 4335 1317 4418 propria
1347 4355 1424 4418 per·

142 4465 234 4509 sona
258 4463 357 4510 come
381 4448 501 4508 buono
528 4453 563 4508 et
579 4465 665 4508 vero
684 4443 821 4526 figliolo
846 4442 882 4505 di
899 4440 973 4506 Sua
987 4440 1129 4506 Santita
1152 4455 1188 4505 et
1203 4442 1298 4505 della
1313 4441 1426 4505 Senta

142 4549 258 4631 Sede,
293 4553 326 4616 el
351 4551 509 4634 remedio
542 4551 577 4613 di
600 4563 726 4633 questo
757 4560 856 4614 tanto
881 4549 1047 4614 evidente
1079 4550 1198 4612 danno
1230 4550 1325 4612 della
1348 4550 1425 4612 reli-

141 4659 250 4742 gione
275 4669 407 4740 quanto
431 4659 466 4722 in
490 4657 549 4721 noi
565 4659 644 4722 sarit
669 4656 839 4740 possibile
864 4668 900 4721 et
920 4660 956 4721 la
970 4654 1044 4721 Sua
1059 4655 1201 4720 Santita
1217 4656 1425 4719 deliberassi

142 4775 180 4830 et
203 4767 226 4830 li
251 4766 403 4849 piacessi
427 4766 462 4829 di
477 4775 649 4830 mostrare
674 4767 740 4829 che
757 4767 840 4829 vuol
865 4765 1087 4847 compiacere
1110 4785 1132 4826 a
1146 4765 1265 4845 quella
1281 4763 1424 4826 natione

142 4875 178 4940 in
200 4894 400 4939 convocare
421 4877 453 4937 el
473 4873 623 4938 concilio
641 4873 841 4937 universale
863 4871 899 4933 di
920 4880 1012 4934 tutta
1028 4872 1063 4935 la
1077 4869 1304 4933 Christianiti
1324 4891 1424 4936 come
