3425 5700
673 557 901 613 0-4311&

156 706 267 767 diente
299 706 371 768 aila
404 704 572 785 impresa;
607 703 640 765 in
673 724 807 767 somma
839 704 883 766 ne
907 706 941 764 al
966 702 1152 765 commodo
1177 700 1221 762 ne
1246 700 1302 762 all'
1317 701 1430 761 honor

51 819 53 898 ξ
156 823 268 874 vostro
294 809 425 874 Nostro
450 811 605 891 Signore
638 810 658 873 ὲ
689 825 754 892 per
784 810 1020 893 restringersi.
1068 809 1147 871 Non
1180 807 1204 868 li
1229 807 1248 869 ὸ
1273 807 1333 888 gia
1357 805 1430 868 cosi

50 941 51 980 3
156 919 303 1000 piaciuto
335 919 521 982 intendere
555 920 620 980 che
655 918 713 981 voi
745 919 781 981 in
805 918 921 981 faccia
945 919 1004 980 del
1028 916 1280 979 protonotario
1305 913 1430 976 Carac-

157 1027 239 1088 ciolo
271 1026 447 1106 principal
471 1025 604 1088 Nuntio
636 1025 749 1088 usiate
778 1027 810 1087 le
834 1024 983 1104 saeuite,
1016 1027 1081 1087 che
1107 1023 1180 1086 Sua
1203 1021 1429 1084 Beatitudine

157 1131 186 1192 vi
218 1133 263 1192 ha
294 1151 483 1210 concesso,
519 1153 587 1194 non
613 1135 770 1196 essendo·
791 1141 884 1194 stato
909 1142 1035 1213 questo
1059 1132 1080 1193 l’
1098 1130 1215 1193 animo
1240 1130 1275 1192 di
1300 1129 1430 1191 Nostro

157 1238 320 1320 Signore3
344 1237 432 1320 pero
450 1239 485 1301 vi
509 1240 643 1302 diremo
668 1241 714 1302 da
738 1261 802 1302 sua
825 1250 927 1321 parte
952 1240 987 1301 vi
1011 1237 1236 1319 abstegniate
1261 1238 1297 1298 di
1314 1237 1430 1298 usarie

157 1366 215 1426 per
245 1345 265 1406 l'
284 1346 430 1408 evenire
461 1347 496 1408 in
522 1347 703 1426 presentia
727 1347 761 1407 di
788 1348 886 1408 detto
914 1345 1045 1408 Nuntio
1080 1357 1115 1408 et
1148 1363 1320 1426 appresso
1355 1351 1430 1404 otto

157 1452 322 1533 giornate,
348 1473 386 1516 se
401 1454 460 1516 voi
484 1453 613 1516 havete
638 1473 722 1515 cara
745 1454 780 1516 la
804 1453 920 1534 gratia
945 1452 979 1515 di
998 1452 1071 1514 Sua
1087 1452 1237 1530 Samira,
1262 1461 1298 1512 et
1318 1451 1430 1512 anche

156 1562 185 1620 la
216 1559 458 1623 benivolentia
483 1571 617 1636 nostra,
651 1560 783 1641 perche
816 1559 851 1621 in
884 1579 971 1622 vero
1003 1560 1146 1642 quando
1180 1560 1270 1620 altro
1294 1555 1430 1617 faceste

157 1687 221 1730 non
250 1667 283 1728 vi
311 1667 339 1730 si
371 1669 686 1751 comporterebbe,
720 1689 776 1730 ma
808 1687 906 1730 semo
935 1667 1023 1729 certi
1054 1668 1119 1728 che
1148 1685 1217 1727 non
1245 1660 1430 1725 usciretei

156 1774 287 1836 termini
312 1776 406 1837 della
430 1774 535 1837 solita
559 1773 734 1837 modestia
756 1784 879 1836 vostra
903 1783 938 1836 et
963 1772 1035 1836 cosi
1060 1772 1092 1836 ci
1115 1783 1232 1834 sarete
1258 1770 1342 1852 ogni
1365 1771 1431 1830 hor

158 1879 210 1960 pit
236 1890 383 1962 accett0,
409 1902 510 1945 corne
535 1882 594 1944 noi
618 1883 868 1946 desideriamo.

241 1987 289 2050 La
313 1989 418 2051 Bolia
451 2009 558 2070 sopra
588 1989 611 2051 il
648 1989 795 2072 negotio
820 1990 990 2052 Hallense
1023 1989 1175 2052 essendo
1199 1987 1223 2048 il
1247 1987 1428 2047 Reveren-

156 2093 293 2156 dissimo
317 2095 529 2176 Monsignor
554 2096 763 2176 Magontino
789 2105 890 2158 tanto
915 2098 1046 2159 devoto
1071 2095 1107 2157 di
1131 2095 1262 2156 Nostro
1278 2088 1431 2172 Signore

157 2207 188 2260 et
212 2201 303 2262 della
328 2199 423 2264 Sede
448 2203 670 2284 Apostolica,
695 2224 795 2266 come
823 2204 847 2266 il
868 2203 1074 2266 Caracciolo
1100 2213 1136 2265 et
1159 2199 1216 2263 voi
1240 2199 1314 2262 fate
1338 2197 1431 2276 fede,

156 2317 188 2366 et
211 2307 268 2369 noi
292 2328 356 2389 per
380 2310 491 2392 longa
515 2311 730 2392 esperientia
754 2313 906 2374 havemo
931 2311 992 2392 gii
1015 2310 1221 2374 conosciuto
1250 2317 1285 2370 et
1317 2304 1430 2386 predi·

156 2416 266 2477 catolo
297 2436 437 2498 sempre
463 2439 484 2480 a
509 2418 639 2481 Nostro
669 2417 840 2500 Signme,
876 2440 939 2481 sua
969 2417 1109 2480 Santita
1141 2417 1160 2478 ὸ
1193 2422 1361 2478 contenta
1393 2433 1431 2474 se

155 2520 203 2599 gli
219 2521 284 2600 dia,
310 2532 345 2585 et
362 2523 433 2586 cosi
460 2525 517 2586 voi
543 2527 608 2588 che
633 2526 793 2588 l'havete
818 2526 852 2587 in
878 2547 982 2589 mano
1007 2527 1041 2588 la
1065 2523 1314 2602 consignarete
1332 2541 1353 2582 a
1369 2539 1432 2581 sua

156 2627 465 2692 Reverendissima
490 2631 674 2712 Signoria‚
710 2632 887 2695 ‹licendoIi
913 2632 1043 2694 Nostro
1069 2631 1222 2711 Signore
1251 2623 1431 2690 rimettere

154 2731 176 2794 ii
207 2746 294 2798 tutto
325 2739 395 2800 alla
419 2759 482 2800 sua
507 2740 726 2802 conscientia
752 2741 844 2804 nella
870 2743 975 2822 quale
999 2738 1091 2801 assai
1116 2735 1257 2798 confide
1281 2744 1316 2796 et
1340 2755 1361 2795 a
1386 2732 1431 2795 lei

155 2841 188 2908 di
212 2844 304 2907 buon
330 2866 439 2909 cuore
464 2859 499 2909 et
514 2846 707 2911 humillime
724 2869 768 2911 ne
786 2850 1113 2926 raccomandarete,
1138 2839 1377 2908 offerendocci
1396 2839 1429 2902 in

153 2957 242 3013 tutto
266 2962 299 3014 et
323 2973 389 3033 per
420 2962 527 3032 tutto,
560 2965 594 3017 et
623 2956 680 3017 voi
705 2955 778 3017 cosi
802 2954 837 3017 di
863 2966 989 3036 questo
1015 2974 1114 3017 come
1138 2953 1234 3015 della
1257 2948 1430 3031 principa}

154 3068 270 3121 vostra
293 3060 448 3143 impresa
473 3083 518 3124 ne
538 3072 669 3125 terrete
694 3062 820 3125 avisari
845 3083 981 3144 spesso,
1014 3072 1049 3124 et
1074 3058 1252 3123 basteravi
1276 3056 1431 3119 scrivere

154 3163 254 3229 aNoi
277 3188 384 3230 senza
409 3169 443 3231 vi
467 3168 685 3232 affatichiate
709 3170 745 3231 in
770 3170 926 3233 scrivere
950 3170 1065 3231 anche
1082 3190 1104 3231 a
1120 3167 1250 3229 Nostro
1267 3163 1431 3246 Signore,

154 3272 221 3334 alia
253 3274 306 3335 cui
337 3273 477 3337 samita
508 3276 824 3340 communichiarno
858 3288 893 3339 et
925 3279 1029 3338 darno
1055 3297 1076 3338 a
1099 3277 1246 3355 leggere
1277 3280 1367 3333 tutte
1398 3271 1431 3331 le

153 3388 279 3443 vostre.
327 3380 428 3445 State
460 3404 548 3447 sano
580 3394 616 3446 et
647 3384 820 3446 tenetecci
845 3384 880 3446 in
906 3386 1001 3445 bona
1025 3382 1142 3463 gratia
1166 3381 1223 3443 del
1248 3380 1429 3441 Reveren-

156 3484 295 3550 dissimo
319 3488 531 3571 Monsignor
556 3490 590 3552 di
617 3490 753 3573 Lieggi.

244 3594 297 3657 Da
321 3595 439 3657 Roma
464 3596 523 3659 alli
548 3596 608 3662 III.
635 3596 669 3659 di
695 3598 895 3660 Decembre
920 3596 1084 3659 Mnxx.

934 3720 979 3783 vn
997 3721 1088 3783 trater
1105 3718 1174 3782 tter
1193 3717 1397 3780 tricenarius.

778 4046 808 4108 o.

416 4149 628 4230 Protostntio
657 4150 910 4231 universitatis
938 4150 1155 4231 viennensis.

553 4270 662 4330 (Acte
688 4269 867 4331 warnier.
894 4272 957 4331 iot
984 4272 1035 4338 io.)

596 4364 729 4429 (Viennae
753 4378 791 4415 10.
813 4368 876 4413 Dec.
902 4363 988 4430 1520.)

347 4460 485 4524 Rector
510 4476 545 4525 et
570 4462 794 4525 Universitas
820 4463 983 4527 Viennae
1008 4464 1230 4526 Austriacae.

245 4565 498 4631 Devotissimas
531 4569 576 4631 ad
601 4571 714 4631 Deum
749 4569 920 4652 optimum
953 4571 1143 4634 maximum
1177 4592 1303 4653 preces
1332 4592 1430 4652 para-

155 4670 394 4755 tissimumque
419 4685 455 4738 et
478 4675 708 4739 humillimum
733 4678 954 4759 obsequendi
986 4680 1148 4757 animum,
1179 4678 1432 4759 gloriosissime

156 4788 191 4839 et
213 4778 439 4845 invictissime
465 4782 597 4845 Caesar
622 4783 788 4865 princeps
814 4793 850 4847 et
873 4785 1025 4848 Domine
1050 4785 1201 4849 Domine
1226 4786 1329 4847 nobis
1353 4805 1431 4867 gra-

155 4884 355 4962 tiosissime;
398 4890 484 4953 Cum
516 4890 759 4971 superioribus
792 4892 918 4955 diebus
949 4913 1015 4974 per
1038 4895 1214 4974 quendam
1238 4894 1432 4961 Doctorem
