3425 5700
927 859 992 926 215

757 975 969 1078 Gumpegius
994 907 1170 1059 indilato.

727 1121 871 1194 (llundst
890 1119 1016 1182 domun.
1034 1123 1108 1184 m
1126 1123 1195 1198 102.)

838 1241 895 1309 (2⁶.
914 1243 980 1292 Maii
1002 1247 1087 1306 1525,)

410 1376 587 1440 Havendo
603 1375 662 1458 gia
678 1377 845 1440 mandato
862 1375 887 1438 il
903 1387 1069 1458 presente
1085 1397 1212 1459 spazzo
1229 1380 1299 1442 alla
1318 1389 1423 1462 posta
1446 1379 1490 1442 mi
1513 1399 1593 1442 sono

322 1483 554 1568 sopragionte
570 1486 604 1548 le
618 1484 753 1547 incluse
768 1485 895 1546 lettere
911 1483 969 1547 del
988 1483 1107 1548 Fabro
1129 1485 1344 1549 mandatemi
1367 1507 1432 1568 per
1454 1506 1519 1549 uno
1535 1506 1593 1548 suo

322 1611 344 1653 a
355 1601 461 1674 posta
473 1591 506 1654 el
518 1592 624 1673 quale
638 1591 754 1654 havea
766 1589 802 1653 in
815 1590 1047 1654 instructione
1058 1591 1102 1653 de
1115 1591 1279 1656 riferirmi
1293 1612 1393 1655 come
1405 1591 1482 1655 laS.
1491 1592 1531 1655 V.
1540 1612 1592 1654 ve·

324 1698 409 1762 deri
423 1699 467 1762 de
479 1699 513 1761 la
525 1698 630 1783 copia
639 1699 694 1762 ch’
705 1698 739 1762 io
751 1700 784 1762 le
794 1699 924 1761 mando
934 1696 995 1780 qui
1005 1718 1178 1780 appresso
1192 1701 1237 1762 de
1247 1701 1280 1762 la
1289 1698 1516 1763 instructione
1527 1719 1593 1763 soa.

412 1804 458 1867 Et
471 1806 608 1870 bench&
624 1805 660 1868 io
677 1805 770 1869 stimi
783 1807 850 1869 che
860 1805 883 1868 ’l
895 1805 1064 1884 Rorari0‚
1079 1803 1196 1868 scriva
1209 1815 1245 1868 et
1260 1805 1349 1868 avisi
1361 1827 1384 1869 a
1395 1805 1595 1869 sufficientia

324 1912 361 1976 di
375 1921 464 1974 tutte
481 1922 605 1993 queste
621 1911 847 1995 turbulentie,
871 1933 939 1995 pur
958 1912 1059 1974 anch'
1081 1911 1116 1974 io
1136 1913 1170 1976 le
1191 1914 1238 1975 ho
1259 1915 1381 1976 voluto
1404 1911 1593 1996 significare

325 2021 443 2101 quello
458 2019 525 2082 che
538 2020 626 2083 hora
640 2019 786 2083 intendo
801 2027 838 2083 et
848 2040 915 2082 con
927 2039 1007 2083 esso
1021 2017 1103 2082 dirli
1114 2040 1180 2101 per
1193 2019 1308 2101 questi
1324 2030 1360 2082 et
1375 2021 1454 2084 altri
1467 2019 1594 2102 rispetti

324 2124 359 2189 io
375 2125 535 2189 delibero
553 2126 589 2189 di
605 2127 739 2190 lassare
763 2128 882 2208 quella
906 2126 964 2188 via
979 2127 1024 2189 de
1048 2126 1223 2208 Inspruck
1247 2127 1471 2209 pertendomi
1486 2129 1529 2189 de
1545 2125 1594 2208 qui

325 2233 441 2316 prima
464 2235 530 2297 che
554 2232 588 2295 io
611 2251 720 2315 possa
744 2245 780 2297 et
802 2233 924 2297 venire
949 2253 1049 2296 come
1078 2235 1168 2296 altre
1192 2235 1289 2297 volte
1314 2233 1432 2298 scrissi
1456 2236 1525 2296 alla
1546 2232 1597 2295 via

326 2339 364 2403 di
387 2339 510 2422 Segne
534 2360 555 2403 o
578 2339 616 2404 di
638 2340 763 2405 Fiume
788 2351 825 2405 et
846 2360 913 2423 per
936 2360 1034 2403 mare
1057 2340 1103 2404 de
1133 2337 1157 2402 li
1184 2339 1219 2402 in
1248 2342 1294 2420 la,
1318 2341 1448 2424 perche
1477 2363 1498 2404 a
1524 2338 1596 2403 niun

327 2448 432 2511 modo
456 2446 550 2510 vedo
574 2467 764 2530 segurezza
787 2450 847 2512 nel
871 2447 940 2511 mio
965 2447 1102 2512 camino
1126 2468 1193 2530 per
1216 2445 1417 2513 Germania.

420 2553 572 2636 Quando
595 2575 664 2637 pur
686 2555 728 2622 N.
754 2554 789 2621 S.
815 2558 955 2619 volesse
980 2555 1035 2618 ch'
1052 2555 1087 2618 io
1111 2554 1201 2617 fussi
1225 2556 1281 2618 col
1305 2553 1484 2636 Principe,
1509 2577 1529 2618 a
1550 2573 1597 2616 me

330 2661 410 2725 sera
433 2683 514 2725 men
537 2682 650 2745 grave
674 2663 719 2725 de
742 2661 846 2725 Italia
877 2671 1020 2726 tornare
1045 2661 1098 2726 sin
1122 2662 1299 2744 Inspruck
1323 2664 1388 2725 che
1413 2661 1547 2725 andarli
1569 2658 1599 2720 di

329 2789 409 2853 qua,
435 2778 471 2831 et
494 2789 534 2832 so
559 2771 625 2832 che
649 2789 714 2831 sua
737 2769 815 2832 Bne
839 2787 910 2831 non
935 2769 1040 2832 vuole
1055 2768 1110 2831 ch'
1126 2766 1161 2830 io
1186 2767 1233 2830 mi
1256 2778 1365 2832 metta
1381 2789 1403 2831 a
1424 2767 1599 2831 manifesto

327 2876 497 2960 pericolo.
544 2876 725 2958 Expedita
748 2878 892 2958 dunque
915 2885 1041 2958 questa
1066 2876 1228 2958 praticha
1242 2876 1404 2939 boemica
1420 2878 1490 2939 alla
1505 2876 1600 2958 quale

329 2984 477 3046 attendo
501 3003 569 3046 con
597 2982 682 3065 ogni
711 2981 960 3065 sollicitudine,
984 2983 1031 3046 mi
1062 2983 1213 3047 mettero
1243 2983 1279 3045 in
1313 2983 1451 3047 camino
1481 2980 1600 3065 perche

330 3091 465 3153 anchor
488 3088 549 3173 qui
573 3109 644 3153 non
667 3090 697 3153 si
719 3109 768 3173 po
792 3090 1022 3173 longamente
1045 3097 1120 3153 star
1143 3110 1210 3152 con
1236 3090 1420 3172 dignitate.
1470 3092 1520 3153 La
1549 3109 1600 3151 ve·

330 3206 417 3261 nuta
446 3197 505 3261 del
527 3196 647 3260 Fabro
675 3218 697 3259 a
728 3206 852 3280 queste
885 3198 979 3281 parti
1010 3198 1028 3261 ἐ
1062 3209 1100 3260 ut
1133 3195 1264 3261 conflet
1294 3206 1463 3279 quantum
1492 3207 1601 3279 potest
1686 3236 1687 3304 l

331 3303 473 3387 argenti
495 3315 533 3368 et
556 3326 603 3367 ex
626 3303 848 3368 monasteriis
873 3314 910 3367 et
932 3326 979 3369 ex
1004 3304 1174 3369 ecclesiis.
1220 3305 1345 3368 Budae
1369 3302 1501 3367 XXVI
1522 3301 1602 3365 Maii

332 3410 534 3475 MDXXV.

479 3570 579 3653 Quae
602 3570 724 3652 Justus
747 3572 873 3636 Budae
896 3581 1051 3636 tractare
1075 3571 1206 3634 debeat
1229 3569 1305 3633 sive
1328 3570 1472 3636 referre.

422 3697 462 3760 In
485 3695 609 3779 primis
633 3696 802 3760 salutabit
824 3696 872 3763 R.
894 3718 985 3759 mam
1009 3694 1179 3759 familiam
1202 3703 1239 3758 et
1269 3703 1387 3758 certos
1417 3695 1606 3759 nominatos

333 3805 536 3869 familiares.
582 3801 677 3867 Dein
708 3802 842 3867 referet
870 3803 985 3866 eidem
1016 3802 1112 3866 Rmo
1137 3821 1262 3864 causas
1286 3812 1435 3885 propter
1457 3822 1543 3885 quas
1565 3800 1606 3862 ad
1685 3832 1686 3863 l

334 3914 425 3975 haec
450 3913 528 3974 loca
550 3909 676 3973 fuerim
702 3908 909 3973 destinatus.
956 3910 1044 3973 Item
1068 3909 1164 3991 quod
1180 3908 1357 3971 lutherani
1380 3908 1416 3972 in
1440 3906 1607 3992 Inspruck
1685 3886 1686 3907 ¹

335 4020 464 4082 multos
487 4016 644 4080 famosos
674 4016 815 4080 libellos
842 4016 925 4079 hinc
952 4016 1035 4079 inde
1069 4024 1193 4079 contra
1222 4015 1420 4099 Episcopos
1453 4038 1494 4080 ac
1525 4014 1608 4079 alios

334 4124 515 4189 affixerint
536 4132 685 4207 propter
703 4144 792 4206 quos
814 4123 985 4208 Episcopi
1000 4122 1228 4186 Tridentinus
1252 4131 1289 4185 et
1313 4121 1544 4203 Brixinensis,
1567 4139 1608 4183 ne

336 4231 460 4317 peiora
483 4241 716 4314 sequerentur
738 4231 936 4311 incomoda,
961 4252 982 4294 a
1005 4230 1167 4313 principe
1192 4227 1440 4293 discesserunt

425 4338 515 4401 Item
538 4338 634 4419 quod
658 4339 801 4419 quando
832 4360 854 4401 a
881 4337 1043 4420 principe
1068 4335 1215 4399 discessi
1237 4336 1374 4401 animus
1396 4336 1489 4400 illius
1519 4344 1611 4399 totus
1684 4422 1685 4425 Ἴ

336 4450 452 4510 bonus
476 4453 513 4508 et
535 4443 746 4509 christianus
769 4454 860 4520 erat;
891 4455 1009 4507 tamen
1038 4443 1098 4527 qui
1121 4442 1363 4507 Ecclesiastici
1390 4442 1609 4508 discesserint
1684 4460 1685 4533 ἐ

337 4552 429 4618 scire
458 4572 529 4616 non
552 4571 696 4634 possum
722 4551 899 4634 quomodo
924 4550 994 4614 sint
1025 4549 1224 4614 incubaturi
1255 4550 1430 4632 nonnulli,
1464 4560 1499 4614 et
1522 4558 1610 4633 post·
1684 4536 1685 4559 ¹

338 4678 488 4742 eaquam
511 4658 625 4721 mein
650 4657 891 4721 confessorem
917 4659 1077 4740 elegerat
1108 4677 1179 4721 non
1213 4656 1318 4740 pauci
1340 4656 1473 4721 fuerint
1496 4656 1557 4740 qui
1579 4654 1611 4717 in

338 4787 394 4831 me
417 4768 575 4849 culpam,
606 4764 637 4828 si
660 4764 766 4830 modo
790 4766 897 4846 culpa
920 4773 984 4844 est,
1008 4764 1203 4845 reicerent,
1232 4764 1327 4845 quod
1351 4784 1421 4847 ego
1445 4760 1613 4846 principis

339 4873 505 4937 seductor
529 4892 644 4936 essem
668 4892 712 4935 ne
736 4892 806 4935 non
826 4872 943 4935 abiret
966 4872 1002 4935 in
1020 4870 1231 4935 seditionem
1246 4872 1470 4935 lutheranam
1485 4880 1522 4935 et
1538 4888 1613 4934 cum
