3425 5700
829 569 1078 626 wilm&

315 709 469 774 deducat
493 714 537 775 ad
563 725 777 796 extremum,
811 727 847 777 ut
880 716 948 778 iam
981 717 1136 780 omnium
1161 715 1385 779 confessione
1410 717 1535 779 nefarii
1555 729 1585 780 et
1676 698 1677 701 Ἴ

315 818 530 882 contumacis
567 821 712 884 heretici
738 822 882 885 Martini
916 844 981 885 nec
1018 843 1145 886 nornen
1182 844 1247 886 nec
1282 822 1472 904 vestigium
1503 823 1585 886 inter

314 924 439 989 fideles
462 929 615 1008 populos
639 928 673 990 in
692 929 884 993 Germania
908 931 1089 1010 consistat,
1113 931 1147 992 in
1172 950 1242 1011 quo
1267 930 1438 1013 optimum
1462 940 1498 992 et
1514 951 1584 993 con·

314 1031 566 1097 stantissimutn
590 1037 762 1099 habemus
776 1038 976 1117 Caesarem,
1002 1038 1065 1100 sed
1091 1048 1127 1100 et
1149 1047 1211 1100 tua
1225 1036 1418 1100 auctoritas
1440 1058 1509 1100 non
1526 1058 1584 1100 me·

315 1140 425 1204 diocri
449 1141 652 1205 adiumento
670 1143 883 1208 christianae
900 1145 1118 1227 reipublicae
1143 1165 1221 1206 esse
1237 1154 1365 1227 potest,
1390 1155 1430 1206 ut
1453 1143 1584 1226 quidem

314 1249 382 1311 iarn
407 1249 483 1327 fuit,
508 1252 603 1330 quod
628 1271 827 1332 supremum
853 1251 922 1314 iam
947 1253 982 1314 in
1007 1272 1114 1315 causa
1144 1253 1210 1313 hac
1235 1250 1392 1314 officium
1415 1251 1484 1314 tuis
1507 1252 1586 1334 pris·

317 1356 398 1418 tinis
432 1356 551 1419 multis
588 1367 623 1420 et
659 1358 857 1421 actionibus
894 1371 930 1421 et
965 1358 1093 1421 officiis
1130 1358 1254 1421 summi
1279 1357 1394 1421 meriti
1419 1360 1586 1420 cumulum

315 1455 517 1526 adiunctum
543 1476 606 1543 est,
631 1465 722 1527 sicut
746 1486 824 1528 cum
848 1465 1072 1530 fraternitate
1096 1475 1157 1527 tua
1180 1464 1359 1546 copiosius
1382 1464 1494 1528 nuntii
1518 1485 1588 1527 nos-

315 1569 360 1631 tri
392 1582 513 1633 nostro
545 1571 686 1634 nornine
718 1585 843 1654 agent,
878 1572 1006 1654 quibus
1029 1572 1135 1635 fidem
1160 1572 1320 1636 habebis.
1368 1573 1496 1635 Datum
1521 1571 1587 1634 Ma·

316 1675 431 1739 lianae
456 1676 516 1740 IV.
541 1677 627 1740 Maii
657 1699 734 1759 ¹52¹
764 1701 857 1743 anno
883 1701 987 1743 non0.

929 2131 982 2196 89.

592 2246 833 2327 Aloander
867 2243 1333 2328 vicecancellariu'

743 2396 886 2467 (Nuntiat.
905 2396 1032 2455 German.
1049 2395 1080 2452 1..
1097 2394 1164 2462 179.)

831 2517 883 2581 (15.
908 2517 971 2565 Maii
994 2521 1080 2578 1521.)

407 2637 472 2700 Poi
496 2640 619 2701 scritta
643 2649 678 2702 et
702 2639 824 2702 chiusa
848 2640 869 2702 l’
884 2642 974 2702 altra
997 2640 1067 2701 mia
1091 2658 1179 2701 sono
1203 2637 1358 2700 arrivate
1382 2638 1416 2699 le
1438 2638 1483 2699 de
1499 2636 1541 2700 V.
1559 2633 1594 2698 S.

318 2745 413 2806 Rma
438 2755 473 2806 et
497 2746 531 2807 la
554 2748 651 2810 bulla
675 2748 767 2809 dove
793 2747 810 2808 ὸ
836 2747 1018 2809 nominato
1042 2746 1118 2809 solo
1139 2742 1272 2807 Luther
1297 2753 1332 2806 et
1355 2744 1390 2806 in
1416 2764 1549 2826 genere
1572 2740 1596 2802 li

317 2852 468 2934 fautori,
504 2856 539 2916 la
563 2855 667 2935 quale
692 2854 814 2917 venire
838 2859 907 2918 ben
933 2878 955 2917 a
978 2856 1163 2939 proposito
1172 2902 1180 2934 ,
1215 2863 1321 2935 atque
1345 2853 1477 2915 utinam
1501 2852 1596 2915 fusse

318 2970 411 3022 stata
442 2961 608 3023 mandata
637 2964 805 3045 alquanto
837 2963 898 3045 piu
922 2972 1044 3044 presto
1068 2960 1201 3044 perche
1234 2957 1385 3022 l'harrei
1417 2958 1598 3040 publicata

319 3079 354 3129 et
386 3069 445 3148 qui
470 3079 505 3129 et
528 3089 549 3130 a
573 3068 779 3151 Moguntia,
812 3091 913 3133 corno
938 3069 1103 3132 rechiede
1135 3069 1233 3130 detta
1257 3068 1354 3129 bulla
1383 3075 1420 3128 et
1450 3068 1495 3129 de
1519 3084 1598 3127 essa

319 3194 361 3236 ne
386 3177 636 3239 haveressemo
658 3176 747 3239 fatta
764 3178 921 3239 mention
945 3176 1016 3238 neli
1033 3173 1190 3237 mandati
1214 3175 1309 3255 quod
1334 3194 1427 3235 nunc
1443 3194 1512 3235 non
1537 3192 1596 3254 po-

319 3291 388 3345 test
420 3281 496 3344 fieri
530 3283 662 3364 perche
696 3304 766 3347 non
801 3287 963 3363 besogna
996 3283 1159 3345 retardat
1190 3282 1240 3344 tal
1269 3300 1369 3359 cosa,
1406 3278 1435 3341 sl
1467 3278 1599 3361 perche

318 3389 436 3452 subito
461 3410 568 3453 nasce
602 3392 752 3471 qualche
776 3393 845 3454 mal
872 3402 907 3453 et
931 3389 1063 3471 perche
1088 3388 1197 3451 Cesar
1221 3386 1394 3450 minaccia
1418 3388 1462 3448 de
1487 3384 1600 3467 partir

319 3510 440 3577 presto
466 3507 501 3559 et
525 3498 707 3561 dubitamo
732 3499 797 3561 che
823 3499 845 3559 'l
870 3507 989 3579 tempo
1014 3517 1084 3559 non
1110 3495 1142 3558 ci
1166 3492 1315 3558 manchi.

408 3604 497 3667 Heri
522 3605 654 3668 matino
679 3616 714 3669 et
735 3604 774 3667 Sr
791 3604 930 3667 Nuncio
955 3614 991 3666 et
1014 3603 1048 3665 io
1073 3604 1232 3684 parlamo
1257 3603 1303 3663 ad
1320 3600 1440 3678 Cesar,
1464 3600 1497 3660 el
1516 3596 1601 3678 qual

320 3711 401 3773 eut
433 3732 541 3793 supra
572 3715 641 3774 ben
666 3712 827 3794 disposto
859 3720 897 3773 et
922 3714 991 3773 ben
1023 3715 1053 3772 si
1076 3711 1168 3771 vede
1199 3707 1332 3789 perche
1363 3706 1387 3767 li
1418 3701 1601 3767 secretarii

319 3819 428 3880 molto
454 3818 482 3881 si
507 3838 595 3882 sono
620 3819 789 3883 affaticati
815 3818 849 3881 in
874 3820 997 3881 tradur
1021 3818 1054 3879 el
1079 3818 1246 3878 mandato
1270 3815 1305 3877 in
1328 3814 1469 3875 almano
1494 3830 1603 3873 senza

320 3926 447 3988 alcuna
471 3926 739 3989 intermessione
764 3930 808 3990 de
824 3937 955 4008 tempu,
980 3927 1047 3988 che
1068 3925 1103 3986 in
1119 3944 1205 3987 vero
1223 3922 1361 3985 Sichler
1376 3931 1412 3983 et
1427 3916 1603 4001 Spieghel

319 4033 438 4095 hanno
472 4032 562 4096 fatto
596 4034 655 4116 piu
689 4034 724 4097 in
751 4056 796 4097 un
823 4033 856 4096 dl
892 4043 927 4096 et
950 4053 1020 4095 una
1044 4040 1142 4094 notte
1179 4032 1243 4093 che
1277 4033 1366 4092 altre
1400 4028 1496 4089 volte
1529 4044 1603 4087 non

320 4141 526 4203 harebbeno
557 4142 646 4204 latto
677 4141 713 4204 in
738 4163 781 4204 un
809 4162 915 4204 mese.
964 4139 1099 4220 Questa
1129 4158 1232 4201 mane
1266 4136 1299 4199 io
1324 4135 1374 4198 lui
1398 4135 1434 4196 in
1459 4152 1606 4197 camera

321 4246 366 4309 de
391 4246 499 4311 Cesar
531 4260 565 4311 et
589 4250 753 4331 procurai
778 4270 856 4311 curn
881 4248 973 4311 assai
998 4244 1170 4309 difficulta
1199 4246 1266 4307 che
1290 4243 1311 4305 'l
1336 4243 1503 4305 mandato
1528 4258 1604 4301 non

321 4354 350 4415 si
384 4363 550 4417 mettesse
583 4355 643 4437 piu
676 4357 710 4419 al
735 4356 893 4419 consalin
927 4352 1059 4436 perche
1093 4353 1336 4415 l'harebbeno
1367 4357 1532 4411 truncato
1569 4354 1606 4407 et

322 4471 443 4523 tenuto
468 4463 527 4525 doi
552 4463 654 4542 mesi,
680 4474 715 4525 et
739 4467 811 4525 cosl
835 4462 873 4524 lu
899 4462 1062 4524 ordinato
1087 4460 1153 4521 che
1178 4458 1321 4521 omnino
1345 4477 1383 4518 se
1407 4453 1606 4537 expedisca

322 4568 439 4631 subito
464 4568 603 4649 scritt0,
628 4572 694 4632 che
719 4569 799 4633 sara
820 4569 942 4631 Vener
964 4566 1129 4649 proximo
1154 4584 1255 4628 corno
1279 4563 1314 4626 io
1338 4582 1462 4645 spero;
1486 4578 1607 4643 prego

323 4674 391 4738 Dio
409 4675 546 4738 interim
563 4679 713 4759 qualche
728 4679 821 4739 mala
838 4676 960 4756 lingua
981 4694 1052 4737 non
1068 4696 1106 4737 se
1123 4671 1363 4753 interpongha
1378 4669 1424 4732 ad
1440 4666 1607 4749 impedit.

412 4783 454 4845 El
479 4782 610 4865 Signor
641 4784 686 4845 de
711 4784 869 4846 Chevres
899 4780 960 4864 gia
983 4791 1037 4844 tre
1062 4779 1098 4843 di
1121 4781 1169 4842 ha
1191 4781 1300 4841 hauto
1333 4778 1368 4838 la
1390 4776 1491 4840 febre
1521 4794 1609 4836 cum

324 4900 560 4985 symptomata
585 4903 621 4954 et
645 4891 811 4989 continuo
836 4891 939 4955 dolor
963 4888 999 4955 di
1024 4908 1114 4977 capo
1139 4897 1176 4958 et
1199 4907 1269 4957 non
1292 4886 1387 4955 bone
1411 4882 1526 4957 urina
1560 4902 1610 4947 ne
