3425 5700
646 551 876 608 fflfflffl

138 697 209 759 licos
230 696 308 760 iure
331 697 465 779 optimo
489 697 722 781 impedituros
746 720 791 763 ne
816 719 933 779 causa,
958 700 1002 762 de
1023 718 1093 780 qua
1110 698 1278 762 Pontifex
1295 721 1401 763 verus

139 804 228 866 iudex
259 814 295 865 et
320 802 435 867 Sedes
467 804 679 887 Apostolica
708 806 979 887 pronunciarat,
1013 826 1090 868 cum
1123 806 1334 869 detrimento
1367 818 1402 869 et

139 910 351 991 depressione
385 910 604 975 Pontificalis
635 912 855 975 auctoritatis
887 911 1017 974 iudicio
1048 913 1218 975 laicorum
1251 913 1400 976 discute·

138 1026 236 1098 retur,
268 1017 349 1081 ideo
374 1018 549 1081 Martinus
581 1040 621 1081 se
652 1018 880 1101 magnificum
914 1029 951 1081 et
981 1018 1110 1082 fortem
1139 1022 1343 1083 ostentabat
1366 1020 1402 1081 in

139 1145 173 1187 ea
197 1145 249 1205 re,
281 1145 387 1206 quam
416 1135 516 1188 certo
544 1125 681 1189 sciebat
712 1146 936 1208 nequaquam
967 1136 1177 1189 secuturam.
1237 1127 1341 1207 Quod
1373 1128 1402 1189 si

138 1231 227 1293 etiam
256 1231 291 1293 in
316 1230 445 1294 Diaeta
478 1240 514 1295 et
544 1233 685 1296 auditus
713 1242 750 1296 et
773 1234 1029 1297 condemnatus
1052 1232 1196 1313 fuisset,
1228 1234 1307 1316 quis
1331 1254 1401 1296 non

138 1338 221 1401 videt
248 1338 378 1420 ipsum,
420 1359 441 1402 a
476 1339 653 1419 judicibus
683 1340 799 1403 minus
830 1340 1115 1423 competentibus
1146 1324 1402 1403 statim'fuisse

138 1455 396 1525 provocaturum
426 1448 472 1508 ad
505 1445 717 1527 Concilium,
756 1446 832 1529 qui,
863 1467 886 1509 a
920 1446 1051 1528 judicio
1078 1448 1402 1529 competentissimo

139 1549 500 1634 sedisapostolicae,
532 1554 588 1615 cui
619 1554 757 1616 ratione
789 1574 918 1616 causae
951 1562 986 1616 et
1017 1574 1192 1635 personae
1224 1554 1299 1617 iure
1323 1555 1402 1637 ipso

138 1659 301 1722 subiectus
333 1668 402 1739 est,
438 1670 473 1721 et
497 1660 661 1741 ipsemet,
694 1682 729 1739 a,
754 1660 930 1743 principio
955 1682 993 1723 se
1017 1662 1245 1724 submiserat:
1276 1681 1402 1743 provo·

136 1766 215 1827 cavit
229 1776 265 1827 et
279 1766 391 1828 fretus
408 1766 497 1828 salvi
521 1769 719 1830 conductus
743 1768 877 1830 auxilio
902 1768 951 1829 ita
971 1766 1080 1830 fuisse
1095 1768 1281 1847 facturum,
1306 1769 1402 1849 quod

135 1890 201 1933 cum
222 1873 360 1955 Legato
384 1872 509 1935 Sancti
534 1872 627 1936 Sixti
652 1875 838 1955 Augustae
863 1874 1015 1947 fecerat3
1040 1894 1147 1955 quum
1172 1874 1264 1937 enim
1288 1874 1403 1956 prima

135 1976 183 2039 die
203 1990 408 2043 revocasset
430 1980 548 2043 omnia
572 1980 655 2043 viva
678 2001 778 2059 voce,
811 2001 903 2063 quae
927 1981 963 2042 in
986 1980 1098 2061 ipsius
1122 1980 1263 2061 scriptis
1287 1978 1402 2044 Sedes

135 2086 331 2167 Apostolica
354 2108 425 2150 non
449 2091 630 2169 probaret,
654 2088 828 2168 postridie
851 2088 927 2151 sive
944 2088 1062 2150 aliena
1077 2087 1259 2169 protervia
1279 2088 1402 2150 seduc-

134 2203 191 2269 tus,
213 2215 274 2257 seu
296 2194 454 2277 maligno
479 2215 543 2257 suo
567 2194 693 2276 spiritu
718 2194 894 2258 sententia
918 2203 1069 2273 mutata,
1104 2195 1259 2257 adducto
1283 2214 1401 2257 secum

136 2298 270 2363 {lotario
301 2302 445 2384 publico
477 2313 512 2364 et
539 2322 670 2384 magna
693 2302 821 2365 civium
847 2303 1139 2382 Augustanoruni
1164 2312 1309 2364 caterva
1333 2302 1403 2364 cin-

134 2414 216 2487 ctus,
247 2409 306 2490 qui
336 2409 519 2472 levitatem
550 2410 653 2472 simul
685 2418 721 2472 et
750 2408 935 2490 perfidiam
961 2428 1060 2470 suam
1092 2428 1221 2491 magno
1253 2409 1403 2489 strepitu

135 2512 286 2578 universo
311 2515 390 2578 orbi
415 2519 546 2578 claram
570 2516 717 2596 faceret,
749 2516 867 2578 attulit
891 2516 1107 2594 schedulam,
1136 2535 1206 2595 qua
1230 2525 1402 2596 protesta-

133 2621 227 2683 batur
257 2643 295 2684 se
327 2642 397 2684 non
433 2632 528 2685 stare
559 2622 778 2685 revocationi
810 2643 895 2686 suae
926 2620 1042 2683 vocali
1068 2622 1131 2682 sed
1156 2622 1297 2703 scriptis
1321 2621 1402 2701 sule,

135 2725 354 2812 discessitque
385 2729 476 2792 liber
508 2740 544 2792 et
574 2729 740 2811 impunis;
776 2731 858 2811 quia
890 2731 955 2791 sub
987 2731 1087 2791 salvo
1119 2731 1296 2791 conductu
1320 2730 1402 2792 illuc

134 2834 338 2900 adcesserat.

732 3290 786 3356 36.

454 3415 666 3494 Alcander
693 3415 1072 3496 vicecancellarii.

522 3562 689 3631 (nunciat,
707 3562 858 3622 German
878 3561 910 3620 11.
928 3562 1007 3636 iss.)

569 3685 702 3745 (Fortasse
725 3695 745 3730 1.
766 3682 856 3731 Martii
879 3679 966 3750 1521.)

214 3808 335 3870 Ancor
366 3809 431 3871 che
463 3807 540 3890 pari
572 3809 604 3870 el
633 3806 732 3870 Cielo
766 3815 802 3869 et
831 3808 867 3869 la
899 3815 995 3868 terra
1028 3815 1063 3868 et
1095 3807 1283 3888 presertim
1314 3813 1404 3867 tutta

135 3923 249 3990 questa
274 3913 466 3976 Germania
498 3913 533 3976 in
563 3916 598 3977 la
628 3934 736 3976 causa
759 3935 783 3976 a
803 3933 859 3975 me
885 3932 1080 3975 commessa
1104 3931 1202 3975 esser
1226 3911 1403 3990 contrarii,
1457 3999 1458 4005 ἵ

136 4026 166 4076 et
187 4020 250 4081 che
274 4041 338 4101 per
360 4020 464 4083 farmi
490 4041 511 4083 o
536 4021 663 4083 retirar
679 4022 775 4083 dalla
789 4021 954 4101 impresa,
979 4040 1000 4082 o
1018 4022 1157 4081 almeno
1171 4018 1403 4101 intepidirmi:

135 4128 313 4189 tuttavolta
336 4128 359 4190 il
387 4128 540 4191 Diabolo
566 4127 633 4189 mai
658 4127 744 4190 hara
769 4136 869 4189 tanto
893 4137 1030 4209 potere,
1056 4129 1121 4190 che
1145 4125 1179 4188 io
1204 4125 1288 4188 lassi
1312 4127 1403 4188 l’im-

135 4247 246 4311 presa,
289 4236 426 4298 almeno
461 4235 498 4296 di
528 4244 661 4316 quanto
697 4235 733 4297 in
764 4255 820 4296 me
851 4235 885 4307 ὲ;
920 4235 988 4298 ben
1023 4233 1068 4294 mi
1100 4234 1181 4296 dole
1213 4232 1307 4294 assai
1339 4234 1404 4295 che

135 4340 248 4402 alliora
264 4323 348 4405 forsi
366 4363 405 4404 se
422 4342 468 4404 mi
482 4342 702 4404 mandarano
718 4343 752 4404 le
776 4361 859 4404 cose
883 4339 1052 4422 requisite
1078 4341 1124 4402 da
1148 4361 1202 4402 me
1228 4348 1264 4401 et
1283 4359 1402 4402 neces-

136 4445 234 4525 sarie,
264 4451 406 4529 quando
440 4469 510 4510 non
542 4448 572 4511 si
595 4447 700 4530 potra
722 4448 784 4529 piu
808 4447 998 4522 remediar;
1032 4447 1077 4510 Et
1102 4455 1199 4509 certo
1224 4466 1404 4528 cognosco

137 4552 249 4615 chela
273 4555 342 4617 mia
364 4565 495 4637 troppo
521 4555 723 4636 diligentia,
754 4564 790 4617 et
814 4554 944 4617 astutia
968 4556 1032 4617 che
1056 4553 1090 4615 io
1115 4553 1192 4616 usai
1216 4553 1276 4634 poi
1305 4553 1326 4615 l'
1344 4573 1403 4636 ag-

136 4655 279 4742 giunger
301 4663 369 4725 mio
394 4662 429 4724 in
454 4661 627 4741 Fiandra,
652 4663 716 4724 che
732 4662 752 4723 'l
776 4671 874 4724 terzo
899 4663 932 4722 dl
958 4661 1104 4723 obtenni
1127 4661 1152 4721 il
1176 4662 1344 4723 mandato
1369 4660 1404 4722 di

137 4759 234 4828 Cesar
257 4779 295 4829 et
316 4769 434 4831 statim
457 4768 536 4831 fece
561 4769 769 4833 abbrusciar
791 4768 816 4830 li
840 4767 921 4830 libri
936 4768 971 4830 di
988 4767 1120 4831 Luther
1135 4769 1180 4830 ed
1197 4767 1278 4829 altri
1293 4767 1404 4829 scritti

136 4867 261 4954 famosi,
285 4874 330 4938 ha
345 4874 489 4939 nociuto
513 4875 606 4938 assai
629 4897 651 4937 a
675 4885 800 4955 questa
825 4895 908 4936 cosa
934 4884 969 4938 et
993 4895 1013 4936 a
1038 4895 1107 4947 me;
1133 4875 1264 4955 perche
1288 4873 1312 4935 li
1336 4873 1405 4936 mei

160 4993 233 5046 Buba,
244 4997 386 5039 Documenta
395 5000 534 5040 Larumna.
1229 4979 1245 5036 7
