3425 5700
620 569 867 626 0432th

127 719 179 782 viri
205 719 447 800 (praelatique)
473 718 626 780 animum
658 717 711 780 sui
744 716 868 780 Sancti
899 715 1054 798 Spiritus
1081 716 1165 798 igne
1194 713 1383 793 afflaverit,

126 827 249 907 eiusque
273 825 510 888 constantiam
535 837 570 886 et
602 825 771 904 pietatem
803 824 957 888 maxime
988 823 1190 885 necessario
1222 833 1383 903 tempore

127 954 178 1013 pro
199 933 287 996 Suae
313 931 468 995 Sanctae
492 931 576 994 fidei
601 933 756 995 candore
788 932 1049 1010 conservande,
1085 940 1208 992 contra
1240 929 1383 1010 impium

124 1041 257 1103 furorem
289 1060 405 1103 novae
431 1038 697 1102 debaccationis
729 1041 921 1102 haereseos
951 1047 1046 1100 stare
1080 1036 1251 1116 voluerit,
1289 1037 1384 1117 quod

126 1147 245 1228 quidem
281 1145 426 1228 dignum
463 1157 523 1208 tua
556 1147 753 1227 praestanti
795 1145 945 1226 virtute,
990 1144 1135 1227 dignum
1170 1145 1238 1206 hoc
1281 1163 1386 1224 quem

123 1253 203 1335 geris
223 1255 374 1335 honore,
410 1253 556 1335 dignum
580 1273 713 1334 genere
738 1263 774 1317 et
799 1253 992 1316 maioribus
1016 1252 1102 1332 tuis,
1127 1253 1190 1314 sed
1214 1249 1385 1331 imprimis

124 1361 178 1422 isto
203 1361 277 1443 ipso
307 1359 514 1423 charissimo
537 1361 573 1422 in
599 1360 739 1423 Christo
773 1361 846 1423 filio
878 1371 999 1424 nostro
1032 1359 1166 1442 optimo
1196 1356 1385 1440 religiosis-

123 1467 262 1548 simoque
287 1468 442 1532 Caesare
466 1466 732 1548 dignissimum,
766 1468 866 1531 cuius
899 1479 936 1529 ut
969 1469 1083 1531 honor
1113 1467 1303 1542 maximu5‚
1335 1463 1385 1526 sic

122 1575 248 1654 pietatis
271 1578 350 1638 laus
373 1574 504 1638 eximia
528 1573 605 1638 fuit.
659 1573 776 1637 Vincit
807 1575 971 1658 profecto
1005 1574 1210 1636 facultatem
1246 1581 1282 1634 et
1314 1571 1384 1633 vim

123 1693 280 1760 nostram,
314 1691 352 1743 ut
375 1681 435 1744 vix
462 1691 497 1743 te
522 1681 599 1763 pari
624 1683 730 1744 laude
755 1684 956 1761 celebrare,
987 1682 1046 1744 vix
1080 1681 1228 1742 idoneas
1251 1678 1386 1761 gratias

121 1807 214 1868 agere
239 1810 344 1870 posse
370 1789 565 1867 videamur,
590 1791 654 1850 sed
678 1810 743 1851 nos
767 1790 971 1853 memoriam
995 1788 1083 1850 tanti
1109 1787 1157 1850 tui
1175 1786 1284 1850 officii
1308 1807 1384 1868 per·

121 1907 246 1973 petuam
271 1896 305 1958 in
332 1895 449 1957 animo
474 1894 718 1969 retinebimus:
745 1897 822 1979 ipse
847 1907 964 1959 autem
981 1898 1080 1958 Deus
1095 1903 1276 1978 spectator
1292 1893 1385 1956 idem

119 2012 148 2062 et
170 2013 408 2066 remunerator
432 2005 608 2065 bonorum
632 2023 798 2084 operum,
824 2003 880 2066 cui
904 2005 993 2066 haec
1018 2025 1038 2064 a
1063 2013 1098 2064 te
1121 2023 1232 2084 opera
1256 2010 1387 2064 navata

121 2118 219 2172 estet
243 2111 298 2173 cui
322 2112 511 2172 multorum
535 2109 691 2172 fidelium
716 2111 853 2174 animae
885 2132 950 2192 per
979 2119 1014 2172 te
1036 2119 1117 2172 sunt
1139 2110 1197 2171 vel
1220 2117 1386 2170 servatae

119 2217 167 2277 vel
188 2218 368 2297 redditae,
405 2217 434 2278 is
458 2226 494 2278 te
518 2216 682 2298 profecto
708 2228 778 2280 tam
803 2218 913 2299 largis
937 2216 1081 2299 premiis
1108 2214 1314 2296 illustrabit,
1348 2223 1386 2276 ut

120 2323 263 2402 quotidie
298 2323 412 2404 magis
448 2333 702 2406 perspecturus
737 2323 785 2388 sis
818 2326 915 2387 nulla
948 2346 986 2388 re
1026 2323 1209 2386 uberiores
1248 2321 1386 2405 percipi

118 2429 242 2494 fructus
265 2452 372 2513 quam
396 2450 483 2493 vera
506 2430 639 2512 pietate
664 2441 700 2494 et
735 2431 801 2494 Dei
831 2434 950 2512 legum
986 2432 1302 2511 mandatorumque
1326 2432 1386 2492 ob·

118 2538 302 2617 servantia,
338 2557 550 2619 quamquam
588 2558 652 2600 nec
678 2558 741 2600 nos
777 2538 990 2620 ubicumque
1015 2540 1114 2601 locus
1144 2537 1247 2600 nobis
1283 2538 1386 2599 datus

118 2641 213 2706 luerit
237 2643 416 2707 nobilitati
441 2655 522 2706 tuae
547 2643 734 2708 deerimus.
772 2645 874 2708 Nunc
889 2648 985 2726 quod
1002 2644 1176 2726 reliquum
1192 2653 1255 2724 est,
1280 2664 1386 2725 quum

117 2747 204 2814 falsis
228 2763 265 2815 et
289 2750 469 2832 pestiferis
493 2750 719 2833 opinionibus
744 2752 930 2832 damnatis,
954 2752 1107 2815 hominis
1131 2751 1228 2834 impii
1244 2771 1385 2833 perver-

117 2857 191 2919 sitas
214 2870 251 2921 et
275 2858 467 2941 pertinatia
490 2858 693 2941 frangenda
718 2871 789 2940 est,
822 2862 969 2943 ipseque
994 2861 1110 2923 acrius
1136 2860 1385 2941 insequendus,

114 2972 146 3024 ut
168 2966 303 3029 nefario
328 2964 452 3029 fomite
478 2987 633 3031 errorum
660 2970 812 3048 sublato,
838 2968 897 3049 qui
919 2967 1063 3030 abducti
1084 2968 1118 3030 in
1145 2987 1292 3049 pravum
1311 2988 1385 3029 sen·

116 3090 182 3132 sum
207 3071 390 3136 Sathanae
415 3073 567 3155 perfidia
590 3083 693 3153 sunt,
718 3077 764 3137 ad
789 3074 948 3138 veritatis
972 3077 1132 3155 regulam
1157 3084 1192 3137 et
1216 3074 1310 3136 viam
1334 3094 1385 3137 re·

114 3179 290 3259 ducantur,
314 3183 497 3242 hortamur
514 3180 744 3243 Nobilitatem
769 3190 865 3244 tuam
889 3181 924 3244 in
943 3181 1096 3244 Domino
1114 3193 1149 3244 et
1168 3182 1386 3263 perviscera

115 3284 369 3349 misericordiae
396 3288 462 3349 Dei
487 3287 598 3349 nostri
624 3290 862 3369 obsecramuS,
887 3298 924 3350 ut
941 3290 1051 3351 semel
1066 3298 1266 3370 susceptam
1284 3288 1386 3350 huius

114 3392 327 3471 perniciosae
351 3394 443 3455 labis
468 3414 489 3455 a
513 3412 627 3475 grege
650 3394 807 3457 fidelium
833 3397 1098 3477 propulsandae
1134 3416 1275 3474 curam,
1308 3416 1386 3477 pro-

114 3497 259 3563 vinciam
283 3500 530 3581 actionemque
554 3501 601 3563 ad
626 3500 759 3563 exitum
785 3503 977 3582 perducas,
1000 3503 1181 3584 iustasque
1207 3502 1301 3565 omni
1326 3517 1387 3564 tua

113 3624 227 3685 opera,
254 3607 475 3687 auctoritate,
501 3606 687 3689 diligentia
711 3618 749 3669 ut
777 3608 978 3689 pestilentis
1008 3608 1160 3672 hominis
1194 3629 1386 3690 eorumque

112 3712 164 3791 qui
197 3734 278 3777 cum
309 3735 353 3777 eo
390 3714 583 3795 senserint,
623 3714 858 3796 pervicaciter
882 3714 1046 3797 impietas
1070 3718 1202 3778 nullum
1237 3715 1387 3797 amplius

112 3818 221 3882 locum
248 3819 340 3884 inter
362 3820 487 3884 fideles
513 3821 579 3883 Dei
603 3822 774 3901 inveniat,
797 3823 861 3885 sed
887 3824 943 3884 vel
960 3823 1195 3885 exterminata
1219 3844 1264 3885 ex
1289 3823 1384 3885 omni

111 3924 310 4010 Germania,
336 3930 394 3991 vel
418 3948 536 4010 paena
560 3928 710 4011 affecta,
734 3950 798 3991 suo
823 3932 989 4011 exemplo
1016 3932 1143 3992 doceat
1167 3950 1289 3993 omnes
1314 3951 1384 3992 non

112 4052 183 4095 esse
207 4054 230 4096 a
255 4056 352 4099 more
377 4035 547 4098 maiorum
564 4035 732 4099 divinitus
750 4036 922 4116 instituto,
945 4057 1011 4099 nec
1035 4058 1056 4099 a
1072 4046 1211 4118 patrum
1236 4046 1271 4099 et
1288 4058 1380 4100 sanc»

110 4149 220 4204 torum
247 4142 431 4206 doctorum
464 4143 706 4206 sanctionibus
740 4140 1035 4228 discedendum¹).
1083 4144 1161 4224 Qua
1193 4144 1292 4206 inre
1316 4144 1384 4207 No·

111 4244 226 4311 bilitas
252 4258 311 4312 tua
336 4261 371 4313 et
395 4250 430 4312 in
455 4252 625 4313 honorem
651 4251 775 4313 summi
793 4250 860 4313 Dei
885 4251 1049 4331 publicae
1068 4249 1172 4313 saluti
1197 4250 1386 4313 Christiani

110 4356 232 4435 populi
266 4358 493 4440 prospexerit
524 4367 558 4421 et
589 4367 624 4419 te
660 4357 906 4441 dignissimum
942 4358 1117 4438 nobisque
1148 4358 1386 4439 gratissimum

135 4584 158 4639 'l
176 4588 221 4636 Aa
246 4591 347 4639 breuem
366 4590 453 4638 Ducis
479 4592 611 4639 Saxom'ae
635 4592 677 4637 Iu'c
702 4591 791 4638 addita
816 4597 881 4638 arent
902 4592 967 4639 hoec
990 4593 1084 4639 verbo:
1113 4592 1208 4653 „Quod
1232 4591 1311 4639 etiam
1337 4591 1386 4639 tibi

173 4668 314 4733 aliquanto
342 4671 485 4719 studiosius
513 4669 702 4719 elaborandum
732 4678 784 4728 est,
814 4672 886 4735 quod
914 4671 939 4719 in
969 4672 1049 4719 corde
1076 4680 1104 4719 et
1132 4671 1277 4719 visceribus
1304 4678 1386 4720 status

174 4748 406 4815 dominiorumque
434 4757 552 4809 tuorum,
580 4758 606 4799 te
635 4752 755 4814 quidem,
784 4759 812 4799 ut
831 4752 961 4799 cernimus
986 4751 1083 4808 invito,
1111 4750 1162 4800 hoc
1181 4751 1257 4799 ulcus
1281 4759 1385 4801 enatum

173 4828 258 4877 latins
277 4831 303 4879 in
321 4831 462 4897 perniciem
483 4830 631 4881 catholicae
651 4831 712 4880 fidei
732 4832 855 4891 manavit,
875 4834 917 4880 cui
937 4838 964 4880 tu
984 4848 1031 4895 pro
1051 4840 1096 4880 tua
1114 4831 1240 4895 singulari
1258 4831 1387 4896 sapientia

172 4910 307 4975 imprimis
325 4912 405 4961 debes
424 4912 589 4977 providere.“
