3425 5700
835 549 893 612 043
931 554 985 613 476
1024 553 1081 614 oo

318 700 445 789 parati,
469 727 515 770 ne
539 700 617 788 quis
641 715 762 790 posset
787 727 825 769 se
849 727 1022 770 excusare
1048 715 1083 770 et
1108 703 1186 770 chel
1212 703 1427 770 cliniostrava
1456 713 1508 771 tre
1533 703 1604 783 vie,
1698 689 1699 758 i

319 817 400 876 luna
425 815 469 876 ad
498 815 731 896 Hungariam,
756 814 859 876 laltra
884 816 929 875 ad
953 815 1182 894 Moldaviam,
1208 826 1243 876 et
1268 818 1301 877 la
1325 826 1422 878 terza
1452 819 1518 879 che
1542 837 1603 877 vo-

318 924 399 984 leva
423 922 571 984 obviare
595 921 693 1003 Regi
722 920 924 1002 Gallorum,
955 925 1037 1004 qual
1071 923 1244 986 dicevano
1277 925 1343 986 che
1376 924 1502 986 veniva
1536 945 1606 1006 per
1698 993 1699 1006 ἢ

319 1049 416 1091 mare
440 1048 545 1090 verso
571 1028 890 1110 Constantinopoli.

407 1133 530 1197 Scrive
555 1137 690 1223 anchor
714 1135 779 1197 che
804 1155 892 1198 sono
918 1136 1023 1217 pochi
1048 1135 1184 1218 giomi,
1208 1137 1274 1197 che
1299 1137 1411 1198 scendo
1437 1138 1460 1198 il
1484 1138 1605 1198 Turco

317 1242 419 1305 fuora
450 1242 485 1305 in
518 1242 723 1323 Campagna
754 1243 790 1303 in
827 1258 924 1304 certo
952 1244 1085 1324 luogho
1116 1244 1214 1304 detto
1247 1242 1415 1324 Zampola
1444 1265 1465 1305 a
1497 1265 1605 1306 cazza

316 1352 382 1411 che
407 1350 435 1410 si
460 1351 541 1411 levo
565 1370 636 1411 una
660 1352 819 1430 procella
844 1351 888 1410 de
914 1369 959 1410 un
985 1359 1104 1428 tempo
1136 1369 1202 1412 con
1227 1351 1395 1432 pioggia,
1426 1364 1534 1414 vento
1565 1363 1605 1414 et

317 1467 493 1536 tempesta
519 1458 584 1516 che
609 1459 730 1517 amato
764 1476 834 1517 una
858 1475 947 1536 gran
974 1455 1195 1518 moltitudine
1230 1460 1273 1518 tle
1309 1457 1440 1520 homini
1469 1467 1504 1519 et
1533 1478 1605 1520 con
1698 1446 1699 1490 ³

315 1562 551 1643 grandissimo
578 1563 748 1642 periculo,
773 1562 846 1642 egli
871 1563 1006 1643 scappo
1031 1581 1137 1642 sopra
1153 1583 1198 1624 un
1216 1566 1354 1626 cavallo
1372 1585 1476 1627 sanza
1501 1566 1604 1642 sella,

317 1681 351 1731 et
376 1671 455 1732 chel
481 1681 653 1748 seguente
677 1670 804 1751 giorno
829 1670 967 1730 chiamo
1002 1669 1025 1730 li
1057 1669 1134 1730 suoi
1165 1670 1331 1751 hochijak
1364 1673 1423 1733 zoe
1449 1672 1540 1752 preti
1566 1684 1605 1733 et

318 1777 340 1838 li
365 1777 532 1838 dimandh
558 1776 641 1856 quid
667 1777 827 1838 dicerent
851 1778 895 1838 de
920 1776 1119 1838 huiusmodi
1145 1789 1367 1860 tempestate,
1394 1791 1428 1841 et
1452 1781 1517 1841 che
1539 1781 1603 1841 ris·

316 1904 446 1965 posero
471 1885 550 1945 chel
574 1885 838 1945 mancharebbe
864 1883 887 1945 il
919 1903 981 1945 suo
1014 1883 1162 1964 imperio
1193 1887 1324 1966 perch&
1356 1888 1390 1948 le
1421 1907 1529 1968 opere
1565 1898 1603 1948 et
1698 1867 1699 1878 ἵ

316 1991 390 2052 vita
414 2011 478 2052 soa
502 2009 610 2052 erano
636 2000 760 2052 contra
783 1991 853 2052 Dio
923 2038 1602 2058 .............
1698 2039 1699 2060 r

405 2205 537 2266 Vostra
561 2203 728 2284 Signoria
751 2203 885 2266 vedera
914 2224 980 2285 per
1013 2225 1082 2266 una
1113 2205 1216 2286 copia
1245 2208 1290 2268 de
1320 2227 1389 2267 una
1414 2208 1518 2267 lettra
1543 2209 1602 2269 del

316 2309 457 2388 Cocle0‚
475 2332 575 2373 come
600 2331 717 2374 vanno
741 2313 775 2374 le
800 2332 883 2373 cose
907 2311 942 2372 in
967 2311 1201 2374 Francfordia
1226 2324 1260 2372 et
1286 2311 1481 2392 Magantia.
1532 2314 1601 2375 Dio

315 2418 364 2499 gli
396 2429 505 2479 metta
538 2421 570 2480 la
603 2439 707 2480 mano
732 2420 798 2480 che
822 2402 1026 2499 vedo'ogni
1060 2439 1144 2480 cosa
1174 2420 1307 2480 andare
1342 2419 1375 2481 in
1410 2419 1603 2500 pricipitio‚

310 2545 381 2604 pur
404 2545 510 2605 spero
534 2527 599 2586 che
624 2526 732 2605 quelli
758 2524 916 2605 Principi
940 2526 969 2586 si
994 2525 1266 2606 svegliaranno,
1299 2535 1333 2588 et
1357 2526 1415 2607 gia
1440 2527 1601 2600 intende,

314 2634 393 2694 chel
419 2633 520 2694 Duca
544 2631 693 2714 Giorgio
719 2632 754 2693 di
779 2632 950 2711 Saxohia,
968 2631 1198 2712 Lantgravi0‚
1225 2646 1260 2694 et
1276 2632 1297 2693 il
1315 2645 1419 2694 conte
1436 2634 1601 2696 Palatino

316 2751 351 2801 et
375 2739 473 2801 molti
498 2739 576 2800 altri
603 2759 690 2800 sono
715 2739 831 2800 stretti
851 2750 885 2800 et
902 2737 984 2800 forti
1003 2739 1150 2801 insieme
1166 2759 1231 2819 per
1249 2741 1386 2820 castigo
1405 2742 1448 2801 de
1467 2741 1600 2816 villani,

314 2859 350 2908 et
374 2849 440 2910 che
466 2848 509 2908 de
535 2847 642 2929 quelli
667 2849 786 2908 hanno
810 2846 1022 2909 tumultuato
1052 2846 1087 2909 in
1112 2845 1228 2908 Misna
1245 2867 1287 2907 ne
1307 2849 1425 2909 hanno
1450 2847 1599 2910 anrazati

315 2959 359 3017 da
384 2954 543 3017 ottomila
587 3000 1598 3017 ...................
1698 3032 1699 3035 ¹

404 3169 506 3230 Circa
529 3170 563 3229 la
589 3188 672 3229 cosa
704 3167 889 3248 prutenica
914 3167 1046 3230 Vostra
1077 3166 1245 3249 Signoria
1275 3188 1340 3248 per
1373 3168 1505 3230 lultime
1535 3169 1596 3230 ha-

315 3275 399 3338 vera
434 3276 548 3336 inteso
583 3287 713 3355 quanto
750 3275 784 3335 di
823 3274 971 3335 Polonia
1007 3274 1036 3335 si
1073 3276 1164 3335 have
1201 3294 1266 3355 per
1298 3276 1527 3337 excusatione
1560 3278 1597 3337 di
1698 3312 1699 3323 2

317 3385 435 3464 quello
460 3391 754 3463 appuntament0‚
790 3392 826 3442 et
860 3382 894 3443 la
926 3380 1081 3463 risposta
1105 3379 1195 3442 satta
1219 3401 1284 3462 per
1308 3382 1330 3443 il
1358 3382 1598 3445 Reverendis-
1698 3394 1699 3420 l

314 3491 401 3553 simo
438 3488 681 3571 Santiquattro
718 3489 737 3551 ὸ
774 3490 882 3550 molto
917 3489 1094 3569 prudente
1130 3500 1163 3549 et
1193 3488 1324 3569 perche
1359 3489 1393 3551 in
1424 3490 1540 3570 quella
1565 3491 1596 3549 si

314 3596 526 3657 desiderano
565 3599 599 3658 le
639 3596 780 3678 cagioni
820 3595 886 3657 che
926 3597 972 3657 ha
1004 3615 1120 3658 mosso
1154 3597 1273 3676 quella
1303 3596 1440 3658 Maesta
1473 3620 1493 3658 a
1524 3599 1597 3657 tale

314 3702 437 3766 effetto
463 3715 497 3765 et
522 3724 588 3765 con
613 3706 646 3766 le
672 3705 769 3765 dette
794 3705 899 3764 lettre
923 3711 1015 3764 tutto
1040 3702 1069 3764 si
1094 3722 1155 3764 era
1178 3704 1303 3781 inte50,
1327 3702 1351 3764 il
1385 3702 1524 3764 Barone
1559 3714 1596 3763 et

313 3811 347 3872 io
372 3810 562 3872 habbiamo
587 3821 737 3891 pensato
762 3812 827 3871 che
852 3808 905 3870 sia
933 3811 1053 3871 buono
1088 3819 1276 3889 expettare
1309 3811 1399 3871 altro
1429 3808 1527 3871 aviso
1557 3809 1595 3869 di

313 3917 412 3979 costa
436 3937 506 3978 non
531 3916 559 3977 si
584 3918 741 3997 potendo
766 3937 830 3998 per
854 3918 942 3977 hora
966 3915 1022 3976 dir
1038 3916 1096 3995 pin
1115 3915 1151 3976 di
1167 3916 1285 3996 quello
1310 3918 1375 3977 che
1398 3918 1443 3977 ha
1472 3914 1593 3977 scritto

314 4024 387 4086 Sua
412 4022 580 4105 Signoria
603 4023 920 4085 Reverendissima
946 4032 980 4085 et
1005 4022 1028 4084 il
1061 4022 1116 4083 sar
1147 4023 1355 4103 riprendere
1391 4021 1450 4103 pili
1477 4024 1594 4103 quella
1698 4056 1699 4069 ι

315 4152 399 4193 cosa
423 4130 484 4212 gia
508 4132 674 4193 conclusa
699 4152 769 4193 non
794 4150 880 4211 pare
906 4131 971 4191 che
987 4150 1094 4211 possa
1111 4131 1220 4190 molto
1237 4128 1400 4211 giovare;
1426 4127 1454 4189 si
1471 4138 1591 4209 expet·

312 4239 387 4301 terh
411 4258 477 4319 per
501 4238 524 4299 il
549 4238 690 4299 Barone
716 4240 806 4300 altra
830 4238 1076 4299 commissione
1101 4237 1147 4298 da
1172 4232 1246 4297 Sua
1270 4234 1427 4315 Santita‚
1453 4236 1511 4297 alli
1534 4236 1592 4296 cui

313 4344 511 4407 Santissimi
536 4344 633 4426 piedi
668 4344 860 4407 humillime
897 4344 942 4406 mi
979 4344 1235 4423 raccomand0‚
1269 4352 1304 4404 et
1332 4363 1353 4403 a
1377 4342 1507 4403 Vostra
1537 4341 1591 4403 Si-

311 4452 438 4533 gnoria
462 4454 628 4533 anchora,
652 4473 743 4534 quae
768 4452 855 4514 felix
882 4454 1008 4517 valeat.

401 4560 526 4621 Budae
551 4559 683 4639 Quinta
706 4560 801 4638 Junii
824 4559 1025 4622 MDXXV.

890 4685 935 4732 Uti
955 4686 1035 4732 irater
1054 4684 1177 4731 Deditml'
1198 4681 1227 4743 Ι..
1247 4680 1327 4742 llud.
1346 4678 1483 4754 ῧΙΙΜΙ.
