3425 5700
664 551 911 614 &boib-³

145 709 213 771 bus
244 704 439 773 exercitum
472 714 574 789 parat
606 726 652 769 ex
683 726 771 784 3500
810 705 988 788 equitibus
1023 716 1059 769 et
1091 728 1208 788 12,ooo
1245 709 1426 792 peditibus

146 826 183 877 et
212 820 248 877 18
274 816 359 878 Maii
382 818 449 878 sub
464 834 617 896 vespera
643 834 792 876 cuneum
811 812 1022 877 rusticorum
1038 814 1176 878 invadit
1197 817 1234 879 in
1252 816 1429 899 Hupstein

146 933 183 985 et
208 942 294 1000 4000
319 922 430 985 ferme
458 919 636 984 interficit.
690 920 834 982 Summo
866 939 969 982 mane
1000 922 1045 982 ad
1078 922 1214 984 Zahern
1244 924 1428 986 contendit

145 1029 314 1092 distantia
337 1029 439 1093 unius
464 1026 620 1091 milliaris
645 1028 729 1108 (illic
755 1036 809 1088 est
832 1025 938 1090 Sedis
954 1027 1241 1109 Argentinensis)
1259 1030 1428 1093 Rusticos

145 1138 356 1219 aggreditur
380 1148 415 1199 et
438 1137 518 1217 plus
543 1138 629 1198 6000
653 1133 797 1207 occidit;
834 1133 961 1195 eodem
996 1135 1053 1197 die
1089 1146 1161 1199 tam
1193 1135 1429 1218 proficiscitur

146 1243 337 1323 exercitus,
362 1263 443 1306 nam
467 1254 540 1306 tres
565 1251 776 1325 supererant
793 1240 905 1321 cunei,
923 1262 968 1304 ne
984 1262 1022 1304 se
1038 1241 1227 1325 iungerent
1252 1252 1312 1306 aut
1335 1244 1428 1307 inter

145 1350 298 1432 paludes
322 1350 506 1413 vallarent.
553 1349 667 1412 Nocte
691 1367 803 1430 agens
826 1347 862 1411 in
887 1348 1070 1430 Tagstein.

239 1478 280 1519 20
303 1456 389 1519 Maii
407 1457 452 1518 ad
470 1458 650 1519 Tambach
674 1456 819 1518 festinat
843 1464 879 1518 et
902 1456 1097 1518 exercitum
1114 1457 1292 1520 instruens
1307 1468 1429 1521 contra

151 1582 258 1641 ¹9000
282 1563 490 1625 rusticorum
508 1562 638 1626 occidit
655 1583 700 1625 ex
717 1562 767 1625 eis
784 1564 864 1644 plus
880 1566 966 1624 8000
982 1563 1074 1625 inter
1089 1564 1257 1627 Taubach
1275 1576 1310 1627 et
1327 1563 1428 1629 Scro-

147 1669 288 1743 wieler;
314 1690 427 1753 prope
452 1680 529 1732 erat
553 1690 668 1752 agger
691 1670 908 1752 amplissimo
932 1669 1067 1733 fossato
1091 1672 1219 1733 timens
1235 1692 1279 1733 ne
1297 1693 1429 1736 cuneus

145 1776 359 1863 rusticorum
392 1778 451 1858 qui
484 1798 597 1858 prope
631 1775 908 1839 Selethstadium
944 1786 1020 1839 erat
1052 1798 1130 1840 eum
1161 1790 1428 1860 preoccuparet‚

146 1882 263 1945 missis
287 1883 410 1964 paucis
436 1883 612 1964 equitibus
641 1893 676 1946 et
704 1883 886 1964 peditibus
915 1903 993 1946 cum
1022 1884 1184 1946 omnibus
1213 1884 1428 1948 Bombarda-

145 1987 210 2050 riis
235 1988 306 2051 suis
331 1990 428 2052 XXI
452 1990 537 2052 Maii
569 1991 662 2053 hunc
697 1999 849 2070 occupat
883 1999 918 2053 et
946 1992 991 2052 ad
1016 1992 1256 2073 noningentos
1280 1993 1430 2063 rusticos

144 2115 214 2175 pro
248 2095 409 2159 custodia
433 2096 578 2179 aggeris
608 2096 743 2179 positos
776 2097 923 2177 occidit,
955 2107 1081 2179 postea
1112 2098 1147 2160 in
1179 2100 1267 2161 alios
1297 2121 1429 2163 cuneos

146 2202 345 2265 exercitum
384 2204 491 2266 vertit
535 2205 631 2285 apud
673 2204 926 2267 Seletsiadium
964 2216 1000 2267 et
1040 2204 1331 2289 Orterabergum.
1391 2208 1428 2271 ln

145 2328 285 2371 summa
307 2310 438 2391 ubique
462 2311 498 2373 in
523 2330 718 2392 congressu
741 2310 835 2373 ultra
866 2310 982 2374 XXII
1013 2313 1108 2376 milia
1136 2312 1344 2377 rusticorum
1374 2335 1427 2376 oc·

145 2414 236 2478 cidit
259 2428 295 2479 et
317 2419 410 2481 ultra
433 2439 499 2498 300
524 2418 713 2481 decollavit
738 2438 783 2480 ex
807 2418 968 2501 captivis.

239 2524 393 2589 Thomas
416 2526 568 2589 Mintzer
601 2527 776 2606 plebanus
811 2526 845 2587 in
877 2525 1201 2589 Franchenhausen
1231 2528 1332 2610 peior
1364 2528 1427 2591 Lu·

145 2630 263 2709 thero,
287 2632 370 2714 quia
392 2641 492 2695 tenet
515 2630 632 2695 omnia
655 2633 747 2693 mala
772 2631 936 2710 Lutheri‚
962 2645 996 2695 et
1024 2653 1102 2694 cum
1127 2634 1268 2696 videtur
1301 2636 1426 2699 deesse

147 2735 312 2818 Zuinglio
337 2748 446 2820 negat
470 2738 609 2820 Corpus
633 2738 763 2801 Christi
787 2758 910 2801 verum
934 2760 1012 2801 esse
1036 2739 1071 2801 in
1094 2741 1228 2812 hostia:
1254 2742 1309 2804 hic
1339 2743 1429 2805 Thu-

146 2843 273 2926 ringos
303 2847 348 2908 ad
378 2846 609 2910 rebellionem
640 2855 759 2928 parat,
795 2859 1028 2927 concurrunt,
1064 2868 1164 2910 arces
1200 2848 1358 2929 capiunt,
1394 2861 1430 2912 et

147 2953 366 3016 monasteria
381 2973 422 3015 ac
439 2953 628 3034 EcclesiaS‚
653 2964 688 3016 et
706 2953 823 3015 omnia
840 2952 1020 3035 diripiunt.
1067 2954 1166 3016 Haec
1191 2955 1333 3037 incepta
1357 2956 1429 3019 fue·

145 3069 233 3122 runt
256 3059 444 3124 Friderico
469 3059 651 3123 Saxoniae
667 3061 768 3123 Duce
792 3061 886 3138 vivo,
911 3061 969 3142 qui
993 3060 1183 3124 miserabili
1209 3065 1332 3124 morbo
1357 3084 1429 3125 cor-

146 3176 284 3248 reptus,
309 3168 392 3229 dum
416 3166 611 3230 exercitum
639 3167 674 3230 in
699 3167 850 3230 rusticos
875 3167 995 3249 colligi
1029 3168 1143 3248 iubet,
1185 3169 1332 3231 moritur
1382 3190 1429 3235 12.

145 3271 247 3336 Maii.
273 3273 372 3336 Tunc
396 3275 508 3337 frater
524 3276 607 3337 Dux
623 3275 779 3352 Joennes
795 3271 987 3354 Saxoniae‚
1011 3275 1093 3336 Dux
1109 3274 1287 3357 Georgius
1304 3275 1428 3338 Catho-

146 3379 239 3443 licus
263 3379 444 3445 Saxoniae
469 3381 651 3463 Princeps
668 3381 809 3460 Ericho,
825 3379 909 3442 Dux
926 3381 1216 3461 Brunswicensis,
1240 3391 1276 3444 et
1301 3382 1417 3465 Philip

145 3506 218 3568 pus
253 3488 492 3570 Lantgravius
527 3487 686 3552 Hassiae.
747 3488 930 3567 10..Maii,
957 3507 1073 3570 prope
1106 3487 1429 3551 Franckenhausen

146 3593 372 3676 Thuringiae
397 3596 568 3678 oppidum
592 3598 742 3658 rusticos
766 3595 955 3675 invadunt,
989 3607 1026 3658 et
1062 3595 1231 3678 oppidum
1267 3597 1429 3678 capiunt;

149 3701 346 3766 desiderati
370 3713 452 3766 sunt
474 3703 595 3767 rustici
622 3721 718 3781 7000,
742 3702 883 3784 plurimi
908 3703 1013 3784 capti,
1041 3713 1167 3784 captus
1200 3715 1254 3765 est
1281 3714 1318 3766 et
1340 3703 1429 3765 Tho·

146 3831 226 3873 mas
249 3809 401 3872 Mintzer
424 3831 445 3872 a
469 3809 579 3873 nobili
598 3810 723 3889 Hess0,
745 3809 804 3891 qui
822 3820 960 3872 assatus
974 3799 1182 3872 mirabiliter
1196 3808 1429 3888 excruciatus

146 3929 233 4000 post
256 3897 367 3980 multa
390 3927 580 3997 tormenta,
604 3927 763 3979 mortuus
792 3924 855 3996 est,
889 3935 1054 3978 reversus
1088 3924 1207 3978 tamen
1236 3917 1282 3978 ad
1311 3916 1430 3979 Eccle-

148 4023 256 4105 siam,
283 4037 319 4088 et
343 4045 465 4088 omnes
494 4045 635 4087 errores
664 4043 853 4102 revocans,
889 4031 925 4085 et
959 4021 1112 4085 Sanctos
1146 4022 1214 4085 Dei
1248 4022 1429 4086 invocans.

122 4129 286 4213 ‘Captus
311 4141 347 4194 et
370 4130 460 4194 alius
485 4131 653 4194 sacerdos
677 4129 899 4192 Lutheranus
924 4149 1002 4191 cum
1026 4128 1213 4209 capitaneo
1229 4139 1265 4191 et
1278 4131 1429 4209 rusticis,

148 4259 301 4319 quorum
325 4237 530 4300 mulieribus
555 4237 729 4326 promissa
757 4248 811 4298 est
834 4235 990 4298 virorum
1013 4235 1188 4315 liberatio,
1215 4233 1245 4297 si
1269 4255 1347 4299 oum
1371 4239 1431 4299 ba-

148 4347 241 4409 culis
265 4347 490 4409 sacerdotem
516 4356 551 4407 et
575 4343 807 4425 Capitaneum
839 4351 1022 4413 necarent;
1053 4342 1148 4422 quod
1171 4341 1254 4403 illae
1281 4341 1432 4425 impigre

148 4463 327 4517 executae
352 4443 442 4532 sunt,
469 4461 504 4514 et
527 4451 622 4514 viros
656 4471 738 4514 suos
769 4450 922 4530 adeptae
985 4449 1068 4510 Dux
1099 4449 1256 4528 Joennes
1287 4448 1322 4511 in
1353 4469 1430 4531 gra-

148 4559 237 4623 tiam
276 4570 425 4642 recepto
456 4558 640 4622 Risenach
672 4557 824 4640 oppido,
855 4555 1048 4618 Doctorem
1079 4555 1252 4634 Jacobum
1289 4553 1432 4619 Strausz

148 4678 236 4732 ante
260 4667 398 4748 aliquot
420 4685 533 4728 annos
565 4668 610 4726 ab
636 4664 837 4727 Archiduce
869 4662 1096 4725 Ferdinando
1133 4662 1247 4738 Hallis
1275 4665 1322 4725 oh
1355 4683 1431 4744 per·

145 4775 271 4838 fidiam
296 4773 535 4836 Lutheranam
559 4773 746 4852 expulsum
770 4790 848 4833 cum
873 4770 951 4832 aliis
978 4780 1115 4850 septem
1143 4769 1279 4833 civibus
1315 4771 1430 4852 captis

150 4879 326 4946 decollari
360 4879 456 4942 fecit.
495 4877 768 4941 Commoverant
812 4875 1022 4939 seditionem
1063 4876 1204 4939 Rustici
1246 4877 1351 4940 etiam
1395 4877 1430 4945 in
